{
  "ticker": "LHG",
  "data": [
    {
      "quarter": "Q4 2016",
      "income status": {
        "Net sales": 300453,
        "Cost of goods sold": 124668,
        "Gross Profit": 175785,
        "Financial expenses": 1660,
        "Of which: Interest expense": 1660,
        "Cost of sales": 8991,
        "Enterprise cost management": 44789,
        "Total Operating Expenses": 55440,
        "Total revenue financing activities": 4566,
        "Net profit from business activities": 124912,
        "Profit": 647,
        "Profit before tax": 125559,
        "Present corporate income tax expenses": "N/A",
        "Deferred income taxes expenses": 23828,
        "The interests of minority shareholders": "N/A",
        "Total Cost of profits": 23828,
        "Profit after tax corporate income": 101731,
        "Volume": 26068133,
        "Close of Quarter": 16.9,
        "EPS": 6200,
        "Non-adjusted EPS": 6200,
        "PE": 2.7,
        "Book Price": 25.2
      }
    },
    {
      "quarter": "Q3 2016",
      "income status": {
        "Net sales": 72440,
        "Cost of goods sold": 31950,
        "Gross Profit": 40490,
        "Financial expenses": 2772,
        "Of which: Interest expense": 1529,
        "Cost of sales": 2640,
        "Enterprise cost management": 9842,
        "Total Operating Expenses": 15254,
        "Total revenue financing activities": 388,
        "Net profit from business activities": 25625,
        "Profit": 603,
        "Profit before tax": 26228,
        "Present corporate income tax expenses": "N/A",
        "Deferred income taxes expenses": 5065,
        "The interests of minority shareholders": "N/A",
        "Total Cost of profits": 5065,
        "Profit after tax corporate income": 21162,
        "Volume": 26068133,
        "Close of Quarter": 24.7,
        "EPS": 3784,
        "Non-adjusted EPS": 3784,
        "PE": 6.5,
        "Book Price": 26.8
      }
    },
    {
      "quarter": "Q2 2016",
      "income status": {
        "Net sales": 69324,
        "Cost of goods sold": 36942,
        "Gross Profit": 32382,
        "Financial expenses": 2036,
        "Of which: Interest expense": 2009,
        "Cost of sales": 2893,
        "Enterprise cost management": 11789,
        "Total Operating Expenses": 16718,
        "Total revenue financing activities": 2824,
        "Net profit from business activities": 18488,
        "Profit": 545,
        "Profit before tax": 19033,
        "Present corporate income tax expenses": "N/A",
        "Deferred income taxes expenses": 649,
        "The interests of minority shareholders": "N/A",
        "Total Cost of profits": 649,
        "Profit after tax corporate income": 18385,
        "Volume": 26068133,
        "Close of Quarter": 22.2,
        "EPS": 3157,
        "Non-adjusted EPS": 3157,
        "PE": 7.0,
        "Book Price": 26
      }
    },
    {
      "quarter": "Q1 2016",
      "income status": {
        "Net sales": 38008,
        "Cost of goods sold": 18445,
        "Gross Profit": 19563,
        "Financial expenses": 2410,
        "Of which: Interest expense": 2378,
        "Cost of sales": 587,
        "Enterprise cost management": 7370,
        "Total Operating Expenses": 10367,
        "Total revenue financing activities": 11206,
        "Net profit from business activities": 20402,
        "Profit": 1152,
        "Profit before tax": 21554,
        "Present corporate income tax expenses": "N/A",
        "Deferred income taxes expenses": 1217,
        "The interests of minority shareholders": "N/A",
        "Total Cost of profits": 1217,
        "Profit after tax corporate income": 20337,
        "Volume": 26068133,
        "Close of Quarter": 23,
        "EPS": 3421,
        "Non-adjusted EPS": 3421,
        "PE": 6.7,
        "Book Price": 25.3
      }
    },
    {
      "quarter": "Q4 2015",
      "income status": {
        "Net sales": 168152,
        "Cost of goods sold": 81971,
        "Gross Profit": 86180,
        "Financial expenses": 7393,
        "Of which: Interest expense": 4395,
        "Cost of sales": 7044,
        "Enterprise cost management": 11935,
        "Total Operating Expenses": 26372,
        "Total revenue financing activities": -70,
        "Net profit from business activities": 59739,
        "Profit": 8,
        "Profit before tax": 59746,
        "Present corporate income tax expenses": 2542,
        "Deferred income taxes expenses": 18438,
        "The interests of minority shareholders": "N/A",
        "Total Cost of profits": 20980,
        "Profit after tax corporate income": 38766,
        "Volume": 26068133,
        "Close of Quarter": 15.0,
        "EPS": 2660,
        "Non-adjusted EPS": 2660,
        "PE": 5.7,
        "Book Price": 26.2
      }
    },
    {
      "quarter": "Q3 2015",
      "income status": {
        "Net sales": 31641,
        "Cost of goods sold": 18909,
        "Gross Profit": 12732,
        "Financial expenses": 4135,
        "Of which: Interest expense": 3722,
        "Cost of sales": 1037,
        "Enterprise cost management": 7352,
        "Total Operating Expenses": 12524,
        "Total revenue financing activities": 4679,
        "Net profit from business activities": 4886,
        "Profit": 84,
        "Profit before tax": 4970,
        "Present corporate income tax expenses": "N/A",
        "Deferred income taxes expenses": 172,
        "The interests of minority shareholders": "N/A",
        "Total Cost of profits": 172,
        "Profit after tax corporate income": 4798,
        "Volume": 26068133,
        "Close of Quarter": 11.3,
        "EPS": 2408,
        "Non-adjusted EPS": 2408,
        "PE": 4.7,
        "Book Price": 24.7
      }
    },
    {
      "quarter": "Q2 2015",
      "income status": {
        "Net sales": 115324,
        "Cost of goods sold": 65504,
        "Gross Profit": 49820,
        "Financial expenses": 4508,
        "Of which: Interest expense": 3688,
        "Cost of sales": 2250,
        "Enterprise cost management": 13903,
        "Total Operating Expenses": 20661,
        "Total revenue financing activities": 1337,
        "Net profit from business activities": 30496,
        "Profit": 915,
        "Profit before tax": 31411,
        "Present corporate income tax expenses": 6551,
        "Deferred income taxes expenses": -420,
        "The interests of minority shareholders": "N/A",
        "Total Cost of profits": 6131,
        "Profit after tax corporate income": 25279,
        "Volume": 26068133,
        "Close of Quarter": 11.1,
        "EPS": 2778,
        "Non-adjusted EPS": 2778,
        "PE": 4.0,
        "Book Price": 24.6
      }
    },
    {
      "quarter": "Q1 2015",
      "income status": {
        "Net sales": 27359,
        "Cost of goods sold": 13968,
        "Gross Profit": 13391,
        "Financial expenses": 5204,
        "Of which: Interest expense": 5197,
        "Cost of sales": 390,
        "Enterprise cost management": 6923,
        "Total Operating Expenses": 12517,
        "Total revenue financing activities": 537,
        "Net profit from business activities": 1411,
        "Profit": -481,
        "Profit before tax": 930,
        "Present corporate income tax expenses": "N/A",
        "Deferred income taxes expenses": 420,
        "The interests of minority shareholders": "N/A",
        "Total Cost of profits": 420,
        "Profit after tax corporate income": 511,
        "Volume": 26068133,
        "Close of Quarter": 11.1,
        "EPS": 2206,
        "Non-adjusted EPS": 2206,
        "PE": 5.0,
        "Book Price": 24.5
      }
    },
    {
      "quarter": "Q4 2014",
      "income status": {
        "Net sales": 173536,
        "Cost of goods sold": 86059,
        "Gross Profit": 87477,
        "Financial expenses": 32061,
        "Of which: Interest expense": 6403,
        "Cost of sales": 5032,
        "Enterprise cost management": 10463,
        "Total Operating Expenses": 47556,
        "Total revenue financing activities": 2618,
        "Net profit from business activities": 42539,
        "Profit": 1907,
        "Profit before tax": 44446,
        "Present corporate income tax expenses": "N/A",
        "Deferred income taxes expenses": 12262,
        "The interests of minority shareholders": "N/A",
        "Total Cost of profits": 12262,
        "Profit after tax corporate income": 32183,
        "Volume": 26068133,
        "Close of Quarter": 9.2,
        "EPS": 965,
        "Non-adjusted EPS": 965,
        "PE": 9.5,
        "Book Price": 24.5
      }
    },
    {
      "quarter": "Q3 2014",
      "income status": {
        "Net sales": 56211,
        "Cost of goods sold": 23594,
        "Gross Profit": 32618,
        "Financial expenses": 6582,
        "Of which: Interest expense": 4582,
        "Cost of sales": 2179,
        "Enterprise cost management": 6666,
        "Total Operating Expenses": 15427,
        "Total revenue financing activities": 428,
        "Net profit from business activities": 17619,
        "Profit": 210,
        "Profit before tax": 17829,
        "Present corporate income tax expenses": "N/A",
        "Deferred income taxes expenses": 3388,
        "The interests of minority shareholders": "N/A",
        "Total Cost of profits": 3388,
        "Profit after tax corporate income": 14441,
        "Volume": 26068133,
        "Close of Quarter": 6.4,
        "EPS": 114,
        "Non-adjusted EPS": 114,
        "PE": 55.7,
        "Book Price": 23.2
      }
    },
    {
      "quarter": "Q2 2014",
      "income status": {
        "Net sales": 48213,
        "Cost of goods sold": 20880,
        "Gross Profit": 27332,
        "Financial expenses": 8093,
        "Of which: Interest expense": 7793,
        "Cost of sales": 1044,
        "Enterprise cost management": 8171,
        "Total Operating Expenses": 17308,
        "Total revenue financing activities": 3930,
        "Net profit from business activities": 13955,
        "Profit": -40,
        "Profit before tax": 13915,
        "Present corporate income tax expenses": "N/A",
        "Deferred income taxes expenses": 3531,
        "The interests of minority shareholders": "N/A",
        "Total Cost of profits": 3531,
        "Profit after tax corporate income": 10384,
        "Volume": 26068133,
        "Close of Quarter": 7.0,
        "EPS": -877,
        "Non-adjusted EPS": -877,
        "PE": -8.0,
        "Book Price": 22.7
      }
    },
    {
      "quarter": "Q1 2014",
      "income status": {
        "Net sales": 34777,
        "Cost of goods sold": 15629,
        "Gross Profit": 19148,
        "Financial expenses": 42970,
        "Of which: Interest expense": 9548,
        "Cost of sales": 664,
        "Enterprise cost management": 7092,
        "Total Operating Expenses": 50726,
        "Total revenue financing activities": 1727,
        "Net profit from business activities": -29851,
        "Profit": 661,
        "Profit before tax": -29190,
        "Present corporate income tax expenses": "N/A",
        "Deferred income taxes expenses": 2650,
        "The interests of minority shareholders": "N/A",
        "Total Cost of profits": 2650,
        "Profit after tax corporate income": -31840,
        "Volume": 26068133,
        "Close of Quarter": 8.4,
        "EPS": -811,
        "Non-adjusted EPS": -811,
        "PE": -10.3,
        "Book Price": 23.5
      }
    },
    {
      "quarter": "Q4 2013",
      "income status": {
        "Net sales": 79369,
        "Cost of goods sold": 31580,
        "Gross Profit": 47789,
        "Financial expenses": 14551,
        "Of which: Interest expense": 12956,
        "Cost of sales": 3830,
        "Enterprise cost management": 9864,
        "Total Operating Expenses": 28245,
        "Total revenue financing activities": 943,
        "Net profit from business activities": 20485,
        "Profit": -1144,
        "Profit before tax": 19341,
        "Present corporate income tax expenses": 174,
        "Deferred income taxes expenses": 9174,
        "The interests of minority shareholders": "N/A",
        "Total Cost of profits": 9348,
        "Profit after tax corporate income": 9992,
        "Volume": 26068133,
        "Close of Quarter": 6.8,
        "EPS": 939,
        "Non-adjusted EPS": 939,
        "PE": 7.3,
        "Book Price": 24.7
      }
    },
    {
      "quarter": "Q3 2013",
      "income status": {
        "Net sales": 32342,
        "Cost of goods sold": 16756,
        "Gross Profit": 15585,
        "Financial expenses": 17368,
        "Of which: Interest expense": 11991,
        "Cost of sales": 312,
        "Enterprise cost management": 8710,
        "Total Operating Expenses": 26390,
        "Total revenue financing activities": 1525,
        "Net profit from business activities": -9280,
        "Profit": 2503,
        "Profit before tax": -6777,
        "Present corporate income tax expenses": 2662,
        "Deferred income taxes expenses": 1960,
        "The interests of minority shareholders": "N/A",
        "Total Cost of profits": 4622,
        "Profit after tax corporate income": -11399,
        "Volume": 26068133,
        "Close of Quarter": 5.3,
        "EPS": 1908,
        "Non-adjusted EPS": 1908,
        "PE": 2.8,
        "Book Price": 24.3
      }
    },
    {
      "quarter": "Q2 2013",
      "income status": {
        "Net sales": 73490,
        "Cost of goods sold": 32360,
        "Gross Profit": 41130,
        "Financial expenses": 19512,
        "Of which: Interest expense": 18383,
        "Cost of sales": 1532,
        "Enterprise cost management": 7799,
        "Total Operating Expenses": 28843,
        "Total revenue financing activities": 4726,
        "Net profit from business activities": 17013,
        "Profit": 694,
        "Profit before tax": 17707,
        "Present corporate income tax expenses": -534,
        "Deferred income taxes expenses": 6126,
        "The interests of minority shareholders": "N/A",
        "Total Cost of profits": 5592,
        "Profit after tax corporate income": 12115,
        "Volume": 26068133,
        "Close of Quarter": 7.0,
        "EPS": 2618,
        "Non-adjusted EPS": 2618,
        "PE": 2.7,
        "Book Price": 24.7
      }
    },
    {
      "quarter": "Q1 2013",
      "income status": {
        "Net sales": 55335,
        "Cost of goods sold": 17630,
        "Gross Profit": 37705,
        "Financial expenses": 9675,
        "Of which: Interest expense": 8274,
        "Cost of sales": 2455,
        "Enterprise cost management": 7852,
        "Total Operating Expenses": 19982,
        "Total revenue financing activities": 2686,
        "Net profit from business activities": 20409,
        "Profit": 58,
        "Profit before tax": 20467,
        "Present corporate income tax expenses": 534,
        "Deferred income taxes expenses": 6175,
        "The interests of minority shareholders": "N/A",
        "Total Cost of profits": 6709,
        "Profit after tax corporate income": 13758,
        "Volume": 26068133,
        "Close of Quarter": 8.5,
        "EPS": 3170,
        "Non-adjusted EPS": 3170,
        "PE": 2.7,
        "Book Price": 24.8
      }
    },
    {
      "quarter": "Q4 2012",
      "income status": {
        "Net sales": 28657,
        "Cost of goods sold": -11705,
        "Gross Profit": 40362,
        "Financial expenses": 14367,
        "Of which: Interest expense": 13986,
        "Cost of sales": 9082,
        "Enterprise cost management": 8327,
        "Total Operating Expenses": 31776,
        "Total revenue financing activities": 29365,
        "Net profit from business activities": 37952,
        "Profit": 80,
        "Profit before tax": 38032,
        "Present corporate income tax expenses": 2092,
        "Deferred income taxes expenses": 668,
        "The interests of minority shareholders": "N/A",
        "Total Cost of profits": 2760,
        "Profit after tax corporate income": 35272,
        "Volume": 26068133,
        "Close of Quarter": 9.1,
        "EPS": 1935,
        "Non-adjusted EPS": 1935,
        "PE": 4.7,
        "Book Price": 24.2
      }
    },
    {
      "quarter": "Q3 2012",
      "income status": {
        "Net sales": 60684,
        "Cost of goods sold": 30724,
        "Gross Profit": 29960,
        "Financial expenses": 13845,
        "Of which: Interest expense": 11966,
        "Cost of sales": 8228,
        "Enterprise cost management": 7113,
        "Total Operating Expenses": 29186,
        "Total revenue financing activities": 3749,
        "Net profit from business activities": 4523,
        "Profit": 5017,
        "Profit before tax": 9539,
        "Present corporate income tax expenses": 969,
        "Deferred income taxes expenses": 1474,
        "The interests of minority shareholders": "N/A",
        "Total Cost of profits": 2443,
        "Profit after tax corporate income": 7097,
        "Volume": 26068133,
        "Close of Quarter": 9.8,
        "EPS": 2274,
        "Non-adjusted EPS": 2274,
        "PE": 4.3,
        "Book Price": 22.8
      }
    },
    {
      "quarter": "Q2 2012",
      "income status": {
        "Net sales": 168169,
        "Cost of goods sold": 103715,
        "Gross Profit": 64454,
        "Financial expenses": 18375,
        "Of which: Interest expense": 17450,
        "Cost of sales": 5361,
        "Enterprise cost management": 7068,
        "Total Operating Expenses": 30804,
        "Total revenue financing activities": 1696,
        "Net profit from business activities": 35347,
        "Profit": 1906,
        "Profit before tax": 37253,
        "Present corporate income tax expenses": "N/A",
        "Deferred income taxes expenses": 10733,
        "The interests of minority shareholders": "N/A",
        "Total Cost of profits": 10733,
        "Profit after tax corporate income": 26520,
        "Volume": 19985506,
        "Close of Quarter": 10.3,
        "EPS": 2348.3,
        "Non-adjusted EPS": 3063,
        "PE": 3.4,
        "Book Price": 22.9
      }
    },
    {
      "quarter": "Q1 2012",
      "income status": {
        "Net sales": 1022,
        "Cost of goods sold": -2198,
        "Gross Profit": 3220,
        "Financial expenses": 13279,
        "Of which: Interest expense": 13203,
        "Cost of sales": 5827,
        "Enterprise cost management": 7878,
        "Total Operating Expenses": 26984,
        "Total revenue financing activities": 3341,
        "Net profit from business activities": -20423,
        "Profit": 210,
        "Profit before tax": -20213,
        "Present corporate income tax expenses": 647,
        "Deferred income taxes expenses": -2423,
        "The interests of minority shareholders": "N/A",
        "Total Cost of profits": -1776,
        "Profit after tax corporate income": -18437,
        "Volume": 19985506,
        "Close of Quarter": 10.3,
        "EPS": 2103.0,
        "Non-adjusted EPS": 2743,
        "PE": 3.8,
        "Book Price": 22.2
      }
    },
    {
      "quarter": "Q4 2011",
      "income status": {
        "Net sales": 176199,
        "Cost of goods sold": 74716,
        "Gross Profit": 101483,
        "Financial expenses": 28512,
        "Of which: Interest expense": 22770,
        "Cost of sales": 8900,
        "Enterprise cost management": 9492,
        "Total Operating Expenses": 46904,
        "Total revenue financing activities": 10958,
        "Net profit from business activities": 65538,
        "Profit": 583,
        "Profit before tax": 66121,
        "Present corporate income tax expenses": 3375,
        "Deferred income taxes expenses": 18656,
        "The interests of minority shareholders": "N/A",
        "Total Cost of profits": 22031,
        "Profit after tax corporate income": 44089,
        "Volume": 19985506,
        "Close of Quarter": 9.5,
        "EPS": 3430.1,
        "Non-adjusted EPS": 4474,
        "PE": 2.1,
        "Book Price": 23.5
      }
    },
    {
      "quarter": "Q3 2011",
      "income status": {
        "Net sales": 70528,
        "Cost of goods sold": 43540,
        "Gross Profit": 26988,
        "Financial expenses": 5365,
        "Of which: Interest expense": -5365,
        "Cost of sales": 5761,
        "Enterprise cost management": 10482,
        "Total Operating Expenses": 21608,
        "Total revenue financing activities": 3135,
        "Net profit from business activities": 8515,
        "Profit": 631,
        "Profit before tax": 9145,
        "Present corporate income tax expenses": "N/A",
        "Deferred income taxes expenses": 97,
        "The interests of minority shareholders": "N/A",
        "Total Cost of profits": 97,
        "Profit after tax corporate income": 9048,
        "Volume": 19985506,
        "Close of Quarter": 19.2,
        "EPS": 6381.7,
        "Non-adjusted EPS": 8324,
        "PE": 2.3,
        "Book Price": 21.1
      }
    },
    {
      "quarter": "Q2 2011",
      "income status": {
        "Net sales": 71240,
        "Cost of goods sold": 30878,
        "Gross Profit": 40362,
        "Financial expenses": 12277,
        "Of which: Interest expense": 5730,
        "Cost of sales": 8959,
        "Enterprise cost management": 9816,
        "Total Operating Expenses": 31052,
        "Total revenue financing activities": 21993,
        "Net profit from business activities": 31303,
        "Profit": 846,
        "Profit before tax": 32150,
        "Present corporate income tax expenses": 1548,
        "Deferred income taxes expenses": 10478,
        "The interests of minority shareholders": "N/A",
        "Total Cost of profits": 12026,
        "Profit after tax corporate income": 20125,
        "Volume": 19985506,
        "Close of Quarter": 15.7,
        "EPS": 6103.4,
        "Non-adjusted EPS": 7961,
        "PE": 2.0,
        "Book Price": 21.3
      }
    },
    {
      "quarter": "Q1 2011",
      "income status": {
        "Net sales": 60429,
        "Cost of goods sold": 22840,
        "Gross Profit": 37589,
        "Financial expenses": 8341,
        "Of which: Interest expense": 7739,
        "Cost of sales": 2452,
        "Enterprise cost management": 9735,
        "Total Operating Expenses": 20528,
        "Total revenue financing activities": 5768,
        "Net profit from business activities": 22828,
        "Profit": 338,
        "Profit before tax": 23165,
        "Present corporate income tax expenses": "N/A",
        "Deferred income taxes expenses": 7016,
        "The interests of minority shareholders": "N/A",
        "Total Cost of profits": 7016,
        "Profit after tax corporate income": 16149,
        "Volume": 19985506,
        "Close of Quarter": 19.0,
        "EPS": 6504.4,
        "Non-adjusted EPS": 8484,
        "PE": 2.2,
        "Book Price": 21.5
      }
    }
  ]
}