{
  "ticker": "L10",
  "data": [
    {
      "quarter": "Q4 2016",
      "income status": {
        "Net sales": 142018,
        "Cost of goods sold": 113105,
        "Gross Profit": 28913,
        "Financial expenses": 5882,
        "Of which: Interest expense": 5882,
        "Cost of sales": "N/A",
        "Enterprise cost management": 21370,
        "Total Operating Expenses": 27252,
        "Total revenue financing activities": 112,
        "Net profit from business activities": 1773,
        "Profit": 4083,
        "Profit before tax": 5856,
        "Present corporate income tax expenses": 1106,
        "Deferred income taxes expenses": "N/A",
        "The interests of minority shareholders": "N/A",
        "Total Cost of profits": 1106,
        "Profit after tax corporate income": 4750,
        "Volume": 9790000,
        "Close of Quarter": 13.8,
        "EPS": 3356,
        "Non-adjusted EPS": 3356,
        "PE": 4.1,
        "Book Price": 23.3
      }
    },
    {
      "quarter": "Q3 2016",
      "income status": {
        "Net sales": 396575,
        "Cost of goods sold": 378056,
        "Gross Profit": 18519,
        "Financial expenses": 5788,
        "Of which: Interest expense": 5788,
        "Cost of sales": "N/A",
        "Enterprise cost management": 6267,
        "Total Operating Expenses": 12055,
        "Total revenue financing activities": 150,
        "Net profit from business activities": 6613,
        "Profit": 4793,
        "Profit before tax": 11406,
        "Present corporate income tax expenses": 2323,
        "Deferred income taxes expenses": "N/A",
        "The interests of minority shareholders": "N/A",
        "Total Cost of profits": 2323,
        "Profit after tax corporate income": 9083,
        "Volume": 9790000,
        "Close of Quarter": 13.3,
        "EPS": 3342,
        "Non-adjusted EPS": 3342,
        "PE": 4.0,
        "Book Price": 22.8
      }
    },
    {
      "quarter": "Q2 2016",
      "income status": {
        "Net sales": 415967,
        "Cost of goods sold": 391960,
        "Gross Profit": 24007,
        "Financial expenses": 8857,
        "Of which: Interest expense": -20644,
        "Cost of sales": "N/A",
        "Enterprise cost management": 6055,
        "Total Operating Expenses": 14912,
        "Total revenue financing activities": 107,
        "Net profit from business activities": 9203,
        "Profit": 3746,
        "Profit before tax": 12949,
        "Present corporate income tax expenses": 2811,
        "Deferred income taxes expenses": "N/A",
        "The interests of minority shareholders": "N/A",
        "Total Cost of profits": 2811,
        "Profit after tax corporate income": 10138,
        "Volume": 8900000,
        "Close of Quarter": 13.7,
        "EPS": 3320,
        "Non-adjusted EPS": 3652,
        "PE": 3.8,
        "Book Price": 22.2
      }
    },
    {
      "quarter": "Q1 2016",
      "income status": {
        "Net sales": 292451,
        "Cost of goods sold": 273245,
        "Gross Profit": 19206,
        "Financial expenses": 6177,
        "Of which: Interest expense": 6177,
        "Cost of sales": "N/A",
        "Enterprise cost management": 6198,
        "Total Operating Expenses": 12375,
        "Total revenue financing activities": 75,
        "Net profit from business activities": 6906,
        "Profit": 4223,
        "Profit before tax": 11129,
        "Present corporate income tax expenses": 2247,
        "Deferred income taxes expenses": "N/A",
        "The interests of minority shareholders": "N/A",
        "Total Cost of profits": 2247,
        "Profit after tax corporate income": 8883,
        "Volume": 8900000,
        "Close of Quarter": 13.4,
        "EPS": 3137.3,
        "Non-adjusted EPS": 3451,
        "PE": 3.9,
        "Book Price": 21.6
      }
    },
    {
      "quarter": "Q4 2015",
      "income status": {
        "Net sales": 287711,
        "Cost of goods sold": 272561,
        "Gross Profit": 15150,
        "Financial expenses": 7351,
        "Of which: Interest expense": 6999,
        "Cost of sales": "N/A",
        "Enterprise cost management": 7459,
        "Total Operating Expenses": 14810,
        "Total revenue financing activities": 1176,
        "Net profit from business activities": 1517,
        "Profit": 4511,
        "Profit before tax": 6028,
        "Present corporate income tax expenses": 1416,
        "Deferred income taxes expenses": "N/A",
        "The interests of minority shareholders": "N/A",
        "Total Cost of profits": 1416,
        "Profit after tax corporate income": 4611,
        "Volume": 8900000,
        "Close of Quarter": 13.1,
        "EPS": 3105.5,
        "Non-adjusted EPS": 3416,
        "PE": 3.8,
        "Book Price": 20.7
      }
    },
    {
      "quarter": "Q3 2015",
      "income status": {
        "Net sales": 276340,
        "Cost of goods sold": 257141,
        "Gross Profit": 19199,
        "Financial expenses": 5923,
        "Of which: Interest expense": 5923,
        "Cost of sales": "N/A",
        "Enterprise cost management": 6296,
        "Total Operating Expenses": 12219,
        "Total revenue financing activities": 96,
        "Net profit from business activities": 7075,
        "Profit": 4303,
        "Profit before tax": 11378,
        "Present corporate income tax expenses": 2503,
        "Deferred income taxes expenses": "N/A",
        "The interests of minority shareholders": "N/A",
        "Total Cost of profits": 2503,
        "Profit after tax corporate income": 8875,
        "Volume": 8900000,
        "Close of Quarter": 12.3,
        "EPS": 3082.7,
        "Non-adjusted EPS": 3391,
        "PE": 3.6,
        "Book Price": 20.3
      }
    },
    {
      "quarter": "Q2 2015",
      "income status": {
        "Net sales": 316050,
        "Cost of goods sold": 297509,
        "Gross Profit": 18541,
        "Financial expenses": 6923,
        "Of which: Interest expense": 6874,
        "Cost of sales": "N/A",
        "Enterprise cost management": 6068,
        "Total Operating Expenses": 12991,
        "Total revenue financing activities": 972,
        "Net profit from business activities": 6523,
        "Profit": 4075,
        "Profit before tax": 10598,
        "Present corporate income tax expenses": 2254,
        "Deferred income taxes expenses": "N/A",
        "The interests of minority shareholders": "N/A",
        "Total Cost of profits": 2254,
        "Profit after tax corporate income": 8344,
        "Volume": 8900000,
        "Close of Quarter": 12.5,
        "EPS": 2791.8,
        "Non-adjusted EPS": 3071,
        "PE": 4.1,
        "Book Price": 19.4
      }
    },
    {
      "quarter": "Q1 2015",
      "income status": {
        "Net sales": 330207,
        "Cost of goods sold": 311037,
        "Gross Profit": 19170,
        "Financial expenses": 5860,
        "Of which: Interest expense": 5860,
        "Cost of sales": "N/A",
        "Enterprise cost management": 6217,
        "Total Operating Expenses": 12077,
        "Total revenue financing activities": 113,
        "Net profit from business activities": 7207,
        "Profit": 3799,
        "Profit before tax": 11006,
        "Present corporate income tax expenses": 2431,
        "Deferred income taxes expenses": "N/A",
        "The interests of minority shareholders": "N/A",
        "Total Cost of profits": 2431,
        "Profit after tax corporate income": 8575,
        "Volume": 8900000,
        "Close of Quarter": 11.7,
        "EPS": 2758.2,
        "Non-adjusted EPS": 3034,
        "PE": 3.9,
        "Book Price": 20
      }
    },
    {
      "quarter": "Q4 2014",
      "income status": {
        "Net sales": 184332,
        "Cost of goods sold": 167118,
        "Gross Profit": 17214,
        "Financial expenses": 8180,
        "Of which: Interest expense": 8180,
        "Cost of sales": "N/A",
        "Enterprise cost management": 7313,
        "Total Operating Expenses": 15493,
        "Total revenue financing activities": 345,
        "Net profit from business activities": 2066,
        "Profit": 4003,
        "Profit before tax": 6069,
        "Present corporate income tax expenses": 1680,
        "Deferred income taxes expenses": "N/A",
        "The interests of minority shareholders": "N/A",
        "Total Cost of profits": 1680,
        "Profit after tax corporate income": 4389,
        "Volume": 8900000,
        "Close of Quarter": 11.8,
        "EPS": 2730,
        "Non-adjusted EPS": 3003,
        "PE": 3.9,
        "Book Price": 19.1
      }
    },
    {
      "quarter": "Q3 2014",
      "income status": {
        "Net sales": 272910,
        "Cost of goods sold": 254968,
        "Gross Profit": 17942,
        "Financial expenses": 5632,
        "Of which: Interest expense": 5632,
        "Cost of sales": "N/A",
        "Enterprise cost management": 6535,
        "Total Operating Expenses": 12167,
        "Total revenue financing activities": 256,
        "Net profit from business activities": 6030,
        "Profit": 1726,
        "Profit before tax": 7756,
        "Present corporate income tax expenses": 1728,
        "Deferred income taxes expenses": "N/A",
        "The interests of minority shareholders": "N/A",
        "Total Cost of profits": 1728,
        "Profit after tax corporate income": 6028,
        "Volume": 8900000,
        "Close of Quarter": 10.7,
        "EPS": 2880.9,
        "Non-adjusted EPS": 3169,
        "PE": 3.4,
        "Book Price": 18.7
      }
    },
    {
      "quarter": "Q2 2014",
      "income status": {
        "Net sales": 215409,
        "Cost of goods sold": 198081,
        "Gross Profit": 17328,
        "Financial expenses": 5538,
        "Of which: Interest expense": 5538,
        "Cost of sales": "N/A",
        "Enterprise cost management": 6672,
        "Total Operating Expenses": 12210,
        "Total revenue financing activities": 619,
        "Net profit from business activities": 5736,
        "Profit": 4500,
        "Profit before tax": 10236,
        "Present corporate income tax expenses": 2225,
        "Deferred income taxes expenses": "N/A",
        "The interests of minority shareholders": "N/A",
        "Total Cost of profits": 2225,
        "Profit after tax corporate income": 8011,
        "Volume": 8900000,
        "Close of Quarter": 9.1,
        "EPS": 2780,
        "Non-adjusted EPS": 3058,
        "PE": 3.0,
        "Book Price": 18.1
      }
    },
    {
      "quarter": "Q1 2014",
      "income status": {
        "Net sales": 260093,
        "Cost of goods sold": 243030,
        "Gross Profit": 17063,
        "Financial expenses": 8330,
        "Of which: Interest expense": 8330,
        "Cost of sales": "N/A",
        "Enterprise cost management": 6332,
        "Total Operating Expenses": 14662,
        "Total revenue financing activities": 239,
        "Net profit from business activities": 2640,
        "Profit": 7999,
        "Profit before tax": 10640,
        "Present corporate income tax expenses": 2345,
        "Deferred income taxes expenses": "N/A",
        "The interests of minority shareholders": "N/A",
        "Total Cost of profits": 2345,
        "Profit after tax corporate income": 8295,
        "Volume": 8900000,
        "Close of Quarter": 10.9,
        "EPS": 2727.3,
        "Non-adjusted EPS": 3000,
        "PE": 3.6,
        "Book Price": 18.7
      }
    },
    {
      "quarter": "Q4 2013",
      "income status": {
        "Net sales": 225031,
        "Cost of goods sold": 207148,
        "Gross Profit": 17884,
        "Financial expenses": 9301,
        "Of which: Interest expense": 9301,
        "Cost of sales": "N/A",
        "Enterprise cost management": 7177,
        "Total Operating Expenses": 16478,
        "Total revenue financing activities": 181,
        "Net profit from business activities": 1587,
        "Profit": 6266,
        "Profit before tax": 7853,
        "Present corporate income tax expenses": 1982,
        "Deferred income taxes expenses": "N/A",
        "The interests of minority shareholders": "N/A",
        "Total Cost of profits": 1982,
        "Profit after tax corporate income": 5871,
        "Volume": 8900000,
        "Close of Quarter": 8.6,
        "EPS": 2612.7,
        "Non-adjusted EPS": 2874,
        "PE": 3,
        "Book Price": 17.9
      }
    },
    {
      "quarter": "Q3 2013",
      "income status": {
        "Net sales": 170707,
        "Cost of goods sold": 152378,
        "Gross Profit": 18329,
        "Financial expenses": 8726,
        "Of which: Interest expense": 8726,
        "Cost of sales": "N/A",
        "Enterprise cost management": 6661,
        "Total Operating Expenses": 15387,
        "Total revenue financing activities": 129,
        "Net profit from business activities": 3071,
        "Profit": 3657,
        "Profit before tax": 6728,
        "Present corporate income tax expenses": 1687,
        "Deferred income taxes expenses": "N/A",
        "The interests of minority shareholders": "N/A",
        "Total Cost of profits": 1687,
        "Profit after tax corporate income": 5041,
        "Volume": 8900000,
        "Close of Quarter": 6.4,
        "EPS": 2675.5,
        "Non-adjusted EPS": 2943,
        "PE": 2.2,
        "Book Price": 17.2
      }
    },
    {
      "quarter": "Q2 2013",
      "income status": {
        "Net sales": 229236,
        "Cost of goods sold": 203235,
        "Gross Profit": 26000,
        "Financial expenses": 10628,
        "Of which: Interest expense": 10628,
        "Cost of sales": "N/A",
        "Enterprise cost management": 6617,
        "Total Operating Expenses": 17245,
        "Total revenue financing activities": 920,
        "Net profit from business activities": 9676,
        "Profit": 125,
        "Profit before tax": 9801,
        "Present corporate income tax expenses": 2304,
        "Deferred income taxes expenses": "N/A",
        "The interests of minority shareholders": "N/A",
        "Total Cost of profits": 2304,
        "Profit after tax corporate income": 7497,
        "Volume": 8900000,
        "Close of Quarter": 6.4,
        "EPS": 2919.1,
        "Non-adjusted EPS": 3211,
        "PE": 2.0,
        "Book Price": 16.7
      }
    },
    {
      "quarter": "Q1 2013",
      "income status": {
        "Net sales": 232657,
        "Cost of goods sold": 208866,
        "Gross Profit": 23791,
        "Financial expenses": 8522,
        "Of which: Interest expense": 8522,
        "Cost of sales": "N/A",
        "Enterprise cost management": 6335,
        "Total Operating Expenses": 14857,
        "Total revenue financing activities": 186,
        "Net profit from business activities": 9119,
        "Profit": 441,
        "Profit before tax": 9560,
        "Present corporate income tax expenses": 2390,
        "Deferred income taxes expenses": "N/A",
        "The interests of minority shareholders": "N/A",
        "Total Cost of profits": 2390,
        "Profit after tax corporate income": 7170,
        "Volume": 8900000,
        "Close of Quarter": 5.8,
        "EPS": 2920,
        "Non-adjusted EPS": 3212,
        "PE": 1.8,
        "Book Price": 16.9
      }
    },
    {
      "quarter": "Q4 2012",
      "income status": {
        "Net sales": 216731,
        "Cost of goods sold": 190283,
        "Gross Profit": 26448,
        "Financial expenses": 11041,
        "Of which: Interest expense": 10900,
        "Cost of sales": "N/A",
        "Enterprise cost management": 10195,
        "Total Operating Expenses": 21236,
        "Total revenue financing activities": 615,
        "Net profit from business activities": 5827,
        "Profit": 2014,
        "Profit before tax": 7841,
        "Present corporate income tax expenses": 1354,
        "Deferred income taxes expenses": "N/A",
        "The interests of minority shareholders": "N/A",
        "Total Cost of profits": 1354,
        "Profit after tax corporate income": 6487,
        "Volume": 8900000,
        "Close of Quarter": 4.8,
        "EPS": 2651.8,
        "Non-adjusted EPS": 2917,
        "PE": 1.7,
        "Book Price": 16.2
      }
    },
    {
      "quarter": "Q3 2012",
      "income status": {
        "Net sales": 224988,
        "Cost of goods sold": 208527,
        "Gross Profit": 16461,
        "Financial expenses": 5844,
        "Of which: Interest expense": 5844,
        "Cost of sales": "N/A",
        "Enterprise cost management": 5339,
        "Total Operating Expenses": 11183,
        "Total revenue financing activities": 148,
        "Net profit from business activities": 5426,
        "Profit": 3972,
        "Profit before tax": 9397,
        "Present corporate income tax expenses": 1977,
        "Deferred income taxes expenses": "N/A",
        "The interests of minority shareholders": "N/A",
        "Total Cost of profits": 1977,
        "Profit after tax corporate income": 7420,
        "Volume": 8900000,
        "Close of Quarter": 4.6,
        "EPS": 2200.9,
        "Non-adjusted EPS": 2421,
        "PE": 1.9,
        "Book Price": 16
      }
    },
    {
      "quarter": "Q2 2012",
      "income status": {
        "Net sales": 206590,
        "Cost of goods sold": 181183,
        "Gross Profit": 25407,
        "Financial expenses": 11414,
        "Of which: Interest expense": 11357,
        "Cost of sales": "N/A",
        "Enterprise cost management": 5578,
        "Total Operating Expenses": 16992,
        "Total revenue financing activities": 239,
        "Net profit from business activities": 8654,
        "Profit": 842,
        "Profit before tax": 9496,
        "Present corporate income tax expenses": 1991,
        "Deferred income taxes expenses": "N/A",
        "The interests of minority shareholders": "N/A",
        "Total Cost of profits": 1991,
        "Profit after tax corporate income": 7506,
        "Volume": 8900000,
        "Close of Quarter": 5.3,
        "EPS": 1946.4,
        "Non-adjusted EPS": 2141,
        "PE": 2.5,
        "Book Price": 15.3
      }
    },
    {
      "quarter": "Q1 2012",
      "income status": {
        "Net sales": 137519,
        "Cost of goods sold": 114665,
        "Gross Profit": 22853,
        "Financial expenses": 12226,
        "Of which: Interest expense": 12226,
        "Cost of sales": "N/A",
        "Enterprise cost management": 7166,
        "Total Operating Expenses": 19392,
        "Total revenue financing activities": 2021,
        "Net profit from business activities": 5483,
        "Profit": 581,
        "Profit before tax": 6063,
        "Present corporate income tax expenses": 1516,
        "Deferred income taxes expenses": "N/A",
        "The interests of minority shareholders": "N/A",
        "Total Cost of profits": 1516,
        "Profit after tax corporate income": 4547,
        "Volume": 8900000,
        "Close of Quarter": 4.4,
        "EPS": 1759.1,
        "Non-adjusted EPS": 1935,
        "PE": 2.3,
        "Book Price": 15.6
      }
    },
    {
      "quarter": "Q4 2011",
      "income status": {
        "Net sales": 161878,
        "Cost of goods sold": 129351,
        "Gross Profit": 32527,
        "Financial expenses": 18301,
        "Of which: Interest expense": 15725,
        "Cost of sales": "N/A",
        "Enterprise cost management": 13084,
        "Total Operating Expenses": 31385,
        "Total revenue financing activities": 195,
        "Net profit from business activities": 1337,
        "Profit": 1518,
        "Profit before tax": 2855,
        "Present corporate income tax expenses": 780,
        "Deferred income taxes expenses": "N/A",
        "The interests of minority shareholders": "N/A",
        "Total Cost of profits": 780,
        "Profit after tax corporate income": 2075,
        "Volume": 8900000,
        "Close of Quarter": 3.1,
        "EPS": 2198.2,
        "Non-adjusted EPS": 2418,
        "PE": 1.3,
        "Book Price": 14.8
      }
    },
    {
      "quarter": "Q3 2011",
      "income status": {
        "Net sales": 131555,
        "Cost of goods sold": 102261,
        "Gross Profit": 29295,
        "Financial expenses": 16528,
        "Of which: Interest expense": 16528,
        "Cost of sales": "N/A",
        "Enterprise cost management": 7405,
        "Total Operating Expenses": 23933,
        "Total revenue financing activities": 1206,
        "Net profit from business activities": 6567,
        "Profit": "N/A",
        "Profit before tax": 6567,
        "Present corporate income tax expenses": 1642,
        "Deferred income taxes expenses": "N/A",
        "The interests of minority shareholders": "N/A",
        "Total Cost of profits": 1642,
        "Profit after tax corporate income": 4925,
        "Volume": 8900000,
        "Close of Quarter": 5.0,
        "EPS": 2197.3,
        "Non-adjusted EPS": 2417,
        "PE": 2.1,
        "Book Price": 15
      }
    },
    {
      "quarter": "Q2 2011",
      "income status": {
        "Net sales": 166051,
        "Cost of goods sold": 130500,
        "Gross Profit": 35551,
        "Financial expenses": 21729,
        "Of which: Interest expense": 21729,
        "Cost of sales": "N/A",
        "Enterprise cost management": 7325,
        "Total Operating Expenses": 29054,
        "Total revenue financing activities": 297,
        "Net profit from business activities": 6794,
        "Profit": 777,
        "Profit before tax": 7571,
        "Present corporate income tax expenses": 1893,
        "Deferred income taxes expenses": "N/A",
        "The interests of minority shareholders": "N/A",
        "Total Cost of profits": 1893,
        "Profit after tax corporate income": 5678,
        "Volume": 8900000,
        "Close of Quarter": 5.4,
        "EPS": 2420.9,
        "Non-adjusted EPS": 2663,
        "PE": 2.0,
        "Book Price": 14.6
      }
    },
    {
      "quarter": "Q1 2011",
      "income status": {
        "Net sales": 229350,
        "Cost of goods sold": 206475,
        "Gross Profit": 22875,
        "Financial expenses": 5305,
        "Of which: Interest expense": 5305,
        "Cost of sales": "N/A",
        "Enterprise cost management": 6034,
        "Total Operating Expenses": 11339,
        "Total revenue financing activities": 238,
        "Net profit from business activities": 11774,
        "Profit": 13,
        "Profit before tax": 11787,
        "Present corporate income tax expenses": 2947,
        "Deferred income taxes expenses": "N/A",
        "The interests of minority shareholders": "N/A",
        "Total Cost of profits": 2947,
        "Profit after tax corporate income": 8840,
        "Volume": 8900000,
        "Close of Quarter": 7.2,
        "EPS": 2818.2,
        "Non-adjusted EPS": 3100,
        "PE": 2.3,
        "Book Price": 14.9
      }
    }
  ]
}