{
  "ticker": "DHC",
  "data": [
    {
      "quarter": "Q4 2016",
      "income status": {
        "Net sales": 194606,
        "Cost of goods sold": 160789,
        "Gross Profit": 33817,
        "Financial expenses": 1109,
        "Of which: Interest expense": 884,
        "Cost of sales": 5742,
        "Enterprise cost management": 2413,
        "Total Operating Expenses": 9264,
        "Total revenue financing activities": 1297,
        "Net profit from business activities": 25849,
        "Profit": 633,
        "Profit before tax": 26482,
        "Present corporate income tax expenses": 1800,
        "Deferred income taxes expenses": "N/A",
        "The interests of minority shareholders": "N/A",
        "Total Cost of profits": 1800,
        "Profit after tax corporate income": 24682,
        "Volume": 25584603,
        "Close of Quarter": 37.5,
        "EPS": 3351,
        "Non-adjusted EPS": 3351,
        "PE": 11.2,
        "Book Price": 20.4
      }
    },
    {
      "quarter": "Q3 2016",
      "income status": {
        "Net sales": 197025,
        "Cost of goods sold": 163282,
        "Gross Profit": 33743,
        "Financial expenses": 962,
        "Of which: Interest expense": 955,
        "Cost of sales": 4785,
        "Enterprise cost management": 3703,
        "Total Operating Expenses": 9450,
        "Total revenue financing activities": 1220,
        "Net profit from business activities": 25513,
        "Profit": 251,
        "Profit before tax": 25763,
        "Present corporate income tax expenses": 3475,
        "Deferred income taxes expenses": "N/A",
        "The interests of minority shareholders": "N/A",
        "Total Cost of profits": 3475,
        "Profit after tax corporate income": 22289,
        "Volume": 25584603,
        "Close of Quarter": 35.8,
        "EPS": 3461,
        "Non-adjusted EPS": 3461,
        "PE": 10.3,
        "Book Price": 19.4
      }
    },
    {
      "quarter": "Q2 2016",
      "income status": {
        "Net sales": 136351,
        "Cost of goods sold": 107845,
        "Gross Profit": 28506,
        "Financial expenses": 653,
        "Of which: Interest expense": 632,
        "Cost of sales": 3934,
        "Enterprise cost management": 2561,
        "Total Operating Expenses": 7148,
        "Total revenue financing activities": 2492,
        "Net profit from business activities": 23851,
        "Profit": -191,
        "Profit before tax": 23661,
        "Present corporate income tax expenses": 3248,
        "Deferred income taxes expenses": "N/A",
        "The interests of minority shareholders": "N/A",
        "Total Cost of profits": 3248,
        "Profit after tax corporate income": 20412,
        "Volume": 23258888,
        "Close of Quarter": 35.0,
        "EPS": 3214.6,
        "Non-adjusted EPS": 3536,
        "PE": 9.9,
        "Book Price": 19.5
      }
    },
    {
      "quarter": "Q1 2016",
      "income status": {
        "Net sales": 140139,
        "Cost of goods sold": 112721,
        "Gross Profit": 27418,
        "Financial expenses": 782,
        "Of which: Interest expense": 779,
        "Cost of sales": 3641,
        "Enterprise cost management": 2161,
        "Total Operating Expenses": 6584,
        "Total revenue financing activities": 164,
        "Net profit from business activities": 20998,
        "Profit": 45,
        "Profit before tax": 21043,
        "Present corporate income tax expenses": 2700,
        "Deferred income taxes expenses": "N/A",
        "The interests of minority shareholders": "N/A",
        "Total Cost of profits": 2700,
        "Profit after tax corporate income": 18343,
        "Volume": 17258888,
        "Close of Quarter": 31.2,
        "EPS": 3240.0,
        "Non-adjusted EPS": 4803,
        "PE": 6.5,
        "Book Price": 18.8
      }
    },
    {
      "quarter": "Q4 2015",
      "income status": {
        "Net sales": 172661,
        "Cost of goods sold": 138783,
        "Gross Profit": 33879,
        "Financial expenses": 978,
        "Of which: Interest expense": 941,
        "Cost of sales": 5098,
        "Enterprise cost management": 7573,
        "Total Operating Expenses": 13649,
        "Total revenue financing activities": 222,
        "Net profit from business activities": 20453,
        "Profit": -627,
        "Profit before tax": 19825,
        "Present corporate income tax expenses": -7690,
        "Deferred income taxes expenses": "N/A",
        "The interests of minority shareholders": "N/A",
        "Total Cost of profits": -7690,
        "Profit after tax corporate income": 27516,
        "Volume": 17258888,
        "Close of Quarter": 24.9,
        "EPS": 3012,
        "Non-adjusted EPS": 4465,
        "PE": 5.6,
        "Book Price": 11.7
      }
    },
    {
      "quarter": "Q3 2015",
      "income status": {
        "Net sales": 157023,
        "Cost of goods sold": 127312,
        "Gross Profit": 29711,
        "Financial expenses": 1207,
        "Of which: Interest expense": 1020,
        "Cost of sales": 4554,
        "Enterprise cost management": 3513,
        "Total Operating Expenses": 9274,
        "Total revenue financing activities": 14,
        "Net profit from business activities": 20451,
        "Profit": 58,
        "Profit before tax": 20509,
        "Present corporate income tax expenses": 4529,
        "Deferred income taxes expenses": "N/A",
        "The interests of minority shareholders": "N/A",
        "Total Cost of profits": 4529,
        "Profit after tax corporate income": 15980,
        "Volume": 17258888,
        "Close of Quarter": 21.3,
        "EPS": 2309.8,
        "Non-adjusted EPS": 3424,
        "PE": 6.2,
        "Book Price": 11.3
      }
    },
    {
      "quarter": "Q2 2015",
      "income status": {
        "Net sales": 161208,
        "Cost of goods sold": 130479,
        "Gross Profit": 30729,
        "Financial expenses": 1746,
        "Of which: Interest expense": 1150,
        "Cost of sales": 4300,
        "Enterprise cost management": -1689,
        "Total Operating Expenses": 4357,
        "Total revenue financing activities": 200,
        "Net profit from business activities": 26571,
        "Profit": 458,
        "Profit before tax": 27029,
        "Present corporate income tax expenses": 5966,
        "Deferred income taxes expenses": "N/A",
        "The interests of minority shareholders": "N/A",
        "Total Cost of profits": 5966,
        "Profit after tax corporate income": 21063,
        "Volume": 15689999,
        "Close of Quarter": 19.0,
        "EPS": 2157.5,
        "Non-adjusted EPS": 3518,
        "PE": 5.4,
        "Book Price": 10.7
      }
    },
    {
      "quarter": "Q1 2015",
      "income status": {
        "Net sales": 149144,
        "Cost of goods sold": 126025,
        "Gross Profit": 23119,
        "Financial expenses": 1594,
        "Of which: Interest expense": 1159,
        "Cost of sales": 3712,
        "Enterprise cost management": 2094,
        "Total Operating Expenses": 7400,
        "Total revenue financing activities": 49,
        "Net profit from business activities": 15767,
        "Profit": 270,
        "Profit before tax": 16037,
        "Present corporate income tax expenses": 3530,
        "Deferred income taxes expenses": "N/A",
        "The interests of minority shareholders": "N/A",
        "Total Cost of profits": 3530,
        "Profit after tax corporate income": 12507,
        "Volume": 15689999,
        "Close of Quarter": 15.3,
        "EPS": 1814.0,
        "Non-adjusted EPS": 2958,
        "PE": 5.2,
        "Book Price": 10.6
      }
    },
    {
      "quarter": "Q4 2014",
      "income status": {
        "Net sales": 152577,
        "Cost of goods sold": 128307,
        "Gross Profit": 24270,
        "Financial expenses": 1771,
        "Of which: Interest expense": 1528,
        "Cost of sales": 4555,
        "Enterprise cost management": 5014,
        "Total Operating Expenses": 11340,
        "Total revenue financing activities": 8,
        "Net profit from business activities": 12938,
        "Profit": -653,
        "Profit before tax": 12285,
        "Present corporate income tax expenses": 2741,
        "Deferred income taxes expenses": "N/A",
        "The interests of minority shareholders": "N/A",
        "Total Cost of profits": 2741,
        "Profit after tax corporate income": 9544,
        "Volume": 15689999,
        "Close of Quarter": 15.2,
        "EPS": 1684.6,
        "Non-adjusted EPS": 2747,
        "PE": 5.5,
        "Book Price": 10.1
      }
    },
    {
      "quarter": "Q3 2014",
      "income status": {
        "Net sales": 141391,
        "Cost of goods sold": 118539,
        "Gross Profit": 22852,
        "Financial expenses": 1756,
        "Of which: Interest expense": 1712,
        "Cost of sales": 4129,
        "Enterprise cost management": 2013,
        "Total Operating Expenses": 7898,
        "Total revenue financing activities": 564,
        "Net profit from business activities": 15518,
        "Profit": -35,
        "Profit before tax": 15483,
        "Present corporate income tax expenses": 3398,
        "Deferred income taxes expenses": "N/A",
        "The interests of minority shareholders": "N/A",
        "Total Cost of profits": 3398,
        "Profit after tax corporate income": 12085,
        "Volume": 14999908,
        "Close of Quarter": 15.6,
        "EPS": 1677.4,
        "Non-adjusted EPS": 2861,
        "PE": 5.5,
        "Book Price": 9.5
      }
    },
    {
      "quarter": "Q2 2014",
      "income status": {
        "Net sales": 144960,
        "Cost of goods sold": 119928,
        "Gross Profit": 25032,
        "Financial expenses": 2321,
        "Of which: Interest expense": 2120,
        "Cost of sales": 4327,
        "Enterprise cost management": 2741,
        "Total Operating Expenses": 9389,
        "Total revenue financing activities": 11,
        "Net profit from business activities": 15654,
        "Profit": 143,
        "Profit before tax": 15797,
        "Present corporate income tax expenses": 3520,
        "Deferred income taxes expenses": "N/A",
        "The interests of minority shareholders": "N/A",
        "Total Cost of profits": 3520,
        "Profit after tax corporate income": 12277,
        "Volume": 14999908,
        "Close of Quarter": 10.2,
        "EPS": 1617.6,
        "Non-adjusted EPS": 2759,
        "PE": 3.7,
        "Book Price": 9.0
      }
    },
    {
      "quarter": "Q1 2014",
      "income status": {
        "Net sales": 103827,
        "Cost of goods sold": 84982,
        "Gross Profit": 18845,
        "Financial expenses": 2540,
        "Of which: Interest expense": 2419,
        "Cost of sales": 3056,
        "Enterprise cost management": 1747,
        "Total Operating Expenses": 7343,
        "Total revenue financing activities": 36,
        "Net profit from business activities": 11538,
        "Profit": 307,
        "Profit before tax": 11845,
        "Present corporate income tax expenses": 2646,
        "Deferred income taxes expenses": "N/A",
        "The interests of minority shareholders": "N/A",
        "Total Cost of profits": 2646,
        "Profit after tax corporate income": 9200,
        "Volume": 14999908,
        "Close of Quarter": 10.2,
        "EPS": 1203.1,
        "Non-adjusted EPS": 2052,
        "PE": 5.0,
        "Book Price": 9.2
      }
    },
    {
      "quarter": "Q4 2013",
      "income status": {
        "Net sales": 135569,
        "Cost of goods sold": 110945,
        "Gross Profit": 24624,
        "Financial expenses": 2887,
        "Of which: Interest expense": 2887,
        "Cost of sales": 4672,
        "Enterprise cost management": 4036,
        "Total Operating Expenses": 11595,
        "Total revenue financing activities": 116,
        "Net profit from business activities": 13145,
        "Profit": -611,
        "Profit before tax": 12534,
        "Present corporate income tax expenses": 3186,
        "Deferred income taxes expenses": "N/A",
        "The interests of minority shareholders": "N/A",
        "Total Cost of profits": 3186,
        "Profit after tax corporate income": 9348,
        "Volume": 14999908,
        "Close of Quarter": 6.0,
        "EPS": 1057.1,
        "Non-adjusted EPS": 1803,
        "PE": 3.4,
        "Book Price": 8.8
      }
    },
    {
      "quarter": "Q3 2013",
      "income status": {
        "Net sales": 120116,
        "Cost of goods sold": 96904,
        "Gross Profit": 23212,
        "Financial expenses": 4234,
        "Of which: Interest expense": 4101,
        "Cost of sales": 3600,
        "Enterprise cost management": 1645,
        "Total Operating Expenses": 9479,
        "Total revenue financing activities": 158,
        "Net profit from business activities": 13891,
        "Profit": -2731,
        "Profit before tax": 11160,
        "Present corporate income tax expenses": 598,
        "Deferred income taxes expenses": "N/A",
        "The interests of minority shareholders": "N/A",
        "Total Cost of profits": 598,
        "Profit after tax corporate income": 10562,
        "Volume": 14999908,
        "Close of Quarter": 4.9,
        "EPS": 882.4,
        "Non-adjusted EPS": 1505,
        "PE": 3.2,
        "Book Price": 8.4
      }
    },
    {
      "quarter": "Q2 2013",
      "income status": {
        "Net sales": 102366,
        "Cost of goods sold": 82437,
        "Gross Profit": 19929,
        "Financial expenses": 12135,
        "Of which: Interest expense": 5325,
        "Cost of sales": 3278,
        "Enterprise cost management": 3108,
        "Total Operating Expenses": 18521,
        "Total revenue financing activities": 7,
        "Net profit from business activities": 1414,
        "Profit": 258,
        "Profit before tax": 1672,
        "Present corporate income tax expenses": "N/A",
        "Deferred income taxes expenses": "N/A",
        "The interests of minority shareholders": "N/A",
        "Total Cost of profits": 0,
        "Profit after tax corporate income": 1672,
        "Volume": 14999908,
        "Close of Quarter": 5.2,
        "EPS": 235.7,
        "Non-adjusted EPS": 402,
        "PE": 13.0,
        "Book Price": 8.0
      }
    },
    {
      "quarter": "Q1 2013",
      "income status": {
        "Net sales": 96300,
        "Cost of goods sold": 79781,
        "Gross Profit": 16520,
        "Financial expenses": 6002,
        "Of which: Interest expense": 5897,
        "Cost of sales": 3685,
        "Enterprise cost management": 1554,
        "Total Operating Expenses": 11241,
        "Total revenue financing activities": 18,
        "Net profit from business activities": 5298,
        "Profit": 168,
        "Profit before tax": 5465,
        "Present corporate income tax expenses": "N/A",
        "Deferred income taxes expenses": "N/A",
        "The interests of minority shareholders": "N/A",
        "Total Cost of profits": 0,
        "Profit after tax corporate income": 5465,
        "Volume": 14999908,
        "Close of Quarter": 4.3,
        "EPS": 34.6,
        "Non-adjusted EPS": 59,
        "PE": 72.9,
        "Book Price": 8.0
      }
    },
    {
      "quarter": "Q4 2012",
      "income status": {
        "Net sales": 107622,
        "Cost of goods sold": 93627,
        "Gross Profit": 13995,
        "Financial expenses": 6454,
        "Of which: Interest expense": 6441,
        "Cost of sales": 6973,
        "Enterprise cost management": 3318,
        "Total Operating Expenses": 16745,
        "Total revenue financing activities": 324,
        "Net profit from business activities": -2426,
        "Profit": 8836,
        "Profit before tax": 6410,
        "Present corporate income tax expenses": 1528,
        "Deferred income taxes expenses": "N/A",
        "The interests of minority shareholders": "N/A",
        "Total Cost of profits": 1528,
        "Profit after tax corporate income": 4881,
        "Volume": 14999908,
        "Close of Quarter": 4.0,
        "EPS": -99.1,
        "Non-adjusted EPS": -169,
        "PE": -23.4,
        "Book Price": 7.7
      }
    },
    {
      "quarter": "Q3 2012",
      "income status": {
        "Net sales": 84704,
        "Cost of goods sold": 79341,
        "Gross Profit": 5363,
        "Financial expenses": 7401,
        "Of which: Interest expense": 7347,
        "Cost of sales": 2819,
        "Enterprise cost management": 1573,
        "Total Operating Expenses": 11793,
        "Total revenue financing activities": 20,
        "Net profit from business activities": -6410,
        "Profit": 417,
        "Profit before tax": -5994,
        "Present corporate income tax expenses": "N/A",
        "Deferred income taxes expenses": "N/A",
        "The interests of minority shareholders": "N/A",
        "Total Cost of profits": 0,
        "Profit after tax corporate income": -5994,
        "Volume": 14999908,
        "Close of Quarter": 4.2,
        "EPS": -258.6,
        "Non-adjusted EPS": -441,
        "PE": -9.6,
        "Book Price": 7.6
      }
    },
    {
      "quarter": "Q2 2012",
      "income status": {
        "Net sales": 83128,
        "Cost of goods sold": 73747,
        "Gross Profit": 9381,
        "Financial expenses": 8667,
        "Of which: Interest expense": 8612,
        "Cost of sales": 2709,
        "Enterprise cost management": 2139,
        "Total Operating Expenses": 13515,
        "Total revenue financing activities": 129,
        "Net profit from business activities": -4005,
        "Profit": 530,
        "Profit before tax": -3474,
        "Present corporate income tax expenses": "N/A",
        "Deferred income taxes expenses": "N/A",
        "The interests of minority shareholders": "N/A",
        "Total Cost of profits": 0,
        "Profit after tax corporate income": -3474,
        "Volume": 14999908,
        "Close of Quarter": 5.1,
        "EPS": -366.4,
        "Non-adjusted EPS": -625,
        "PE": -8.2,
        "Book Price": 7.8
      }
    },
    {
      "quarter": "Q1 2012",
      "income status": {
        "Net sales": 65326,
        "Cost of goods sold": 51493,
        "Gross Profit": 13833,
        "Financial expenses": 8547,
        "Of which: Interest expense": 8534,
        "Cost of sales": 2569,
        "Enterprise cost management": 1421,
        "Total Operating Expenses": 12537,
        "Total revenue financing activities": 133,
        "Net profit from business activities": 1429,
        "Profit": 622,
        "Profit before tax": 2051,
        "Present corporate income tax expenses": "N/A",
        "Deferred income taxes expenses": "N/A",
        "The interests of minority shareholders": "N/A",
        "Total Cost of profits": 0,
        "Profit after tax corporate income": 2051,
        "Volume": 14999908,
        "Close of Quarter": 6.4,
        "EPS": -121.4,
        "Non-adjusted EPS": -207,
        "PE": -30.9,
        "Book Price": 7.9
      }
    },
    {
      "quarter": "Q4 2011",
      "income status": {
        "Net sales": 145902,
        "Cost of goods sold": 120181,
        "Gross Profit": 25721,
        "Financial expenses": 15880,
        "Of which: Interest expense": 10806,
        "Cost of sales": 7285,
        "Enterprise cost management": 3090,
        "Total Operating Expenses": 26255,
        "Total revenue financing activities": 454,
        "Net profit from business activities": -80,
        "Profit": 465,
        "Profit before tax": 385,
        "Present corporate income tax expenses": -1008,
        "Deferred income taxes expenses": 24,
        "The interests of minority shareholders": 573,
        "Total Cost of profits": -411,
        "Profit after tax corporate income": 795,
        "Volume": 14999908,
        "Close of Quarter": 4.7,
        "EPS": 5.3,
        "Non-adjusted EPS": 9,
        "PE": 524.4,
        "Book Price": 7.9
      }
    },
    {
      "quarter": "Q3 2011",
      "income status": {
        "Net sales": 99634,
        "Cost of goods sold": 85188,
        "Gross Profit": 14446,
        "Financial expenses": 12745,
        "Of which: Interest expense": 11956,
        "Cost of sales": 6848,
        "Enterprise cost management": 4276,
        "Total Operating Expenses": 23869,
        "Total revenue financing activities": 1132,
        "Net profit from business activities": -8291,
        "Profit": 118,
        "Profit before tax": -8173,
        "Present corporate income tax expenses": 357,
        "Deferred income taxes expenses": 52,
        "The interests of minority shareholders": 167,
        "Total Cost of profits": 576,
        "Profit after tax corporate income": -8749,
        "Volume": 14999908,
        "Close of Quarter": 4.9,
        "EPS": 572.8,
        "Non-adjusted EPS": 977,
        "PE": 5.0,
        "Book Price": 7.9
      }
    },
    {
      "quarter": "Q2 2011",
      "income status": {
        "Net sales": 137990,
        "Cost of goods sold": 112331,
        "Gross Profit": 25659,
        "Financial expenses": 11176,
        "Of which: Interest expense": 10303,
        "Cost of sales": 8032,
        "Enterprise cost management": 3135,
        "Total Operating Expenses": 22343,
        "Total revenue financing activities": 852,
        "Net profit from business activities": 4168,
        "Profit": 555,
        "Profit before tax": 4723,
        "Present corporate income tax expenses": 539,
        "Deferred income taxes expenses": 16,
        "The interests of minority shareholders": 1370,
        "Total Cost of profits": 1925,
        "Profit after tax corporate income": 2798,
        "Volume": 14999908,
        "Close of Quarter": 6.5,
        "EPS": 1170.2,
        "Non-adjusted EPS": 1996,
        "PE": 3.3,
        "Book Price": 8.2
      }
    },
    {
      "quarter": "Q1 2011",
      "income status": {
        "Net sales": 116196,
        "Cost of goods sold": 92216,
        "Gross Profit": 23980,
        "Financial expenses": 10207,
        "Of which: Interest expense": 8092,
        "Cost of sales": 6509,
        "Enterprise cost management": 2789,
        "Total Operating Expenses": 19505,
        "Total revenue financing activities": 3215,
        "Net profit from business activities": 7689,
        "Profit": 16,
        "Profit before tax": 7706,
        "Present corporate income tax expenses": 1492,
        "Deferred income taxes expenses": 113,
        "The interests of minority shareholders": 803,
        "Total Cost of profits": 2408,
        "Profit after tax corporate income": 5298,
        "Volume": 14999908,
        "Close of Quarter": 6.9,
        "EPS": 1237.1,
        "Non-adjusted EPS": 2110,
        "PE": 3.3,
        "Book Price": 8.1
      }
    }
  ]
}