{
  "ticker": "KHA",
  "data": [
    {
      "quarter": "Q4 2016",
      "income status": {
        "Net sales": 17013,
        "Cost of goods sold": 7039,
        "Gross Profit": 9973,
        "Financial expenses": 466,
        "Of which: Interest expense": 6,
        "Cost of sales": 15,
        "Enterprise cost management": 6429,
        "Total Operating Expenses": 6910,
        "Total revenue financing activities": 5312,
        "Net profit from business activities": 8118,
        "Profit": 200,
        "Profit before tax": 8318,
        "Present corporate income tax expenses": 1494,
        "Deferred income taxes expenses": 3,
        "The interests of minority shareholders": "N/A",
        "Total Cost of profits": 1497,
        "Profit after tax corporate income": 6821,
        "Volume": 12768439,
        "Close of Quarter": 41.1,
        "EPS": 3584,
        "Non-adjusted EPS": 3584,
        "PE": 11.5,
        "Book Price": 34.6
      }
    },
    {
      "quarter": "Q3 2016",
      "income status": {
        "Net sales": 16099,
        "Cost of goods sold": 6101,
        "Gross Profit": 9998,
        "Financial expenses": 7,
        "Of which: Interest expense": 7,
        "Cost of sales": "N/A",
        "Enterprise cost management": 3876,
        "Total Operating Expenses": 3883,
        "Total revenue financing activities": 14541,
        "Net profit from business activities": 20510,
        "Profit": 391,
        "Profit before tax": 20900,
        "Present corporate income tax expenses": 3934,
        "Deferred income taxes expenses": 3,
        "The interests of minority shareholders": "N/A",
        "Total Cost of profits": 3937,
        "Profit after tax corporate income": 16964,
        "Volume": 12768439,
        "Close of Quarter": 36.1,
        "EPS": 7492,
        "Non-adjusted EPS": 7492,
        "PE": 4.8,
        "Book Price": 30.4
      }
    },
    {
      "quarter": "Q2 2016",
      "income status": {
        "Net sales": 16004,
        "Cost of goods sold": 5824,
        "Gross Profit": 10181,
        "Financial expenses": -791,
        "Of which: Interest expense": 7,
        "Cost of sales": 32,
        "Enterprise cost management": 3175,
        "Total Operating Expenses": 2416,
        "Total revenue financing activities": 3630,
        "Net profit from business activities": 11396,
        "Profit": 5429,
        "Profit before tax": 16825,
        "Present corporate income tax expenses": 3314,
        "Deferred income taxes expenses": 2,
        "The interests of minority shareholders": "N/A",
        "Total Cost of profits": 3316,
        "Profit after tax corporate income": 13509,
        "Volume": 12768439,
        "Close of Quarter": 34.2,
        "EPS": 7317,
        "Non-adjusted EPS": 7317,
        "PE": 4.7,
        "Book Price": 29.1
      }
    },
    {
      "quarter": "Q1 2016",
      "income status": {
        "Net sales": 15065,
        "Cost of goods sold": 5550,
        "Gross Profit": 9515,
        "Financial expenses": 7,
        "Of which: Interest expense": 7,
        "Cost of sales": "N/A",
        "Enterprise cost management": 3443,
        "Total Operating Expenses": 3450,
        "Total revenue financing activities": 3991,
        "Net profit from business activities": 10057,
        "Profit": 287,
        "Profit before tax": 10343,
        "Present corporate income tax expenses": 1873,
        "Deferred income taxes expenses": 3,
        "The interests of minority shareholders": "N/A",
        "Total Cost of profits": 1876,
        "Profit after tax corporate income": 8467,
        "Volume": 12768439,
        "Close of Quarter": 32.2,
        "EPS": 6799,
        "Non-adjusted EPS": 6799,
        "PE": 4.7,
        "Book Price": 29.1
      }
    },
    {
      "quarter": "Q4 2015",
      "income status": {
        "Net sales": 434733,
        "Cost of goods sold": 359028,
        "Gross Profit": 75705,
        "Financial expenses": 820,
        "Of which: Interest expense": "N/A",
        "Cost of sales": 12,
        "Enterprise cost management": 4693,
        "Total Operating Expenses": 5525,
        "Total revenue financing activities": 3770,
        "Net profit from business activities": 73952,
        "Profit": -548,
        "Profit before tax": 73403,
        "Present corporate income tax expenses": 16652,
        "Deferred income taxes expenses": 27,
        "The interests of minority shareholders": "N/A",
        "Total Cost of profits": 16679,
        "Profit after tax corporate income": 56724,
        "Volume": 12768439,
        "Close of Quarter": 27.9,
        "EPS": 6295,
        "Non-adjusted EPS": 6295,
        "PE": 4.4,
        "Book Price": 29.7
      }
    },
    {
      "quarter": "Q3 2015",
      "income status": {
        "Net sales": 7037,
        "Cost of goods sold": 5773,
        "Gross Profit": 1264,
        "Financial expenses": "N/A",
        "Of which: Interest expense": "N/A",
        "Cost of sales": 24,
        "Enterprise cost management": -10874,
        "Total Operating Expenses": -10850,
        "Total revenue financing activities": 5648,
        "Net profit from business activities": 17762,
        "Profit": 452,
        "Profit before tax": 18214,
        "Present corporate income tax expenses": 3530,
        "Deferred income taxes expenses": -43,
        "The interests of minority shareholders": "N/A",
        "Total Cost of profits": 3487,
        "Profit after tax corporate income": 14727,
        "Volume": 12768439,
        "Close of Quarter": 26.9,
        "EPS": 3506,
        "Non-adjusted EPS": 3506,
        "PE": 7.7,
        "Book Price": 25.2
      }
    },
    {
      "quarter": "Q2 2015",
      "income status": {
        "Net sales": 14682,
        "Cost of goods sold": 5621,
        "Gross Profit": 9060,
        "Financial expenses": -1339,
        "Of which: Interest expense": "N/A",
        "Cost of sales": 42,
        "Enterprise cost management": 3589,
        "Total Operating Expenses": 2292,
        "Total revenue financing activities": 1474,
        "Net profit from business activities": 8243,
        "Profit": 393,
        "Profit before tax": 8636,
        "Present corporate income tax expenses": 1748,
        "Deferred income taxes expenses": -2,
        "The interests of minority shareholders": "N/A",
        "Total Cost of profits": 1746,
        "Profit after tax corporate income": 6890,
        "Volume": 12768439,
        "Close of Quarter": 26.8,
        "EPS": 5135,
        "Non-adjusted EPS": 5135,
        "PE": 5.2,
        "Book Price": 25.1
      }
    },
    {
      "quarter": "Q1 2015",
      "income status": {
        "Net sales": 3480,
        "Cost of goods sold": 971,
        "Gross Profit": 2509,
        "Financial expenses": 1339,
        "Of which: Interest expense": "N/A",
        "Cost of sales": 49,
        "Enterprise cost management": 3055,
        "Total Operating Expenses": 4443,
        "Total revenue financing activities": 4011,
        "Net profit from business activities": 2077,
        "Profit": 348,
        "Profit before tax": 2425,
        "Present corporate income tax expenses": 392,
        "Deferred income taxes expenses": -1,
        "The interests of minority shareholders": "N/A",
        "Total Cost of profits": 391,
        "Profit after tax corporate income": 2033,
        "Volume": 12768439,
        "Close of Quarter": 28.1,
        "EPS": 5042,
        "Non-adjusted EPS": 5042,
        "PE": 5.6,
        "Book Price": 25.5
      }
    },
    {
      "quarter": "Q4 2014",
      "income status": {
        "Net sales": 50184,
        "Cost of goods sold": 18158,
        "Gross Profit": 32027,
        "Financial expenses": 2196,
        "Of which: Interest expense": "N/A",
        "Cost of sales": 43,
        "Enterprise cost management": 4180,
        "Total Operating Expenses": 6419,
        "Total revenue financing activities": 2220,
        "Net profit from business activities": 27828,
        "Profit": 199,
        "Profit before tax": 28027,
        "Present corporate income tax expenses": 6907,
        "Deferred income taxes expenses": -1,
        "The interests of minority shareholders": "N/A",
        "Total Cost of profits": 6906,
        "Profit after tax corporate income": 21120,
        "Volume": 12768439,
        "Close of Quarter": 21.7,
        "EPS": 5395,
        "Non-adjusted EPS": 5395,
        "PE": 4.0,
        "Book Price": 25.9
      }
    },
    {
      "quarter": "Q3 2014",
      "income status": {
        "Net sales": 104756,
        "Cost of goods sold": 59292,
        "Gross Profit": 45464,
        "Financial expenses": "N/A",
        "Of which: Interest expense": "N/A",
        "Cost of sales": 45,
        "Enterprise cost management": 2499,
        "Total Operating Expenses": 2544,
        "Total revenue financing activities": 2514,
        "Net profit from business activities": 45434,
        "Profit": 101,
        "Profit before tax": 45534,
        "Present corporate income tax expenses": 10013,
        "Deferred income taxes expenses": 1,
        "The interests of minority shareholders": "N/A",
        "Total Cost of profits": 10014,
        "Profit after tax corporate income": 35521,
        "Volume": 12768439,
        "Close of Quarter": 18.4,
        "EPS": 4493,
        "Non-adjusted EPS": 4493,
        "PE": 4.1,
        "Book Price": 25.8
      }
    },
    {
      "quarter": "Q2 2014",
      "income status": {
        "Net sales": 15415,
        "Cost of goods sold": 5973,
        "Gross Profit": 9442,
        "Financial expenses": 1053,
        "Of which: Interest expense": 1,
        "Cost of sales": 51,
        "Enterprise cost management": 2468,
        "Total Operating Expenses": 3572,
        "Total revenue financing activities": 1286,
        "Net profit from business activities": 6704,
        "Profit": 421,
        "Profit before tax": 7125,
        "Present corporate income tax expenses": 1402,
        "Deferred income taxes expenses": 19,
        "The interests of minority shareholders": "N/A",
        "Total Cost of profits": 1421,
        "Profit after tax corporate income": 5704,
        "Volume": 12768439,
        "Close of Quarter": 16.2,
        "EPS": 2302,
        "Non-adjusted EPS": 2302,
        "PE": 7.1,
        "Book Price": 23
      }
    },
    {
      "quarter": "Q1 2014",
      "income status": {
        "Net sales": 13034,
        "Cost of goods sold": 4761,
        "Gross Profit": 8273,
        "Financial expenses": 152,
        "Of which: Interest expense": 152,
        "Cost of sales": 24,
        "Enterprise cost management": 2126,
        "Total Operating Expenses": 2302,
        "Total revenue financing activities": 1901,
        "Net profit from business activities": 7872,
        "Profit": 298,
        "Profit before tax": 8170,
        "Present corporate income tax expenses": 1631,
        "Deferred income taxes expenses": -1,
        "The interests of minority shareholders": "N/A",
        "Total Cost of profits": 1630,
        "Profit after tax corporate income": 6540,
        "Volume": 12768439,
        "Close of Quarter": 19.1,
        "EPS": 2524,
        "Non-adjusted EPS": 2524,
        "PE": 7.6,
        "Book Price": 23.5
      }
    },
    {
      "quarter": "Q4 2013",
      "income status": {
        "Net sales": 19276,
        "Cost of goods sold": 7770,
        "Gross Profit": 11506,
        "Financial expenses": 940,
        "Of which: Interest expense": "N/A",
        "Cost of sales": 101,
        "Enterprise cost management": 16373,
        "Total Operating Expenses": 17414,
        "Total revenue financing activities": 1996,
        "Net profit from business activities": -3912,
        "Profit": 17229,
        "Profit before tax": 12299,
        "Present corporate income tax expenses": 2758,
        "Deferred income taxes expenses": -66,
        "The interests of minority shareholders": -2,
        "Total Cost of profits": 2690,
        "Profit after tax corporate income": 9608,
        "Volume": 12768439,
        "Close of Quarter": 12.0,
        "EPS": 2558,
        "Non-adjusted EPS": 2558,
        "PE": 4.7,
        "Book Price": 22.9
      }
    },
    {
      "quarter": "Q3 2013",
      "income status": {
        "Net sales": 16479,
        "Cost of goods sold": 7145,
        "Gross Profit": 9334,
        "Financial expenses": "N/A",
        "Of which: Interest expense": "N/A",
        "Cost of sales": 114,
        "Enterprise cost management": 1844,
        "Total Operating Expenses": 1958,
        "Total revenue financing activities": 1940,
        "Net profit from business activities": 9316,
        "Profit": 537,
        "Profit before tax": 9852,
        "Present corporate income tax expenses": 2301,
        "Deferred income taxes expenses": -14,
        "The interests of minority shareholders": 23,
        "Total Cost of profits": 2310,
        "Profit after tax corporate income": 7542,
        "Volume": 12768439,
        "Close of Quarter": 10.4,
        "EPS": 2403,
        "Non-adjusted EPS": 2403,
        "PE": 4.3,
        "Book Price": 22.8
      }
    },
    {
      "quarter": "Q2 2013",
      "income status": {
        "Net sales": 19392,
        "Cost of goods sold": 8973,
        "Gross Profit": 10418,
        "Financial expenses": 42,
        "Of which: Interest expense": "N/A",
        "Cost of sales": 149,
        "Enterprise cost management": 2534,
        "Total Operating Expenses": 2725,
        "Total revenue financing activities": 3465,
        "Net profit from business activities": 11159,
        "Profit": 452,
        "Profit before tax": 11611,
        "Present corporate income tax expenses": 2610,
        "Deferred income taxes expenses": -29,
        "The interests of minority shareholders": 489,
        "Total Cost of profits": 3070,
        "Profit after tax corporate income": 8541,
        "Volume": 12768439,
        "Close of Quarter": 9.1,
        "EPS": 2682,
        "Non-adjusted EPS": 2682,
        "PE": 3.4,
        "Book Price": 22.7
      }
    },
    {
      "quarter": "Q1 2013",
      "income status": {
        "Net sales": 10091,
        "Cost of goods sold": 733,
        "Gross Profit": 9358,
        "Financial expenses": 1117,
        "Of which: Interest expense": 17,
        "Cost of sales": 65,
        "Enterprise cost management": 2746,
        "Total Operating Expenses": 3928,
        "Total revenue financing activities": 3088,
        "Net profit from business activities": 8517,
        "Profit": 361,
        "Profit before tax": 8878,
        "Present corporate income tax expenses": 460,
        "Deferred income taxes expenses": 1409,
        "The interests of minority shareholders": 34,
        "Total Cost of profits": 1903,
        "Profit after tax corporate income": 6975,
        "Volume": 12768439,
        "Close of Quarter": 8.8,
        "EPS": 2510,
        "Non-adjusted EPS": 2510,
        "PE": 3.5,
        "Book Price": 22.8
      }
    },
    {
      "quarter": "Q4 2012",
      "income status": {
        "Net sales": 28916,
        "Cost of goods sold": 13967,
        "Gross Profit": 14949,
        "Financial expenses": 1120,
        "Of which: Interest expense": 20,
        "Cost of sales": 175,
        "Enterprise cost management": 4508,
        "Total Operating Expenses": 5803,
        "Total revenue financing activities": 3244,
        "Net profit from business activities": 12390,
        "Profit": -589,
        "Profit before tax": 11801,
        "Present corporate income tax expenses": 2760,
        "Deferred income taxes expenses": 1418,
        "The interests of minority shareholders": "N/A",
        "Total Cost of profits": 4178,
        "Profit after tax corporate income": 7623,
        "Volume": 12768439,
        "Close of Quarter": 9.5,
        "EPS": 2336,
        "Non-adjusted EPS": 2336,
        "PE": 4.1,
        "Book Price": 22.5
      }
    },
    {
      "quarter": "Q3 2012",
      "income status": {
        "Net sales": 23792,
        "Cost of goods sold": 9702,
        "Gross Profit": 14090,
        "Financial expenses": 7,
        "Of which: Interest expense": 7,
        "Cost of sales": 187,
        "Enterprise cost management": 2663,
        "Total Operating Expenses": 2857,
        "Total revenue financing activities": 3070,
        "Net profit from business activities": 14303,
        "Profit": 263,
        "Profit before tax": 14566,
        "Present corporate income tax expenses": 3486,
        "Deferred income taxes expenses": 4,
        "The interests of minority shareholders": -34,
        "Total Cost of profits": 3456,
        "Profit after tax corporate income": 11110,
        "Volume": 12768439,
        "Close of Quarter": 6.5,
        "EPS": 2317,
        "Non-adjusted EPS": 2317,
        "PE": 2.8,
        "Book Price": 22
      }
    },
    {
      "quarter": "Q2 2012",
      "income status": {
        "Net sales": 12824,
        "Cost of goods sold": 5875,
        "Gross Profit": 6949,
        "Financial expenses": 11,
        "Of which: Interest expense": 11,
        "Cost of sales": 181,
        "Enterprise cost management": 3272,
        "Total Operating Expenses": 3464,
        "Total revenue financing activities": 4417,
        "Net profit from business activities": 7902,
        "Profit": 350,
        "Profit before tax": 8252,
        "Present corporate income tax expenses": 1779,
        "Deferred income taxes expenses": -25,
        "The interests of minority shareholders": 159,
        "Total Cost of profits": 1913,
        "Profit after tax corporate income": 6339,
        "Volume": 12768439,
        "Close of Quarter": 6.3,
        "EPS": 1892,
        "Non-adjusted EPS": 1892,
        "PE": 3.3,
        "Book Price": 21.6
      }
    },
    {
      "quarter": "Q1 2012",
      "income status": {
        "Net sales": 10860,
        "Cost of goods sold": 4355,
        "Gross Profit": 6505,
        "Financial expenses": 36,
        "Of which: Interest expense": 21,
        "Cost of sales": 153,
        "Enterprise cost management": 2610,
        "Total Operating Expenses": 2799,
        "Total revenue financing activities": 2422,
        "Net profit from business activities": 6127,
        "Profit": 127,
        "Profit before tax": 6254,
        "Present corporate income tax expenses": 1499,
        "Deferred income taxes expenses": -8,
        "The interests of minority shareholders": 4,
        "Total Cost of profits": 1495,
        "Profit after tax corporate income": 4759,
        "Volume": 13168439,
        "Close of Quarter": 6.2,
        "EPS": 1951.3,
        "Non-adjusted EPS": 1892,
        "PE": 3.3,
        "Book Price": 21.8
      }
    },
    {
      "quarter": "Q4 2011",
      "income status": {
        "Net sales": 31915,
        "Cost of goods sold": 26305,
        "Gross Profit": 5610,
        "Financial expenses": 1519,
        "Of which: Interest expense": 22,
        "Cost of sales": 385,
        "Enterprise cost management": 3319,
        "Total Operating Expenses": 5223,
        "Total revenue financing activities": 2657,
        "Net profit from business activities": 3044,
        "Profit": 5756,
        "Profit before tax": 8800,
        "Present corporate income tax expenses": 1089,
        "Deferred income taxes expenses": -14,
        "The interests of minority shareholders": 343,
        "Total Cost of profits": 1418,
        "Profit after tax corporate income": 7381,
        "Volume": 13168439,
        "Close of Quarter": 5.1,
        "EPS": 1944.1,
        "Non-adjusted EPS": 1885,
        "PE": 2.7,
        "Book Price": 21.9
      }
    },
    {
      "quarter": "Q3 2011",
      "income status": {
        "Net sales": 16050,
        "Cost of goods sold": 8208,
        "Gross Profit": 7842,
        "Financial expenses": 72,
        "Of which: Interest expense": 72,
        "Cost of sales": 224,
        "Enterprise cost management": 3004,
        "Total Operating Expenses": 3300,
        "Total revenue financing activities": 2500,
        "Net profit from business activities": 7042,
        "Profit": 397,
        "Profit before tax": 7439,
        "Present corporate income tax expenses": 1738,
        "Deferred income taxes expenses": -62,
        "The interests of minority shareholders": 86,
        "Total Cost of profits": 1762,
        "Profit after tax corporate income": 5677,
        "Volume": 13168439,
        "Close of Quarter": 5.7,
        "EPS": 3233.2,
        "Non-adjusted EPS": 3135,
        "PE": 1.8,
        "Book Price": 21.8
      }
    },
    {
      "quarter": "Q2 2011",
      "income status": {
        "Net sales": 45721,
        "Cost of goods sold": 32012,
        "Gross Profit": 13709,
        "Financial expenses": 2668,
        "Of which: Interest expense": 18,
        "Cost of sales": 685,
        "Enterprise cost management": 3449,
        "Total Operating Expenses": 6802,
        "Total revenue financing activities": 2045,
        "Net profit from business activities": 8952,
        "Profit": 479,
        "Profit before tax": 9432,
        "Present corporate income tax expenses": 2313,
        "Deferred income taxes expenses": 15,
        "The interests of minority shareholders": 7,
        "Total Cost of profits": 2335,
        "Profit after tax corporate income": 7097,
        "Volume": 14120309,
        "Close of Quarter": 5.5,
        "EPS": 3138.5,
        "Non-adjusted EPS": 2838,
        "PE": 1.9,
        "Book Price": 22.3
      }
    },
    {
      "quarter": "Q1 2011",
      "income status": {
        "Net sales": 12073,
        "Cost of goods sold": 5805,
        "Gross Profit": 6268,
        "Financial expenses": 54,
        "Of which: Interest expense": 54,
        "Cost of sales": 104,
        "Enterprise cost management": 2403,
        "Total Operating Expenses": 2561,
        "Total revenue financing activities": 2061,
        "Net profit from business activities": 5768,
        "Profit": 539,
        "Profit before tax": 6307,
        "Present corporate income tax expenses": 1561,
        "Deferred income taxes expenses": -5,
        "The interests of minority shareholders": 86,
        "Total Cost of profits": 1642,
        "Profit after tax corporate income": 4665,
        "Volume": 14120309,
        "Close of Quarter": 7.5,
        "EPS": 3605.2,
        "Non-adjusted EPS": 3260,
        "PE": 2.3,
        "Book Price": 22.3
      }
    }
  ]
}