{
  "ticker": "TDH",
  "data": [
    {
      "quarter": "Q4 2016",
      "income status": {
        "Net sales": 317483,
        "Cost of goods sold": 248824,
        "Gross Profit": 68660,
        "Financial expenses": 11527,
        "Of which: Interest expense": 12929,
        "Cost of sales": 1990,
        "Enterprise cost management": 27667,
        "Total Operating Expenses": 41184,
        "Total revenue financing activities": 18663,
        "Net profit from business activities": 46316,
        "Profit": -790,
        "Profit before tax": 45526,
        "Present corporate income tax expenses": 9718,
        "Deferred income taxes expenses": "N/A",
        "The interests of minority shareholders": 17,
        "Total Cost of profits": 9735,
        "Profit after tax corporate income": 35792,
        "Volume": 70808321,
        "Close of Quarter": 8.2,
        "EPS": 1487,
        "Non-adjusted EPS": 1487,
        "PE": 5.5,
        "Book Price": 24.9
      }
    },
    {
      "quarter": "Q3 2016",
      "income status": {
        "Net sales": 334495,
        "Cost of goods sold": 294543,
        "Gross Profit": 39952,
        "Financial expenses": 20453,
        "Of which: Interest expense": 13810,
        "Cost of sales": 2880,
        "Enterprise cost management": 23671,
        "Total Operating Expenses": 47004,
        "Total revenue financing activities": 15668,
        "Net profit from business activities": 8649,
        "Profit": 499,
        "Profit before tax": 9147,
        "Present corporate income tax expenses": 1977,
        "Deferred income taxes expenses": -267,
        "The interests of minority shareholders": 70,
        "Total Cost of profits": 1780,
        "Profit after tax corporate income": 7367,
        "Volume": 70808321,
        "Close of Quarter": 9.2,
        "EPS": 1516,
        "Non-adjusted EPS": 1516,
        "PE": 6.0,
        "Book Price": 24.6
      }
    },
    {
      "quarter": "Q2 2016",
      "income status": {
        "Net sales": 277982,
        "Cost of goods sold": 189224,
        "Gross Profit": 88757,
        "Financial expenses": 23342,
        "Of which: Interest expense": 21927,
        "Cost of sales": 1966,
        "Enterprise cost management": 19612,
        "Total Operating Expenses": 44920,
        "Total revenue financing activities": 14697,
        "Net profit from business activities": 60622,
        "Profit": 249,
        "Profit before tax": 60871,
        "Present corporate income tax expenses": 11438,
        "Deferred income taxes expenses": 267,
        "The interests of minority shareholders": "N/A",
        "Total Cost of profits": 11705,
        "Profit after tax corporate income": 49165,
        "Volume": 61550029,
        "Close of Quarter": 9.6,
        "EPS": 1665.5,
        "Non-adjusted EPS": 1916,
        "PE": 5.0,
        "Book Price": 23.0
      }
    },
    {
      "quarter": "Q1 2016",
      "income status": {
        "Net sales": 130799,
        "Cost of goods sold": 113197,
        "Gross Profit": 17602,
        "Financial expenses": 8762,
        "Of which: Interest expense": 7744,
        "Cost of sales": 326,
        "Enterprise cost management": 17770,
        "Total Operating Expenses": 26858,
        "Total revenue financing activities": 25259,
        "Net profit from business activities": 16003,
        "Profit": 117,
        "Profit before tax": 16120,
        "Present corporate income tax expenses": 3129,
        "Deferred income taxes expenses": "N/A",
        "The interests of minority shareholders": "N/A",
        "Total Cost of profits": 3129,
        "Profit after tax corporate income": 12991,
        "Volume": 41784666,
        "Close of Quarter": 8.6,
        "EPS": 739.4,
        "Non-adjusted EPS": 1253,
        "PE": 6.9,
        "Book Price": 19.6
      }
    },
    {
      "quarter": "Q4 2015",
      "income status": {
        "Net sales": 337389,
        "Cost of goods sold": 305908,
        "Gross Profit": 31481,
        "Financial expenses": -46622,
        "Of which: Interest expense": 18337,
        "Cost of sales": 1795,
        "Enterprise cost management": 36114,
        "Total Operating Expenses": -8713,
        "Total revenue financing activities": 9984,
        "Net profit from business activities": 50178,
        "Profit": 469,
        "Profit before tax": 50647,
        "Present corporate income tax expenses": 10871,
        "Deferred income taxes expenses": "N/A",
        "The interests of minority shareholders": 1977,
        "Total Cost of profits": 12848,
        "Profit after tax corporate income": 37798,
        "Volume": 41784666,
        "Close of Quarter": 8.9,
        "EPS": 667.4,
        "Non-adjusted EPS": 1131,
        "PE": 7.9,
        "Book Price": 19.4
      }
    },
    {
      "quarter": "Q3 2015",
      "income status": {
        "Net sales": 159274,
        "Cost of goods sold": 125294,
        "Gross Profit": 33980,
        "Financial expenses": 7766,
        "Of which: Interest expense": 8743,
        "Cost of sales": 1189,
        "Enterprise cost management": 14766,
        "Total Operating Expenses": 23721,
        "Total revenue financing activities": 9680,
        "Net profit from business activities": 19706,
        "Profit": 697,
        "Profit before tax": 20403,
        "Present corporate income tax expenses": 2994,
        "Deferred income taxes expenses": 199,
        "The interests of minority shareholders": -759,
        "Total Cost of profits": 2434,
        "Profit after tax corporate income": 17969,
        "Volume": 41784666,
        "Close of Quarter": 8.7,
        "EPS": 309.8,
        "Non-adjusted EPS": 525,
        "PE": 16.5,
        "Book Price": 19.2
      }
    },
    {
      "quarter": "Q2 2015",
      "income status": {
        "Net sales": 184909,
        "Cost of goods sold": 166206,
        "Gross Profit": 18703,
        "Financial expenses": 23902,
        "Of which: Interest expense": 14508,
        "Cost of sales": 4484,
        "Enterprise cost management": 19926,
        "Total Operating Expenses": 48312,
        "Total revenue financing activities": 13686,
        "Net profit from business activities": -16136,
        "Profit": 819,
        "Profit before tax": -15317,
        "Present corporate income tax expenses": 2222,
        "Deferred income taxes expenses": -1131,
        "The interests of minority shareholders": 4,
        "Total Cost of profits": 1095,
        "Profit after tax corporate income": -16412,
        "Volume": 41784666,
        "Close of Quarter": 10.9,
        "EPS": 70.2,
        "Non-adjusted EPS": 119,
        "PE": 91.3,
        "Book Price": 19.2
      }
    },
    {
      "quarter": "Q1 2015",
      "income status": {
        "Net sales": 200804,
        "Cost of goods sold": 152376,
        "Gross Profit": 48428,
        "Financial expenses": 15364,
        "Of which: Interest expense": 11401,
        "Cost of sales": 3474,
        "Enterprise cost management": 22313,
        "Total Operating Expenses": 41151,
        "Total revenue financing activities": 58,
        "Net profit from business activities": 7145,
        "Profit": 874,
        "Profit before tax": 8018,
        "Present corporate income tax expenses": 822,
        "Deferred income taxes expenses": "N/A",
        "The interests of minority shareholders": -701,
        "Total Cost of profits": 121,
        "Profit after tax corporate income": 7897,
        "Volume": 41784666,
        "Close of Quarter": 11.7,
        "EPS": 495.1,
        "Non-adjusted EPS": 839,
        "PE": 14.0,
        "Book Price": 19.2
      }
    },
    {
      "quarter": "Q4 2014",
      "income status": {
        "Net sales": 507988,
        "Cost of goods sold": 432398,
        "Gross Profit": 75590,
        "Financial expenses": 19973,
        "Of which: Interest expense": 15708,
        "Cost of sales": 14035,
        "Enterprise cost management": 39270,
        "Total Operating Expenses": 73278,
        "Total revenue financing activities": 13610,
        "Net profit from business activities": 16141,
        "Profit": -699,
        "Profit before tax": 15441,
        "Present corporate income tax expenses": 3893,
        "Deferred income taxes expenses": "N/A",
        "The interests of minority shareholders": -930,
        "Total Cost of profits": 2963,
        "Profit after tax corporate income": 12478,
        "Volume": 37970360,
        "Close of Quarter": 10.8,
        "EPS": 515.3,
        "Non-adjusted EPS": 961,
        "PE": 11.3,
        "Book Price": 21.4
      }
    },
    {
      "quarter": "Q3 2014",
      "income status": {
        "Net sales": 99606,
        "Cost of goods sold": 82934,
        "Gross Profit": 16672,
        "Financial expenses": 8080,
        "Of which: Interest expense": 12255,
        "Cost of sales": 1147,
        "Enterprise cost management": 14942,
        "Total Operating Expenses": 24169,
        "Total revenue financing activities": 7584,
        "Net profit from business activities": 239,
        "Profit": 366,
        "Profit before tax": 605,
        "Present corporate income tax expenses": 275,
        "Deferred income taxes expenses": "N/A",
        "The interests of minority shareholders": -661,
        "Total Cost of profits": -386,
        "Profit after tax corporate income": 991,
        "Volume": 37970360,
        "Close of Quarter": 10.1,
        "EPS": 640.3,
        "Non-adjusted EPS": 1194,
        "PE": 8.4,
        "Book Price": 20.7
      }
    },
    {
      "quarter": "Q2 2014",
      "income status": {
        "Net sales": 119926,
        "Cost of goods sold": 106650,
        "Gross Profit": 13275,
        "Financial expenses": 15971,
        "Of which: Interest expense": 12962,
        "Cost of sales": 1466,
        "Enterprise cost management": 14349,
        "Total Operating Expenses": 31786,
        "Total revenue financing activities": 29021,
        "Net profit from business activities": 12465,
        "Profit": 2350,
        "Profit before tax": 14814,
        "Present corporate income tax expenses": 1592,
        "Deferred income taxes expenses": 378,
        "The interests of minority shareholders": -857,
        "Total Cost of profits": 1113,
        "Profit after tax corporate income": 13702,
        "Volume": 37970360,
        "Close of Quarter": 8.8,
        "EPS": 842.4,
        "Non-adjusted EPS": 1571,
        "PE": 5.6,
        "Book Price": 20.7
      }
    },
    {
      "quarter": "Q1 2014",
      "income status": {
        "Net sales": 78673,
        "Cost of goods sold": 56879,
        "Gross Profit": 21794,
        "Financial expenses": -2800,
        "Of which: Interest expense": 13673,
        "Cost of sales": 838,
        "Enterprise cost management": 14280,
        "Total Operating Expenses": 12318,
        "Total revenue financing activities": 1210,
        "Net profit from business activities": 10685,
        "Profit": 318,
        "Profit before tax": 11003,
        "Present corporate income tax expenses": 2582,
        "Deferred income taxes expenses": "N/A",
        "The interests of minority shareholders": -900,
        "Total Cost of profits": 1682,
        "Profit after tax corporate income": 9321,
        "Volume": 37970360,
        "Close of Quarter": 10.6,
        "EPS": 534.1,
        "Non-adjusted EPS": 996,
        "PE": 10.6,
        "Book Price": 20.5
      }
    },
    {
      "quarter": "Q4 2013",
      "income status": {
        "Net sales": 125498,
        "Cost of goods sold": 75575,
        "Gross Profit": 49924,
        "Financial expenses": 8350,
        "Of which: Interest expense": 16455,
        "Cost of sales": 2156,
        "Enterprise cost management": 14904,
        "Total Operating Expenses": 25410,
        "Total revenue financing activities": 1345,
        "Net profit from business activities": 25859,
        "Profit": 162,
        "Profit before tax": 21857,
        "Present corporate income tax expenses": 1179,
        "Deferred income taxes expenses": "N/A",
        "The interests of minority shareholders": -635,
        "Total Cost of profits": 544,
        "Profit after tax corporate income": 21313,
        "Volume": 37970360,
        "Close of Quarter": 7.7,
        "EPS": 413.4,
        "Non-adjusted EPS": 771,
        "PE": 9.9,
        "Book Price": 19.3
      }
    },
    {
      "quarter": "Q3 2013",
      "income status": {
        "Net sales": 93340,
        "Cost of goods sold": 57192,
        "Gross Profit": 36148,
        "Financial expenses": 12178,
        "Of which: Interest expense": 4442,
        "Cost of sales": 1003,
        "Enterprise cost management": 11490,
        "Total Operating Expenses": 24671,
        "Total revenue financing activities": 4793,
        "Net profit from business activities": 16271,
        "Profit": 418,
        "Profit before tax": 16081,
        "Present corporate income tax expenses": 1124,
        "Deferred income taxes expenses": "N/A",
        "The interests of minority shareholders": -340,
        "Total Cost of profits": 784,
        "Profit after tax corporate income": 15297,
        "Volume": 37913096,
        "Close of Quarter": 6.3,
        "EPS": 360.9,
        "Non-adjusted EPS": 674,
        "PE": 9.3,
        "Book Price": 19.0
      }
    },
    {
      "quarter": "Q2 2013",
      "income status": {
        "Net sales": 106147,
        "Cost of goods sold": 81070,
        "Gross Profit": 25077,
        "Financial expenses": 21871,
        "Of which: Interest expense": 22604,
        "Cost of sales": 1185,
        "Enterprise cost management": 13992,
        "Total Operating Expenses": 37048,
        "Total revenue financing activities": 4383,
        "Net profit from business activities": -7588,
        "Profit": -517,
        "Profit before tax": -7767,
        "Present corporate income tax expenses": 1007,
        "Deferred income taxes expenses": "N/A",
        "The interests of minority shareholders": -654,
        "Total Cost of profits": 353,
        "Profit after tax corporate income": -8119,
        "Volume": 37913096,
        "Close of Quarter": 6.9,
        "EPS": 26.8,
        "Non-adjusted EPS": 50,
        "PE": 138.4,
        "Book Price": 18.8
      }
    },
    {
      "quarter": "Q1 2013",
      "income status": {
        "Net sales": 84497,
        "Cost of goods sold": 66062,
        "Gross Profit": 18434,
        "Financial expenses": 6261,
        "Of which: Interest expense": 7928,
        "Cost of sales": 1276,
        "Enterprise cost management": 11415,
        "Total Operating Expenses": 18952,
        "Total revenue financing activities": 213,
        "Net profit from business activities": -305,
        "Profit": 1521,
        "Profit before tax": 1216,
        "Present corporate income tax expenses": 1031,
        "Deferred income taxes expenses": "N/A",
        "The interests of minority shareholders": -590,
        "Total Cost of profits": 441,
        "Profit after tax corporate income": 775,
        "Volume": 37913096,
        "Close of Quarter": 6.8,
        "EPS": 256.5,
        "Non-adjusted EPS": 479,
        "PE": 14.2,
        "Book Price": 19.0
      }
    },
    {
      "quarter": "Q4 2012",
      "income status": {
        "Net sales": 32019,
        "Cost of goods sold": 22953,
        "Gross Profit": 9066,
        "Financial expenses": 19848,
        "Of which: Interest expense": 15585,
        "Cost of sales": 2518,
        "Enterprise cost management": 18528,
        "Total Operating Expenses": 40894,
        "Total revenue financing activities": 51780,
        "Net profit from business activities": 19952,
        "Profit": 1651,
        "Profit before tax": 21025,
        "Present corporate income tax expenses": 4327,
        "Deferred income taxes expenses": "N/A",
        "The interests of minority shareholders": -903,
        "Total Cost of profits": 3424,
        "Profit after tax corporate income": 17601,
        "Volume": 37695010,
        "Close of Quarter": 6.8,
        "EPS": 287.5,
        "Non-adjusted EPS": 540,
        "PE": 12.5,
        "Book Price": 19
      }
    },
    {
      "quarter": "Q3 2012",
      "income status": {
        "Net sales": 73765,
        "Cost of goods sold": 59341,
        "Gross Profit": 14425,
        "Financial expenses": 19247,
        "Of which: Interest expense": 8476,
        "Cost of sales": 1425,
        "Enterprise cost management": 8532,
        "Total Operating Expenses": 29204,
        "Total revenue financing activities": 4538,
        "Net profit from business activities": -10242,
        "Profit": 818,
        "Profit before tax": -8520,
        "Present corporate income tax expenses": 978,
        "Deferred income taxes expenses": "N/A",
        "The interests of minority shareholders": -1137,
        "Total Cost of profits": -159,
        "Profit after tax corporate income": -8361,
        "Volume": 37695010,
        "Close of Quarter": 5.6,
        "EPS": -162.9,
        "Non-adjusted EPS": -306,
        "PE": -18.2,
        "Book Price": 18.6
      }
    },
    {
      "quarter": "Q2 2012",
      "income status": {
        "Net sales": 85685,
        "Cost of goods sold": 67311,
        "Gross Profit": 18374,
        "Financial expenses": 18531,
        "Of which: Interest expense": 18423,
        "Cost of sales": 1784,
        "Enterprise cost management": 16213,
        "Total Operating Expenses": 36528,
        "Total revenue financing activities": 20006,
        "Net profit from business activities": 1853,
        "Profit": -596,
        "Profit before tax": 5566,
        "Present corporate income tax expenses": -277,
        "Deferred income taxes expenses": 234,
        "The interests of minority shareholders": -2523,
        "Total Cost of profits": -2566,
        "Profit after tax corporate income": 8132,
        "Volume": 37695010,
        "Close of Quarter": 8.3,
        "EPS": -212.4,
        "Non-adjusted EPS": -399,
        "PE": -20.7,
        "Book Price": 18.6
      }
    },
    {
      "quarter": "Q1 2012",
      "income status": {
        "Net sales": 66955,
        "Cost of goods sold": 57007,
        "Gross Profit": 9947,
        "Financial expenses": 2676,
        "Of which: Interest expense": 9038,
        "Cost of sales": 2483,
        "Enterprise cost management": 9623,
        "Total Operating Expenses": 14782,
        "Total revenue financing activities": 3345,
        "Net profit from business activities": -1490,
        "Profit": 507,
        "Profit before tax": 2898,
        "Present corporate income tax expenses": 627,
        "Deferred income taxes expenses": "N/A",
        "The interests of minority shareholders": -709,
        "Total Cost of profits": -82,
        "Profit after tax corporate income": 2980,
        "Volume": 37695010,
        "Close of Quarter": 8.3,
        "EPS": -142.1,
        "Non-adjusted EPS": -267,
        "PE": -31.2,
        "Book Price": 18.5
      }
    },
    {
      "quarter": "Q4 2011",
      "income status": {
        "Net sales": 161708,
        "Cost of goods sold": 133382,
        "Gross Profit": 28326,
        "Financial expenses": 40411,
        "Of which: Interest expense": 32374,
        "Cost of sales": 11707,
        "Enterprise cost management": 19978,
        "Total Operating Expenses": 72096,
        "Total revenue financing activities": 17703,
        "Net profit from business activities": -26067,
        "Profit": 2405,
        "Profit before tax": -24664,
        "Present corporate income tax expenses": 2665,
        "Deferred income taxes expenses": "N/A",
        "The interests of minority shareholders": -13029,
        "Total Cost of profits": -10364,
        "Profit after tax corporate income": -14300,
        "Volume": 37695010,
        "Close of Quarter": 6.4,
        "EPS": 116.1,
        "Non-adjusted EPS": 218,
        "PE": 29.2,
        "Book Price": 17.7
      }
    },
    {
      "quarter": "Q3 2011",
      "income status": {
        "Net sales": 75901,
        "Cost of goods sold": 61579,
        "Gross Profit": 14321,
        "Financial expenses": 14330,
        "Of which: Interest expense": 12761,
        "Cost of sales": 2144,
        "Enterprise cost management": 11052,
        "Total Operating Expenses": 27526,
        "Total revenue financing activities": 1655,
        "Net profit from business activities": -11550,
        "Profit": -2012,
        "Profit before tax": -13126,
        "Present corporate income tax expenses": -1186,
        "Deferred income taxes expenses": "N/A",
        "The interests of minority shareholders": -91,
        "Total Cost of profits": -1277,
        "Profit after tax corporate income": -11849,
        "Volume": 37695010,
        "Close of Quarter": 9.6,
        "EPS": 1325.0,
        "Non-adjusted EPS": 2489,
        "PE": 3.9,
        "Book Price": 18.4
      }
    },
    {
      "quarter": "Q2 2011",
      "income status": {
        "Net sales": 174720,
        "Cost of goods sold": 126906,
        "Gross Profit": 47814,
        "Financial expenses": 25121,
        "Of which: Interest expense": 10712,
        "Cost of sales": 2346,
        "Enterprise cost management": 17401,
        "Total Operating Expenses": 44868,
        "Total revenue financing activities": 11155,
        "Net profit from business activities": 14101,
        "Profit": 2321,
        "Profit before tax": 16638,
        "Present corporate income tax expenses": 3414,
        "Deferred income taxes expenses": "N/A",
        "The interests of minority shareholders": 107,
        "Total Cost of profits": 3521,
        "Profit after tax corporate income": 13118,
        "Volume": 37875000,
        "Close of Quarter": 9.8,
        "EPS": 2671.8,
        "Non-adjusted EPS": 4995,
        "PE": 2.0,
        "Book Price": 18.5
      }
    },
    {
      "quarter": "Q1 2011",
      "income status": {
        "Net sales": 120762,
        "Cost of goods sold": 80087,
        "Gross Profit": 40675,
        "Financial expenses": 11858,
        "Of which: Interest expense": 8360,
        "Cost of sales": 2995,
        "Enterprise cost management": 14958,
        "Total Operating Expenses": 29811,
        "Total revenue financing activities": 15660,
        "Net profit from business activities": 26525,
        "Profit": 887,
        "Profit before tax": 27660,
        "Present corporate income tax expenses": 6776,
        "Deferred income taxes expenses": "N/A",
        "The interests of minority shareholders": -376,
        "Total Cost of profits": 6400,
        "Profit after tax corporate income": 21261,
        "Volume": 37875000,
        "Close of Quarter": 13.5,
        "EPS": 3155.9,
        "Non-adjusted EPS": 5900,
        "PE": 2.3,
        "Book Price": 19.1
      }
    }
  ]
}