{
  "ticker": "MCF",
  "data": [
    {
      "quarter": "Q4 2016",
      "income status": {
        "Net sales": 102339,
        "Cost of goods sold": 89745,
        "Gross Profit": 12594,
        "Financial expenses": 949,
        "Of which: Interest expense": 273,
        "Cost of sales": 4636,
        "Enterprise cost management": 8281,
        "Total Operating Expenses": 13866,
        "Total revenue financing activities": 88,
        "Net profit from business activities": -1183,
        "Profit": 3135,
        "Profit before tax": 1952,
        "Present corporate income tax expenses": 118,
        "Deferred income taxes expenses": 131,
        "The interests of minority shareholders": "N/A",
        "Total Cost of profits": 249,
        "Profit after tax corporate income": 1703,
        "Volume": 8000000,
        "Close of Quarter": 14.7,
        "EPS": 1603,
        "Non-adjusted EPS": 1603,
        "PE": 9.1,
        "Book Price": 14.7
      }
    },
    {
      "quarter": "Q3 2016",
      "income status": {
        "Net sales": 119714,
        "Cost of goods sold": 101388,
        "Gross Profit": 18326,
        "Financial expenses": 767,
        "Of which: Interest expense": 708,
        "Cost of sales": 4831,
        "Enterprise cost management": 5830,
        "Total Operating Expenses": 11428,
        "Total revenue financing activities": 105,
        "Net profit from business activities": 7003,
        "Profit": -270,
        "Profit before tax": 6733,
        "Present corporate income tax expenses": 1415,
        "Deferred income taxes expenses": "N/A",
        "The interests of minority shareholders": "N/A",
        "Total Cost of profits": 1415,
        "Profit after tax corporate income": 5318,
        "Volume": 8000000,
        "Close of Quarter": 14.7,
        "EPS": 1710,
        "Non-adjusted EPS": 1710,
        "PE": 8.6,
        "Book Price": 14.7
      }
    },
    {
      "quarter": "Q2 2016",
      "income status": {
        "Net sales": 120683,
        "Cost of goods sold": 109154,
        "Gross Profit": 11528,
        "Financial expenses": 1265,
        "Of which: Interest expense": 1249,
        "Cost of sales": 4369,
        "Enterprise cost management": 1559,
        "Total Operating Expenses": 7193,
        "Total revenue financing activities": 111,
        "Net profit from business activities": 4446,
        "Profit": -277,
        "Profit before tax": 4169,
        "Present corporate income tax expenses": 891,
        "Deferred income taxes expenses": "N/A",
        "The interests of minority shareholders": "N/A",
        "Total Cost of profits": 891,
        "Profit after tax corporate income": 3279,
        "Volume": 8000000,
        "Close of Quarter": 13.9,
        "EPS": 1400,
        "Non-adjusted EPS": 1400,
        "PE": 9.9,
        "Book Price": 14
      }
    },
    {
      "quarter": "Q1 2016",
      "income status": {
        "Net sales": 80034,
        "Cost of goods sold": 69040,
        "Gross Profit": 10993,
        "Financial expenses": 632,
        "Of which: Interest expense": 410,
        "Cost of sales": 3293,
        "Enterprise cost management": 4079,
        "Total Operating Expenses": 8004,
        "Total revenue financing activities": 110,
        "Net profit from business activities": 3099,
        "Profit": 55,
        "Profit before tax": 3154,
        "Present corporate income tax expenses": 632,
        "Deferred income taxes expenses": "N/A",
        "The interests of minority shareholders": "N/A",
        "Total Cost of profits": 632,
        "Profit after tax corporate income": 2522,
        "Volume": 8000000,
        "Close of Quarter": 12.3,
        "EPS": 1269,
        "Non-adjusted EPS": 1269,
        "PE": 9.7,
        "Book Price": 14.8
      }
    },
    {
      "quarter": "Q4 2015",
      "income status": {
        "Net sales": 187515,
        "Cost of goods sold": 170768,
        "Gross Profit": 16747,
        "Financial expenses": 1032,
        "Of which: Interest expense": 990,
        "Cost of sales": 6804,
        "Enterprise cost management": 8460,
        "Total Operating Expenses": 16296,
        "Total revenue financing activities": 1146,
        "Net profit from business activities": 1596,
        "Profit": 1708,
        "Profit before tax": 3304,
        "Present corporate income tax expenses": 1006,
        "Deferred income taxes expenses": -263,
        "The interests of minority shareholders": "N/A",
        "Total Cost of profits": 743,
        "Profit after tax corporate income": 2562,
        "Volume": 8000000,
        "Close of Quarter": 14.4,
        "EPS": 1494,
        "Non-adjusted EPS": 1494,
        "PE": 9.6,
        "Book Price": 14.5
      }
    },
    {
      "quarter": "Q3 2015",
      "income status": {
        "Net sales": 83580,
        "Cost of goods sold": 69972,
        "Gross Profit": 13608,
        "Financial expenses": 1406,
        "Of which: Interest expense": 1402,
        "Cost of sales": 3377,
        "Enterprise cost management": 4949,
        "Total Operating Expenses": 9732,
        "Total revenue financing activities": 381,
        "Net profit from business activities": 4255,
        "Profit": -623,
        "Profit before tax": 3633,
        "Present corporate income tax expenses": 799,
        "Deferred income taxes expenses": "N/A",
        "The interests of minority shareholders": "N/A",
        "Total Cost of profits": 799,
        "Profit after tax corporate income": 2833,
        "Volume": 8000000,
        "Close of Quarter": 12.0,
        "EPS": 1600,
        "Non-adjusted EPS": 1600,
        "PE": 7.5,
        "Book Price": 14.2
      }
    },
    {
      "quarter": "Q2 2015",
      "income status": {
        "Net sales": 102511,
        "Cost of goods sold": 91267,
        "Gross Profit": 11244,
        "Financial expenses": 2126,
        "Of which: Interest expense": 2119,
        "Cost of sales": 3514,
        "Enterprise cost management": 6578,
        "Total Operating Expenses": 12218,
        "Total revenue financing activities": 1642,
        "Net profit from business activities": 668,
        "Profit": 2202,
        "Profit before tax": 2870,
        "Present corporate income tax expenses": 634,
        "Deferred income taxes expenses": "N/A",
        "The interests of minority shareholders": "N/A",
        "Total Cost of profits": 634,
        "Profit after tax corporate income": 2236,
        "Volume": 8000000,
        "Close of Quarter": 14.6,
        "EPS": 2004,
        "Non-adjusted EPS": 2004,
        "PE": 7.3,
        "Book Price": 13.8
      }
    },
    {
      "quarter": "Q1 2015",
      "income status": {
        "Net sales": 86096,
        "Cost of goods sold": 74023,
        "Gross Profit": 12073,
        "Financial expenses": 714,
        "Of which: Interest expense": 633,
        "Cost of sales": 4069,
        "Enterprise cost management": 3599,
        "Total Operating Expenses": 8382,
        "Total revenue financing activities": 403,
        "Net profit from business activities": 4093,
        "Profit": 1449,
        "Profit before tax": 5542,
        "Present corporate income tax expenses": 1219,
        "Deferred income taxes expenses": "N/A",
        "The interests of minority shareholders": "N/A",
        "Total Cost of profits": 1219,
        "Profit after tax corporate income": 4323,
        "Volume": 8000000,
        "Close of Quarter": 13.6,
        "EPS": 2281,
        "Non-adjusted EPS": 2281,
        "PE": 5.9,
        "Book Price": 15.4
      }
    },
    {
      "quarter": "Q4 2014",
      "income status": {
        "Net sales": 134713,
        "Cost of goods sold": 120103,
        "Gross Profit": 14610,
        "Financial expenses": 855,
        "Of which: Interest expense": 313,
        "Cost of sales": 5260,
        "Enterprise cost management": 8837,
        "Total Operating Expenses": 14952,
        "Total revenue financing activities": 1359,
        "Net profit from business activities": 1017,
        "Profit": 3284,
        "Profit before tax": 4301,
        "Present corporate income tax expenses": 890,
        "Deferred income taxes expenses": "N/A",
        "The interests of minority shareholders": "N/A",
        "Total Cost of profits": 890,
        "Profit after tax corporate income": 3411,
        "Volume": 8000000,
        "Close of Quarter": 14.8,
        "EPS": 2403,
        "Non-adjusted EPS": 2403,
        "PE": 6.2,
        "Book Price": 14.9
      }
    },
    {
      "quarter": "Q3 2014",
      "income status": {
        "Net sales": 227409,
        "Cost of goods sold": 202036,
        "Gross Profit": 25372,
        "Financial expenses": 1738,
        "Of which: Interest expense": 1106,
        "Cost of sales": 10657,
        "Enterprise cost management": 6489,
        "Total Operating Expenses": 18884,
        "Total revenue financing activities": 604,
        "Net profit from business activities": 7093,
        "Profit": 675,
        "Profit before tax": 7768,
        "Present corporate income tax expenses": 1709,
        "Deferred income taxes expenses": "N/A",
        "The interests of minority shareholders": "N/A",
        "Total Cost of profits": 1709,
        "Profit after tax corporate income": 6059,
        "Volume": 8000000,
        "Close of Quarter": 13.2,
        "EPS": 2559,
        "Non-adjusted EPS": 2559,
        "PE": 5.2,
        "Book Price": 14.5
      }
    },
    {
      "quarter": "Q2 2014",
      "income status": {
        "Net sales": 268341,
        "Cost of goods sold": 253347,
        "Gross Profit": 14994,
        "Financial expenses": 2235,
        "Of which: Interest expense": 2095,
        "Cost of sales": 5806,
        "Enterprise cost management": 7268,
        "Total Operating Expenses": 15309,
        "Total revenue financing activities": 2552,
        "Net profit from business activities": 2236,
        "Profit": 3476,
        "Profit before tax": 5713,
        "Present corporate income tax expenses": 1259,
        "Deferred income taxes expenses": "N/A",
        "The interests of minority shareholders": "N/A",
        "Total Cost of profits": 1259,
        "Profit after tax corporate income": 4454,
        "Volume": 8000000,
        "Close of Quarter": 12.3,
        "EPS": 2272,
        "Non-adjusted EPS": 2272,
        "PE": 5.4,
        "Book Price": 13.7
      }
    },
    {
      "quarter": "Q1 2014",
      "income status": {
        "Net sales": 181841,
        "Cost of goods sold": 161178,
        "Gross Profit": 20663,
        "Financial expenses": 1584,
        "Of which: Interest expense": 1525,
        "Cost of sales": 7814,
        "Enterprise cost management": 6323,
        "Total Operating Expenses": 15721,
        "Total revenue financing activities": 1086,
        "Net profit from business activities": 6029,
        "Profit": 768,
        "Profit before tax": 6796,
        "Present corporate income tax expenses": 1495,
        "Deferred income taxes expenses": "N/A",
        "The interests of minority shareholders": "N/A",
        "Total Cost of profits": 1495,
        "Profit after tax corporate income": 5301,
        "Volume": 8000000,
        "Close of Quarter": 11.9,
        "EPS": 2292,
        "Non-adjusted EPS": 2292,
        "PE": 5.2,
        "Book Price": 13.4
      }
    },
    {
      "quarter": "Q4 2013",
      "income status": {
        "Net sales": 209325,
        "Cost of goods sold": 198025,
        "Gross Profit": 11300,
        "Financial expenses": 1334,
        "Of which: Interest expense": 1319,
        "Cost of sales": 3816,
        "Enterprise cost management": 7064,
        "Total Operating Expenses": 12214,
        "Total revenue financing activities": 2312,
        "Net profit from business activities": 1398,
        "Profit": 4814,
        "Profit before tax": 6212,
        "Present corporate income tax expenses": 1553,
        "Deferred income taxes expenses": "N/A",
        "The interests of minority shareholders": "N/A",
        "Total Cost of profits": 1553,
        "Profit after tax corporate income": 4659,
        "Volume": 8000000,
        "Close of Quarter": 10.6,
        "EPS": 2389,
        "Non-adjusted EPS": 2389,
        "PE": 4.4,
        "Book Price": 14.4
      }
    },
    {
      "quarter": "Q3 2013",
      "income status": {
        "Net sales": 185280,
        "Cost of goods sold": 166859,
        "Gross Profit": 18421,
        "Financial expenses": 2520,
        "Of which: Interest expense": 2318,
        "Cost of sales": 6939,
        "Enterprise cost management": 6884,
        "Total Operating Expenses": 16343,
        "Total revenue financing activities": 946,
        "Net profit from business activities": 3023,
        "Profit": 1996,
        "Profit before tax": 5019,
        "Present corporate income tax expenses": 1255,
        "Deferred income taxes expenses": "N/A",
        "The interests of minority shareholders": "N/A",
        "Total Cost of profits": 1255,
        "Profit after tax corporate income": 3764,
        "Volume": 8000000,
        "Close of Quarter": 10.9,
        "EPS": 2676,
        "Non-adjusted EPS": 2676,
        "PE": 4.1,
        "Book Price": 13.8
      }
    },
    {
      "quarter": "Q2 2013",
      "income status": {
        "Net sales": 204639,
        "Cost of goods sold": 187800,
        "Gross Profit": 16839,
        "Financial expenses": 2824,
        "Of which: Interest expense": 2594,
        "Cost of sales": 4702,
        "Enterprise cost management": 7217,
        "Total Operating Expenses": 14743,
        "Total revenue financing activities": 1808,
        "Net profit from business activities": 3904,
        "Profit": 2245,
        "Profit before tax": 6148,
        "Present corporate income tax expenses": 1537,
        "Deferred income taxes expenses": "N/A",
        "The interests of minority shareholders": "N/A",
        "Total Cost of profits": 1537,
        "Profit after tax corporate income": 4611,
        "Volume": 8000000,
        "Close of Quarter": 11.3,
        "EPS": 3034,
        "Non-adjusted EPS": 3034,
        "PE": 3.7,
        "Book Price": 13.3
      }
    },
    {
      "quarter": "Q1 2013",
      "income status": {
        "Net sales": 151062,
        "Cost of goods sold": 131988,
        "Gross Profit": 19074,
        "Financial expenses": 1084,
        "Of which: Interest expense": 992,
        "Cost of sales": 2904,
        "Enterprise cost management": 8880,
        "Total Operating Expenses": 12868,
        "Total revenue financing activities": 1057,
        "Net profit from business activities": 7264,
        "Profit": 836,
        "Profit before tax": 8100,
        "Present corporate income tax expenses": 2025,
        "Deferred income taxes expenses": "N/A",
        "The interests of minority shareholders": "N/A",
        "Total Cost of profits": 2025,
        "Profit after tax corporate income": 6075,
        "Volume": 8000000,
        "Close of Quarter": 9.9,
        "EPS": 3249,
        "Non-adjusted EPS": 3249,
        "PE": 3.0,
        "Book Price": 12.8
      }
    },
    {
      "quarter": "Q4 2012",
      "income status": {
        "Net sales": 194628,
        "Cost of goods sold": 171645,
        "Gross Profit": 22982,
        "Financial expenses": 591,
        "Of which: Interest expense": 588,
        "Cost of sales": 5395,
        "Enterprise cost management": 15216,
        "Total Operating Expenses": 21202,
        "Total revenue financing activities": 1227,
        "Net profit from business activities": 3008,
        "Profit": 6024,
        "Profit before tax": 9032,
        "Present corporate income tax expenses": 2077,
        "Deferred income taxes expenses": "N/A",
        "The interests of minority shareholders": "N/A",
        "Total Cost of profits": 2077,
        "Profit after tax corporate income": 6956,
        "Volume": 8000000,
        "Close of Quarter": 7.1,
        "EPS": 3460,
        "Non-adjusted EPS": 3460,
        "PE": 2.1,
        "Book Price": 12.8
      }
    },
    {
      "quarter": "Q3 2012",
      "income status": {
        "Net sales": 169655,
        "Cost of goods sold": 145904,
        "Gross Profit": 23750,
        "Financial expenses": 1969,
        "Of which: Interest expense": 1945,
        "Cost of sales": 5268,
        "Enterprise cost management": 10593,
        "Total Operating Expenses": 17830,
        "Total revenue financing activities": 395,
        "Net profit from business activities": 6315,
        "Profit": 978,
        "Profit before tax": 7293,
        "Present corporate income tax expenses": 661,
        "Deferred income taxes expenses": "N/A",
        "The interests of minority shareholders": "N/A",
        "Total Cost of profits": 661,
        "Profit after tax corporate income": 6632,
        "Volume": 8000000,
        "Close of Quarter": 6.5,
        "EPS": 2946,
        "Non-adjusted EPS": 2946,
        "PE": 2.2,
        "Book Price": 13.5
      }
    },
    {
      "quarter": "Q2 2012",
      "income status": {
        "Net sales": 224918,
        "Cost of goods sold": 197291,
        "Gross Profit": 27628,
        "Financial expenses": 4594,
        "Of which: Interest expense": 4568,
        "Cost of sales": 5783,
        "Enterprise cost management": 12068,
        "Total Operating Expenses": 22445,
        "Total revenue financing activities": 791,
        "Net profit from business activities": 5973,
        "Profit": 2463,
        "Profit before tax": 8436,
        "Present corporate income tax expenses": 2109,
        "Deferred income taxes expenses": "N/A",
        "The interests of minority shareholders": "N/A",
        "Total Cost of profits": 2109,
        "Profit after tax corporate income": 6327,
        "Volume": 8000000,
        "Close of Quarter": 7.1,
        "EPS": 2369,
        "Non-adjusted EPS": 2369,
        "PE": 3.0,
        "Book Price": 12.7
      }
    },
    {
      "quarter": "Q1 2012",
      "income status": {
        "Net sales": 150203,
        "Cost of goods sold": 126504,
        "Gross Profit": 23699,
        "Financial expenses": 1393,
        "Of which: Interest expense": 1285,
        "Cost of sales": 3086,
        "Enterprise cost management": 10326,
        "Total Operating Expenses": 14805,
        "Total revenue financing activities": 557,
        "Net profit from business activities": 9452,
        "Profit": 896,
        "Profit before tax": 10348,
        "Present corporate income tax expenses": 2587,
        "Deferred income taxes expenses": "N/A",
        "The interests of minority shareholders": "N/A",
        "Total Cost of profits": 2587,
        "Profit after tax corporate income": 7761,
        "Volume": 3500000,
        "Close of Quarter": 6.4,
        "EPS": 2247.4,
        "Non-adjusted EPS": 5137,
        "PE": 1.2,
        "Book Price": 11.9
      }
    },
    {
      "quarter": "Q4 2011",
      "income status": {
        "Net sales": 204657,
        "Cost of goods sold": 186339,
        "Gross Profit": 18318,
        "Financial expenses": 3768,
        "Of which: Interest expense": 3659,
        "Cost of sales": 5485,
        "Enterprise cost management": 8612,
        "Total Operating Expenses": 17865,
        "Total revenue financing activities": 1272,
        "Net profit from business activities": 1726,
        "Profit": 1060,
        "Profit before tax": 2786,
        "Present corporate income tax expenses": -63,
        "Deferred income taxes expenses": "N/A",
        "The interests of minority shareholders": "N/A",
        "Total Cost of profits": -63,
        "Profit after tax corporate income": 2849,
        "Volume": 3500000,
        "Close of Quarter": 5.4,
        "EPS": 1929.4,
        "Non-adjusted EPS": 4410,
        "PE": 1.2,
        "Book Price": 6.7
      }
    },
    {
      "quarter": "Q3 2011",
      "income status": {
        "Net sales": 138388,
        "Cost of goods sold": 125568,
        "Gross Profit": 12820,
        "Financial expenses": 2714,
        "Of which: Interest expense": 2263,
        "Cost of sales": 4256,
        "Enterprise cost management": 7071,
        "Total Operating Expenses": 14041,
        "Total revenue financing activities": 337,
        "Net profit from business activities": -883,
        "Profit": 3569,
        "Profit before tax": 2686,
        "Present corporate income tax expenses": 671,
        "Deferred income taxes expenses": "N/A",
        "The interests of minority shareholders": "N/A",
        "Total Cost of profits": 671,
        "Profit after tax corporate income": 2014,
        "Volume": 3500000,
        "Close of Quarter": 6.3,
        "EPS": 1872.1,
        "Non-adjusted EPS": 4279,
        "PE": 1.5,
        "Book Price": 6.3
      }
    },
    {
      "quarter": "Q2 2011",
      "income status": {
        "Net sales": 185979,
        "Cost of goods sold": 161225,
        "Gross Profit": 24754,
        "Financial expenses": 4552,
        "Of which: Interest expense": 4393,
        "Cost of sales": 8472,
        "Enterprise cost management": 7064,
        "Total Operating Expenses": 20088,
        "Total revenue financing activities": 1533,
        "Net profit from business activities": 6201,
        "Profit": 941,
        "Profit before tax": 7141,
        "Present corporate income tax expenses": 1785,
        "Deferred income taxes expenses": "N/A",
        "The interests of minority shareholders": "N/A",
        "Total Cost of profits": 1785,
        "Profit after tax corporate income": 5356,
        "Volume": 3500000,
        "Close of Quarter": 6.0,
        "EPS": 1774.9,
        "Non-adjusted EPS": 4057,
        "PE": 1.5,
        "Book Price": 6.1
      }
    },
    {
      "quarter": "Q1 2011",
      "income status": {
        "Net sales": 157613,
        "Cost of goods sold": 141135,
        "Gross Profit": 16479,
        "Financial expenses": 3141,
        "Of which: Interest expense": 3101,
        "Cost of sales": 4058,
        "Enterprise cost management": 8032,
        "Total Operating Expenses": 15231,
        "Total revenue financing activities": 4246,
        "Net profit from business activities": 5494,
        "Profit": 1461,
        "Profit before tax": 6955,
        "Present corporate income tax expenses": 1739,
        "Deferred income taxes expenses": "N/A",
        "The interests of minority shareholders": "N/A",
        "Total Cost of profits": 1739,
        "Profit after tax corporate income": 5216,
        "Volume": 3500000,
        "Close of Quarter": 6.6,
        "EPS": 1512.9,
        "Non-adjusted EPS": 3458,
        "PE": 1.9,
        "Book Price": 5.5
      }
    }
  ]
}