{
  "ticker": "TKC",
  "data": [
    {
      "quarter": "Q4 2016",
      "income status": {
        "Net sales": 330810,
        "Cost of goods sold": 314949,
        "Gross Profit": 15860,
        "Financial expenses": 2910,
        "Of which: Interest expense": 2910,
        "Cost of sales": "N/A",
        "Enterprise cost management": 4916,
        "Total Operating Expenses": 7826,
        "Total revenue financing activities": 110,
        "Net profit from business activities": 8144,
        "Profit": 76,
        "Profit before tax": 8220,
        "Present corporate income tax expenses": 1971,
        "Deferred income taxes expenses": "N/A",
        "The interests of minority shareholders": "N/A",
        "Total Cost of profits": 1971,
        "Profit after tax corporate income": 6248,
        "Volume": 10732232,
        "Close of Quarter": 17.5,
        "EPS": 1607,
        "Non-adjusted EPS": 1607,
        "PE": 10.9,
        "Book Price": 13.4
      }
    },
    {
      "quarter": "Q3 2016",
      "income status": {
        "Net sales": 246472,
        "Cost of goods sold": 231400,
        "Gross Profit": 15072,
        "Financial expenses": 2260,
        "Of which: Interest expense": 2260,
        "Cost of sales": "N/A",
        "Enterprise cost management": 4787,
        "Total Operating Expenses": 7047,
        "Total revenue financing activities": 29,
        "Net profit from business activities": 8054,
        "Profit": 107,
        "Profit before tax": 8162,
        "Present corporate income tax expenses": 1632,
        "Deferred income taxes expenses": "N/A",
        "The interests of minority shareholders": "N/A",
        "Total Cost of profits": 1632,
        "Profit after tax corporate income": 6529,
        "Volume": 10732232,
        "Close of Quarter": 13.0,
        "EPS": 1329,
        "Non-adjusted EPS": 1329,
        "PE": 9.8,
        "Book Price": 13.3
      }
    },
    {
      "quarter": "Q2 2016",
      "income status": {
        "Net sales": 192475,
        "Cost of goods sold": 180580,
        "Gross Profit": 11895,
        "Financial expenses": 1850,
        "Of which: Interest expense": 1850,
        "Cost of sales": "N/A",
        "Enterprise cost management": 5159,
        "Total Operating Expenses": 7009,
        "Total revenue financing activities": 56,
        "Net profit from business activities": 4942,
        "Profit": -1232,
        "Profit before tax": 3710,
        "Present corporate income tax expenses": 742,
        "Deferred income taxes expenses": "N/A",
        "The interests of minority shareholders": "N/A",
        "Total Cost of profits": 742,
        "Profit after tax corporate income": 2968,
        "Volume": 10732232,
        "Close of Quarter": 13.2,
        "EPS": 823,
        "Non-adjusted EPS": 823,
        "PE": 16.1,
        "Book Price": 12.6
      }
    },
    {
      "quarter": "Q1 2016",
      "income status": {
        "Net sales": 84121,
        "Cost of goods sold": 76500,
        "Gross Profit": 7621,
        "Financial expenses": 2117,
        "Of which: Interest expense": 2117,
        "Cost of sales": "N/A",
        "Enterprise cost management": 4088,
        "Total Operating Expenses": 6205,
        "Total revenue financing activities": 15,
        "Net profit from business activities": 1432,
        "Profit": 451,
        "Profit before tax": 1882,
        "Present corporate income tax expenses": 376,
        "Deferred income taxes expenses": "N/A",
        "The interests of minority shareholders": "N/A",
        "Total Cost of profits": 376,
        "Profit after tax corporate income": 1506,
        "Volume": 10732232,
        "Close of Quarter": 12.5,
        "EPS": 854,
        "Non-adjusted EPS": 854,
        "PE": 14.7,
        "Book Price": 12.4
      }
    },
    {
      "quarter": "Q4 2015",
      "income status": {
        "Net sales": 133384,
        "Cost of goods sold": 122318,
        "Gross Profit": 11066,
        "Financial expenses": 2668,
        "Of which: Interest expense": 2665,
        "Cost of sales": "N/A",
        "Enterprise cost management": 3795,
        "Total Operating Expenses": 6463,
        "Total revenue financing activities": 135,
        "Net profit from business activities": 4738,
        "Profit": 29,
        "Profit before tax": 4767,
        "Present corporate income tax expenses": 1509,
        "Deferred income taxes expenses": "N/A",
        "The interests of minority shareholders": "N/A",
        "Total Cost of profits": 1509,
        "Profit after tax corporate income": 3258,
        "Volume": 10732232,
        "Close of Quarter": 12.2,
        "EPS": 743,
        "Non-adjusted EPS": 743,
        "PE": 16.4,
        "Book Price": 12.2
      }
    },
    {
      "quarter": "Q3 2015",
      "income status": {
        "Net sales": 109023,
        "Cost of goods sold": 100949,
        "Gross Profit": 8073,
        "Financial expenses": 2512,
        "Of which: Interest expense": 2507,
        "Cost of sales": "N/A",
        "Enterprise cost management": 3775,
        "Total Operating Expenses": 6287,
        "Total revenue financing activities": 20,
        "Net profit from business activities": 1808,
        "Profit": -401,
        "Profit before tax": 1407,
        "Present corporate income tax expenses": 310,
        "Deferred income taxes expenses": "N/A",
        "The interests of minority shareholders": "N/A",
        "Total Cost of profits": 310,
        "Profit after tax corporate income": 1097,
        "Volume": 9756716,
        "Close of Quarter": 9.6,
        "EPS": 705.5,
        "Non-adjusted EPS": 776,
        "PE": 12.3,
        "Book Price": 11.9
      }
    },
    {
      "quarter": "Q2 2015",
      "income status": {
        "Net sales": 169527,
        "Cost of goods sold": 156594,
        "Gross Profit": 12934,
        "Financial expenses": 5189,
        "Of which: Interest expense": 5189,
        "Cost of sales": "N/A",
        "Enterprise cost management": 3565,
        "Total Operating Expenses": 8754,
        "Total revenue financing activities": 37,
        "Net profit from business activities": 4217,
        "Profit": 13,
        "Profit before tax": 4230,
        "Present corporate income tax expenses": 931,
        "Deferred income taxes expenses": "N/A",
        "The interests of minority shareholders": "N/A",
        "Total Cost of profits": 931,
        "Profit after tax corporate income": 3300,
        "Volume": 9756716,
        "Close of Quarter": 11.8,
        "EPS": 839.1,
        "Non-adjusted EPS": 923,
        "PE": 12.8,
        "Book Price": 12.3
      }
    },
    {
      "quarter": "Q1 2015",
      "income status": {
        "Net sales": 30889,
        "Cost of goods sold": 26366,
        "Gross Profit": 4523,
        "Financial expenses": 1347,
        "Of which: Interest expense": 1347,
        "Cost of sales": "N/A",
        "Enterprise cost management": 3348,
        "Total Operating Expenses": 4695,
        "Total revenue financing activities": 6,
        "Net profit from business activities": -165,
        "Profit": 388,
        "Profit before tax": 223,
        "Present corporate income tax expenses": -96,
        "Deferred income taxes expenses": "N/A",
        "The interests of minority shareholders": "N/A",
        "Total Cost of profits": -96,
        "Profit after tax corporate income": 319,
        "Volume": 9756716,
        "Close of Quarter": 8.7,
        "EPS": 554.6,
        "Non-adjusted EPS": 610,
        "PE": 14.2,
        "Book Price": 12
      }
    },
    {
      "quarter": "Q4 2014",
      "income status": {
        "Net sales": 106060,
        "Cost of goods sold": 95252,
        "Gross Profit": 10808,
        "Financial expenses": 1037,
        "Of which: Interest expense": 1037,
        "Cost of sales": "N/A",
        "Enterprise cost management": 2825,
        "Total Operating Expenses": 3862,
        "Total revenue financing activities": 459,
        "Net profit from business activities": 7405,
        "Profit": -3574,
        "Profit before tax": 3831,
        "Present corporate income tax expenses": 976,
        "Deferred income taxes expenses": "N/A",
        "The interests of minority shareholders": "N/A",
        "Total Cost of profits": 976,
        "Profit after tax corporate income": 2856,
        "Volume": 9756716,
        "Close of Quarter": 10.1,
        "EPS": 280.9,
        "Non-adjusted EPS": 309,
        "PE": 32.7,
        "Book Price": 11.9
      }
    },
    {
      "quarter": "Q3 2014",
      "income status": {
        "Net sales": 92441,
        "Cost of goods sold": 85513,
        "Gross Profit": 6928,
        "Financial expenses": 2328,
        "Of which: Interest expense": 2328,
        "Cost of sales": "N/A",
        "Enterprise cost management": 2524,
        "Total Operating Expenses": 4852,
        "Total revenue financing activities": 17,
        "Net profit from business activities": 2092,
        "Profit": 441,
        "Profit before tax": 2533,
        "Present corporate income tax expenses": "N/A",
        "Deferred income taxes expenses": "N/A",
        "The interests of minority shareholders": "N/A",
        "Total Cost of profits": 0,
        "Profit after tax corporate income": 2533,
        "Volume": 9756716,
        "Close of Quarter": 4.2,
        "EPS": 789.1,
        "Non-adjusted EPS": 868,
        "PE": 4.9,
        "Book Price": 11.9
      }
    },
    {
      "quarter": "Q2 2014",
      "income status": {
        "Net sales": 43808,
        "Cost of goods sold": 40182,
        "Gross Profit": 3625,
        "Financial expenses": 3182,
        "Of which: Interest expense": 3182,
        "Cost of sales": "N/A",
        "Enterprise cost management": 2327,
        "Total Operating Expenses": 5509,
        "Total revenue financing activities": 1507,
        "Net profit from business activities": -377,
        "Profit": 621,
        "Profit before tax": 244,
        "Present corporate income tax expenses": "N/A",
        "Deferred income taxes expenses": "N/A",
        "The interests of minority shareholders": "N/A",
        "Total Cost of profits": 0,
        "Profit after tax corporate income": 244,
        "Volume": 9756716,
        "Close of Quarter": 4.1,
        "EPS": 749.1,
        "Non-adjusted EPS": 824,
        "PE": 5.0,
        "Book Price": 11.6
      }
    },
    {
      "quarter": "Q1 2014",
      "income status": {
        "Net sales": 18602,
        "Cost of goods sold": 16026,
        "Gross Profit": 2576,
        "Financial expenses": 3204,
        "Of which: Interest expense": 3204,
        "Cost of sales": "N/A",
        "Enterprise cost management": 2096,
        "Total Operating Expenses": 5300,
        "Total revenue financing activities": 49,
        "Net profit from business activities": -2675,
        "Profit": 51,
        "Profit before tax": -2623,
        "Present corporate income tax expenses": "N/A",
        "Deferred income taxes expenses": "N/A",
        "The interests of minority shareholders": "N/A",
        "Total Cost of profits": 0,
        "Profit after tax corporate income": -2623,
        "Volume": 9756716,
        "Close of Quarter": 5.7,
        "EPS": 737.3,
        "Non-adjusted EPS": 811,
        "PE": 7,
        "Book Price": 11.6
      }
    },
    {
      "quarter": "Q4 2013",
      "income status": {
        "Net sales": 106864,
        "Cost of goods sold": 93103,
        "Gross Profit": 13761,
        "Financial expenses": 4079,
        "Of which: Interest expense": 3031,
        "Cost of sales": "N/A",
        "Enterprise cost management": 1952,
        "Total Operating Expenses": 6031,
        "Total revenue financing activities": 482,
        "Net profit from business activities": 8213,
        "Profit": 804,
        "Profit before tax": 9017,
        "Present corporate income tax expenses": 706,
        "Deferred income taxes expenses": "N/A",
        "The interests of minority shareholders": "N/A",
        "Total Cost of profits": 706,
        "Profit after tax corporate income": 8311,
        "Volume": 9756716,
        "Close of Quarter": 3.1,
        "EPS": 220,
        "Non-adjusted EPS": 242,
        "PE": 12.7,
        "Book Price": 11.9
      }
    },
    {
      "quarter": "Q3 2013",
      "income status": {
        "Net sales": 32693,
        "Cost of goods sold": 26138,
        "Gross Profit": 6555,
        "Financial expenses": 3327,
        "Of which: Interest expense": 3327,
        "Cost of sales": 73,
        "Enterprise cost management": 2067,
        "Total Operating Expenses": 5467,
        "Total revenue financing activities": 530,
        "Net profit from business activities": 1617,
        "Profit": 493,
        "Profit before tax": 2110,
        "Present corporate income tax expenses": "N/A",
        "Deferred income taxes expenses": "N/A",
        "The interests of minority shareholders": "N/A",
        "Total Cost of profits": 0,
        "Profit after tax corporate income": 2110,
        "Volume": 9756716,
        "Close of Quarter": 2.4,
        "EPS": -380.9,
        "Non-adjusted EPS": -419,
        "PE": -5.8,
        "Book Price": 11.2
      }
    },
    {
      "quarter": "Q2 2013",
      "income status": {
        "Net sales": 70091,
        "Cost of goods sold": 66890,
        "Gross Profit": 3200,
        "Financial expenses": 1883,
        "Of which: Interest expense": 1883,
        "Cost of sales": 13,
        "Enterprise cost management": 2141,
        "Total Operating Expenses": 4037,
        "Total revenue financing activities": 307,
        "Net profit from business activities": -530,
        "Profit": 646,
        "Profit before tax": 116,
        "Present corporate income tax expenses": "N/A",
        "Deferred income taxes expenses": "N/A",
        "The interests of minority shareholders": "N/A",
        "Total Cost of profits": 0,
        "Profit after tax corporate income": 116,
        "Volume": 9756716,
        "Close of Quarter": 2.5,
        "EPS": -352.7,
        "Non-adjusted EPS": -388,
        "PE": -6.5,
        "Book Price": 10.9
      }
    },
    {
      "quarter": "Q1 2013",
      "income status": {
        "Net sales": 95490,
        "Cost of goods sold": 103134,
        "Gross Profit": -7645,
        "Financial expenses": 3114,
        "Of which: Interest expense": 3094,
        "Cost of sales": "N/A",
        "Enterprise cost management": 2545,
        "Total Operating Expenses": 5659,
        "Total revenue financing activities": 793,
        "Net profit from business activities": -12511,
        "Profit": 4339,
        "Profit before tax": -8172,
        "Present corporate income tax expenses": "N/A",
        "Deferred income taxes expenses": "N/A",
        "The interests of minority shareholders": "N/A",
        "Total Cost of profits": 0,
        "Profit after tax corporate income": -8172,
        "Volume": 9756716,
        "Close of Quarter": 2.3,
        "EPS": -370.0,
        "Non-adjusted EPS": -407,
        "PE": -5.7,
        "Book Price": 11.4
      }
    },
    {
      "quarter": "Q4 2012",
      "income status": {
        "Net sales": 110992,
        "Cost of goods sold": 103274,
        "Gross Profit": 7718,
        "Financial expenses": 4479,
        "Of which: Interest expense": 4474,
        "Cost of sales": 74,
        "Enterprise cost management": 1999,
        "Total Operating Expenses": 6552,
        "Total revenue financing activities": 894,
        "Net profit from business activities": 2059,
        "Profit": 322,
        "Profit before tax": 2382,
        "Present corporate income tax expenses": 521,
        "Deferred income taxes expenses": "N/A",
        "The interests of minority shareholders": "N/A",
        "Total Cost of profits": 521,
        "Profit after tax corporate income": 1860,
        "Volume": 9756716,
        "Close of Quarter": 2.9,
        "EPS": 683.7,
        "Non-adjusted EPS": 752,
        "PE": 3.8,
        "Book Price": 12.2
      }
    },
    {
      "quarter": "Q3 2012",
      "income status": {
        "Net sales": 90300,
        "Cost of goods sold": 83850,
        "Gross Profit": 6450,
        "Financial expenses": 3178,
        "Of which: Interest expense": 3174,
        "Cost of sales": "N/A",
        "Enterprise cost management": 2346,
        "Total Operating Expenses": 5524,
        "Total revenue financing activities": 1023,
        "Net profit from business activities": 1949,
        "Profit": 464,
        "Profit before tax": 2413,
        "Present corporate income tax expenses": "N/A",
        "Deferred income taxes expenses": "N/A",
        "The interests of minority shareholders": "N/A",
        "Total Cost of profits": 0,
        "Profit after tax corporate income": 2413,
        "Volume": 9756716,
        "Close of Quarter": 2.4,
        "EPS": 188.2,
        "Non-adjusted EPS": 207,
        "PE": 11.5,
        "Book Price": 12.5
      }
    },
    {
      "quarter": "Q2 2012",
      "income status": {
        "Net sales": 73619,
        "Cost of goods sold": 68990,
        "Gross Profit": 4629,
        "Financial expenses": 3125,
        "Of which: Interest expense": 3055,
        "Cost of sales": 14,
        "Enterprise cost management": 2554,
        "Total Operating Expenses": 5693,
        "Total revenue financing activities": 998,
        "Net profit from business activities": -65,
        "Profit": -6,
        "Profit before tax": -71,
        "Present corporate income tax expenses": "N/A",
        "Deferred income taxes expenses": "N/A",
        "The interests of minority shareholders": "N/A",
        "Total Cost of profits": 0,
        "Profit after tax corporate income": -71,
        "Volume": 9756716,
        "Close of Quarter": 3.7,
        "EPS": 139.1,
        "Non-adjusted EPS": 153,
        "PE": 24.1,
        "Book Price": 12.2
      }
    },
    {
      "quarter": "Q1 2012",
      "income status": {
        "Net sales": 49622,
        "Cost of goods sold": 46963,
        "Gross Profit": 2660,
        "Financial expenses": 3625,
        "Of which: Interest expense": 3526,
        "Cost of sales": 42,
        "Enterprise cost management": 2955,
        "Total Operating Expenses": 6622,
        "Total revenue financing activities": 682,
        "Net profit from business activities": 3280,
        "Profit": 148,
        "Profit before tax": 3133,
        "Present corporate income tax expenses": "N/A",
        "Deferred income taxes expenses": "N/A",
        "The interests of minority shareholders": "N/A",
        "Total Cost of profits": 0,
        "Profit after tax corporate income": 3133,
        "Volume": 9756716,
        "Close of Quarter": 4.1,
        "EPS": 996.4,
        "Non-adjusted EPS": 1096,
        "PE": 3.8,
        "Book Price": 12.3
      }
    },
    {
      "quarter": "Q4 2011",
      "income status": {
        "Net sales": 148234,
        "Cost of goods sold": 148044,
        "Gross Profit": 190,
        "Financial expenses": 4804,
        "Of which: Interest expense": 4764,
        "Cost of sales": 235,
        "Enterprise cost management": 2596,
        "Total Operating Expenses": 7635,
        "Total revenue financing activities": 2792,
        "Net profit from business activities": -4653,
        "Profit": 151,
        "Profit before tax": -4501,
        "Present corporate income tax expenses": -1048,
        "Deferred income taxes expenses": "N/A",
        "The interests of minority shareholders": "N/A",
        "Total Cost of profits": -1048,
        "Profit after tax corporate income": -3453,
        "Volume": 8869885,
        "Close of Quarter": 2.6,
        "EPS": 808.3,
        "Non-adjusted EPS": 978,
        "PE": 2.6,
        "Book Price": 12.6
      }
    },
    {
      "quarter": "Q3 2011",
      "income status": {
        "Net sales": 136727,
        "Cost of goods sold": 130499,
        "Gross Profit": 6229,
        "Financial expenses": 4348,
        "Of which: Interest expense": 4336,
        "Cost of sales": 103,
        "Enterprise cost management": 2670,
        "Total Operating Expenses": 7121,
        "Total revenue financing activities": 3119,
        "Net profit from business activities": 2226,
        "Profit": 56,
        "Profit before tax": 2282,
        "Present corporate income tax expenses": 399,
        "Deferred income taxes expenses": "N/A",
        "The interests of minority shareholders": "N/A",
        "Total Cost of profits": 399,
        "Profit after tax corporate income": 1883,
        "Volume": 8869885,
        "Close of Quarter": 5.1,
        "EPS": 1934.8,
        "Non-adjusted EPS": 2341,
        "PE": 2.2,
        "Book Price": 12.9
      }
    },
    {
      "quarter": "Q2 2011",
      "income status": {
        "Net sales": 126976,
        "Cost of goods sold": 121803,
        "Gross Profit": 5174,
        "Financial expenses": 3466,
        "Of which: Interest expense": 3169,
        "Cost of sales": 16,
        "Enterprise cost management": 2749,
        "Total Operating Expenses": 6231,
        "Total revenue financing activities": 4011,
        "Net profit from business activities": 2954,
        "Profit": 7282,
        "Profit before tax": 10236,
        "Present corporate income tax expenses": 1103,
        "Deferred income taxes expenses": "N/A",
        "The interests of minority shareholders": "N/A",
        "Total Cost of profits": 1103,
        "Profit after tax corporate income": 9133,
        "Volume": 8869885,
        "Close of Quarter": 6.5,
        "EPS": 2272.8,
        "Non-adjusted EPS": 2750,
        "PE": 2.4,
        "Book Price": 12.7
      }
    },
    {
      "quarter": "Q1 2011",
      "income status": {
        "Net sales": 77999,
        "Cost of goods sold": 72930,
        "Gross Profit": 5069,
        "Financial expenses": 2753,
        "Of which: Interest expense": 1929,
        "Cost of sales": "N/A",
        "Enterprise cost management": 3154,
        "Total Operating Expenses": 5907,
        "Total revenue financing activities": 2063,
        "Net profit from business activities": 1225,
        "Profit": 258,
        "Profit before tax": 1483,
        "Present corporate income tax expenses": 371,
        "Deferred income taxes expenses": "N/A",
        "The interests of minority shareholders": "N/A",
        "Total Cost of profits": 371,
        "Profit after tax corporate income": 1112,
        "Volume": 9419885,
        "Close of Quarter": 7.7,
        "EPS": 1857.3,
        "Non-adjusted EPS": 2116,
        "PE": 3.6,
        "Book Price": 12.6
      }
    }
  ]
}