{
  "ticker": "EID",
  "data": [
    {
      "quarter": "Q4 2016",
      "income status": {
        "Net sales": 39379,
        "Cost of goods sold": 24493,
        "Gross Profit": 14886,
        "Financial expenses": 1486,
        "Of which: Interest expense": 1393,
        "Cost of sales": 6465,
        "Enterprise cost management": 3167,
        "Total Operating Expenses": 11118,
        "Total revenue financing activities": 982,
        "Net profit from business activities": 4313,
        "Profit": -1806,
        "Profit before tax": 2506,
        "Present corporate income tax expenses": 1159,
        "Deferred income taxes expenses": "N/A",
        "The interests of minority shareholders": "N/A",
        "Total Cost of profits": 1159,
        "Profit after tax corporate income": 1347,
        "Volume": 15000000,
        "Close of Quarter": 14.4,
        "EPS": 2440,
        "Non-adjusted EPS": 2440,
        "PE": 5.9,
        "Book Price": 15.5
      }
    },
    {
      "quarter": "Q3 2016",
      "income status": {
        "Net sales": 178140,
        "Cost of goods sold": 136874,
        "Gross Profit": 41266,
        "Financial expenses": 1363,
        "Of which: Interest expense": 1392,
        "Cost of sales": 19036,
        "Enterprise cost management": 7936,
        "Total Operating Expenses": 28335,
        "Total revenue financing activities": 39,
        "Net profit from business activities": 13577,
        "Profit": 489,
        "Profit before tax": 14067,
        "Present corporate income tax expenses": 2575,
        "Deferred income taxes expenses": "N/A",
        "The interests of minority shareholders": "N/A",
        "Total Cost of profits": 2575,
        "Profit after tax corporate income": 11491,
        "Volume": 15000000,
        "Close of Quarter": 14.3,
        "EPS": 2441,
        "Non-adjusted EPS": 2441,
        "PE": 5.9,
        "Book Price": 15.8
      }
    },
    {
      "quarter": "Q2 2016",
      "income status": {
        "Net sales": 239573,
        "Cost of goods sold": 165383,
        "Gross Profit": 74190,
        "Financial expenses": 1604,
        "Of which: Interest expense": 1610,
        "Cost of sales": 25112,
        "Enterprise cost management": 18328,
        "Total Operating Expenses": 45044,
        "Total revenue financing activities": 22,
        "Net profit from business activities": 29318,
        "Profit": -246,
        "Profit before tax": 29072,
        "Present corporate income tax expenses": 6515,
        "Deferred income taxes expenses": "N/A",
        "The interests of minority shareholders": "N/A",
        "Total Cost of profits": 6515,
        "Profit after tax corporate income": 22557,
        "Volume": 15000000,
        "Close of Quarter": 12.6,
        "EPS": 2335,
        "Non-adjusted EPS": 2335,
        "PE": 5.4,
        "Book Price": 15.1
      }
    },
    {
      "quarter": "Q1 2016",
      "income status": {
        "Net sales": 59698,
        "Cost of goods sold": 47627,
        "Gross Profit": 12072,
        "Financial expenses": 1452,
        "Of which: Interest expense": 1451,
        "Cost of sales": 3937,
        "Enterprise cost management": 5661,
        "Total Operating Expenses": 11050,
        "Total revenue financing activities": 293,
        "Net profit from business activities": 1574,
        "Profit": -10,
        "Profit before tax": 1564,
        "Present corporate income tax expenses": 355,
        "Deferred income taxes expenses": "N/A",
        "The interests of minority shareholders": "N/A",
        "Total Cost of profits": 355,
        "Profit after tax corporate income": 1209,
        "Volume": 15000000,
        "Close of Quarter": 12.9,
        "EPS": 2092,
        "Non-adjusted EPS": 2092,
        "PE": 6.2,
        "Book Price": 13.6
      }
    },
    {
      "quarter": "Q4 2015",
      "income status": {
        "Net sales": 60347,
        "Cost of goods sold": 50167,
        "Gross Profit": 10180,
        "Financial expenses": 1254,
        "Of which: Interest expense": 1410,
        "Cost of sales": 11532,
        "Enterprise cost management": -4051,
        "Total Operating Expenses": 8735,
        "Total revenue financing activities": 974,
        "Net profit from business activities": 2379,
        "Profit": -226,
        "Profit before tax": 2153,
        "Present corporate income tax expenses": 799,
        "Deferred income taxes expenses": "N/A",
        "The interests of minority shareholders": "N/A",
        "Total Cost of profits": 799,
        "Profit after tax corporate income": 1354,
        "Volume": 15000000,
        "Close of Quarter": 11.8,
        "EPS": 2103,
        "Non-adjusted EPS": 2103,
        "PE": 5.6,
        "Book Price": 14.7
      }
    },
    {
      "quarter": "Q3 2015",
      "income status": {
        "Net sales": 177560,
        "Cost of goods sold": 134433,
        "Gross Profit": 43127,
        "Financial expenses": 1389,
        "Of which: Interest expense": 1073,
        "Cost of sales": 19262,
        "Enterprise cost management": 10710,
        "Total Operating Expenses": 31361,
        "Total revenue financing activities": 617,
        "Net profit from business activities": 12833,
        "Profit": -303,
        "Profit before tax": 12530,
        "Present corporate income tax expenses": 2629,
        "Deferred income taxes expenses": "N/A",
        "The interests of minority shareholders": "N/A",
        "Total Cost of profits": 2629,
        "Profit after tax corporate income": 9901,
        "Volume": 15000000,
        "Close of Quarter": 11.6,
        "EPS": 2086,
        "Non-adjusted EPS": 2086,
        "PE": 5.6,
        "Book Price": 14.9
      }
    },
    {
      "quarter": "Q2 2015",
      "income status": {
        "Net sales": 178298,
        "Cost of goods sold": 124836,
        "Gross Profit": 53462,
        "Financial expenses": 1545,
        "Of which: Interest expense": 1556,
        "Cost of sales": 12714,
        "Enterprise cost management": 13466,
        "Total Operating Expenses": 27725,
        "Total revenue financing activities": 160,
        "Net profit from business activities": 25536,
        "Profit": -372,
        "Profit before tax": 25164,
        "Present corporate income tax expenses": 5783,
        "Deferred income taxes expenses": "N/A",
        "The interests of minority shareholders": 471,
        "Total Cost of profits": 6254,
        "Profit after tax corporate income": 18910,
        "Volume": 15000000,
        "Close of Quarter": 11.3,
        "EPS": 2013,
        "Non-adjusted EPS": 2013,
        "PE": 5.6,
        "Book Price": 14.2
      }
    },
    {
      "quarter": "Q1 2015",
      "income status": {
        "Net sales": 58139,
        "Cost of goods sold": 48187,
        "Gross Profit": 9952,
        "Financial expenses": 1649,
        "Of which: Interest expense": 1636,
        "Cost of sales": 4171,
        "Enterprise cost management": 3153,
        "Total Operating Expenses": 8973,
        "Total revenue financing activities": 180,
        "Net profit from business activities": 1500,
        "Profit": -209,
        "Profit before tax": 1291,
        "Present corporate income tax expenses": 388,
        "Deferred income taxes expenses": "N/A",
        "The interests of minority shareholders": -471,
        "Total Cost of profits": -83,
        "Profit after tax corporate income": 1374,
        "Volume": 15000000,
        "Close of Quarter": 10.8,
        "EPS": 1984,
        "Non-adjusted EPS": 1984,
        "PE": 5.4,
        "Book Price": 12.9
      }
    },
    {
      "quarter": "Q4 2014",
      "income status": {
        "Net sales": 52155,
        "Cost of goods sold": 45595,
        "Gross Profit": 6560,
        "Financial expenses": 1251,
        "Of which: Interest expense": 1251,
        "Cost of sales": 3925,
        "Enterprise cost management": 1068,
        "Total Operating Expenses": 6244,
        "Total revenue financing activities": 989,
        "Net profit from business activities": 1637,
        "Profit": -185,
        "Profit before tax": 1452,
        "Present corporate income tax expenses": 343,
        "Deferred income taxes expenses": "N/A",
        "The interests of minority shareholders": "N/A",
        "Total Cost of profits": 343,
        "Profit after tax corporate income": 1109,
        "Volume": 15000000,
        "Close of Quarter": 10.3,
        "EPS": 1955,
        "Non-adjusted EPS": 1955,
        "PE": 5.3,
        "Book Price": 13.8
      }
    },
    {
      "quarter": "Q3 2014",
      "income status": {
        "Net sales": 108235,
        "Cost of goods sold": 76525,
        "Gross Profit": 31710,
        "Financial expenses": 2063,
        "Of which: Interest expense": 1234,
        "Cost of sales": 12110,
        "Enterprise cost management": 6915,
        "Total Operating Expenses": 21088,
        "Total revenue financing activities": 19,
        "Net profit from business activities": 11297,
        "Profit": -56,
        "Profit before tax": 11241,
        "Present corporate income tax expenses": 2437,
        "Deferred income taxes expenses": "N/A",
        "The interests of minority shareholders": "N/A",
        "Total Cost of profits": 2437,
        "Profit after tax corporate income": 8804,
        "Volume": 15000000,
        "Close of Quarter": 10.3,
        "EPS": 1824,
        "Non-adjusted EPS": 1824,
        "PE": 5.7,
        "Book Price": 14
      }
    },
    {
      "quarter": "Q2 2014",
      "income status": {
        "Net sales": 154043,
        "Cost of goods sold": 108764,
        "Gross Profit": 45279,
        "Financial expenses": 3311,
        "Of which: Interest expense": 2141,
        "Cost of sales": 12277,
        "Enterprise cost management": 6522,
        "Total Operating Expenses": 22110,
        "Total revenue financing activities": 11,
        "Net profit from business activities": 23583,
        "Profit": "N/A",
        "Profit before tax": 23582,
        "Present corporate income tax expenses": 5104,
        "Deferred income taxes expenses": "N/A",
        "The interests of minority shareholders": "N/A",
        "Total Cost of profits": 5104,
        "Profit after tax corporate income": 18478,
        "Volume": 15000000,
        "Close of Quarter": 9.4,
        "EPS": 1966,
        "Non-adjusted EPS": 1966,
        "PE": 4.8,
        "Book Price": 13.4
      }
    },
    {
      "quarter": "Q1 2014",
      "income status": {
        "Net sales": 60221,
        "Cost of goods sold": 51321,
        "Gross Profit": 8900,
        "Financial expenses": 1590,
        "Of which: Interest expense": 1597,
        "Cost of sales": 3862,
        "Enterprise cost management": 2641,
        "Total Operating Expenses": 8093,
        "Total revenue financing activities": 299,
        "Net profit from business activities": 1165,
        "Profit": "N/A",
        "Profit before tax": 1165,
        "Present corporate income tax expenses": 227,
        "Deferred income taxes expenses": "N/A",
        "The interests of minority shareholders": "N/A",
        "Total Cost of profits": 227,
        "Profit after tax corporate income": 937,
        "Volume": 15000000,
        "Close of Quarter": 10.3,
        "EPS": 2133,
        "Non-adjusted EPS": 2133,
        "PE": 4.8,
        "Book Price": 13.1
      }
    },
    {
      "quarter": "Q4 2013",
      "income status": {
        "Net sales": 45218,
        "Cost of goods sold": 41308,
        "Gross Profit": 3910,
        "Financial expenses": 1219,
        "Of which: Interest expense": 1208,
        "Cost of sales": 4965,
        "Enterprise cost management": 4013,
        "Total Operating Expenses": 10197,
        "Total revenue financing activities": 655,
        "Net profit from business activities": -5632,
        "Profit": 4853,
        "Profit before tax": -779,
        "Present corporate income tax expenses": 84,
        "Deferred income taxes expenses": "N/A",
        "The interests of minority shareholders": "N/A",
        "Total Cost of profits": 84,
        "Profit after tax corporate income": -864,
        "Volume": 15000000,
        "Close of Quarter": 9.9,
        "EPS": 2158,
        "Non-adjusted EPS": 2158,
        "PE": 4.6,
        "Book Price": 13.4
      }
    },
    {
      "quarter": "Q3 2013",
      "income status": {
        "Net sales": 104497,
        "Cost of goods sold": 77270,
        "Gross Profit": 27227,
        "Financial expenses": 2197,
        "Of which: Interest expense": 1504,
        "Cost of sales": 10017,
        "Enterprise cost management": 2970,
        "Total Operating Expenses": 15184,
        "Total revenue financing activities": 83,
        "Net profit from business activities": 12126,
        "Profit": -31,
        "Profit before tax": 12095,
        "Present corporate income tax expenses": 1152,
        "Deferred income taxes expenses": "N/A",
        "The interests of minority shareholders": "N/A",
        "Total Cost of profits": 1152,
        "Profit after tax corporate income": 10943,
        "Volume": 15000000,
        "Close of Quarter": 6.8,
        "EPS": 2271,
        "Non-adjusted EPS": 2271,
        "PE": 3.0,
        "Book Price": 14
      }
    },
    {
      "quarter": "Q2 2013",
      "income status": {
        "Net sales": 170731,
        "Cost of goods sold": 124622,
        "Gross Profit": 46110,
        "Financial expenses": 4085,
        "Of which: Interest expense": 2643,
        "Cost of sales": 10688,
        "Enterprise cost management": 8078,
        "Total Operating Expenses": 22851,
        "Total revenue financing activities": 19,
        "Net profit from business activities": 23277,
        "Profit": "N/A",
        "Profit before tax": 23277,
        "Present corporate income tax expenses": 2300,
        "Deferred income taxes expenses": "N/A",
        "The interests of minority shareholders": "N/A",
        "Total Cost of profits": 2300,
        "Profit after tax corporate income": 20977,
        "Volume": 15000000,
        "Close of Quarter": 6.2,
        "EPS": 2243,
        "Non-adjusted EPS": 2243,
        "PE": 2.8,
        "Book Price": 13.3
      }
    },
    {
      "quarter": "Q1 2013",
      "income status": {
        "Net sales": 61111,
        "Cost of goods sold": 51922,
        "Gross Profit": 9190,
        "Financial expenses": 2148,
        "Of which: Interest expense": 2071,
        "Cost of sales": 2952,
        "Enterprise cost management": 2425,
        "Total Operating Expenses": 7525,
        "Total revenue financing activities": 294,
        "Net profit from business activities": 1958,
        "Profit": 15,
        "Profit before tax": 1973,
        "Present corporate income tax expenses": 665,
        "Deferred income taxes expenses": "N/A",
        "The interests of minority shareholders": "N/A",
        "Total Cost of profits": 665,
        "Profit after tax corporate income": 1308,
        "Volume": 15000000,
        "Close of Quarter": 5.9,
        "EPS": 1920,
        "Non-adjusted EPS": 1920,
        "PE": 3.1,
        "Book Price": 11.6
      }
    },
    {
      "quarter": "Q4 2012",
      "income status": {
        "Net sales": 34532,
        "Cost of goods sold": 22042,
        "Gross Profit": 12491,
        "Financial expenses": 2152,
        "Of which: Interest expense": 1949,
        "Cost of sales": 4430,
        "Enterprise cost management": 4149,
        "Total Operating Expenses": 10731,
        "Total revenue financing activities": 548,
        "Net profit from business activities": 2308,
        "Profit": -176,
        "Profit before tax": 2131,
        "Present corporate income tax expenses": 1299,
        "Deferred income taxes expenses": "N/A",
        "The interests of minority shareholders": "N/A",
        "Total Cost of profits": 1299,
        "Profit after tax corporate income": 832,
        "Volume": 15000000,
        "Close of Quarter": 6.0,
        "EPS": 1958,
        "Non-adjusted EPS": 1958,
        "PE": 3.1,
        "Book Price": 13.1
      }
    },
    {
      "quarter": "Q3 2012",
      "income status": {
        "Net sales": 92504,
        "Cost of goods sold": 67767,
        "Gross Profit": 24737,
        "Financial expenses": 3751,
        "Of which: Interest expense": 2988,
        "Cost of sales": 5494,
        "Enterprise cost management": 6274,
        "Total Operating Expenses": 15519,
        "Total revenue financing activities": 138,
        "Net profit from business activities": 9356,
        "Profit": 7,
        "Profit before tax": 9363,
        "Present corporate income tax expenses": -1164,
        "Deferred income taxes expenses": "N/A",
        "The interests of minority shareholders": "N/A",
        "Total Cost of profits": -1164,
        "Profit after tax corporate income": 10527,
        "Volume": 15000000,
        "Close of Quarter": 4.9,
        "EPS": 2181,
        "Non-adjusted EPS": 2181,
        "PE": 2.3,
        "Book Price": 13
      }
    },
    {
      "quarter": "Q2 2012",
      "income status": {
        "Net sales": 154845,
        "Cost of goods sold": 113447,
        "Gross Profit": 41398,
        "Financial expenses": 5046,
        "Of which: Interest expense": 4020,
        "Cost of sales": 9345,
        "Enterprise cost management": 5047,
        "Total Operating Expenses": 19438,
        "Total revenue financing activities": 334,
        "Net profit from business activities": 22294,
        "Profit": "N/A",
        "Profit before tax": 22294,
        "Present corporate income tax expenses": 6163,
        "Deferred income taxes expenses": "N/A",
        "The interests of minority shareholders": "N/A",
        "Total Cost of profits": 6163,
        "Profit after tax corporate income": 16130,
        "Volume": 15000000,
        "Close of Quarter": 5.1,
        "EPS": 2030,
        "Non-adjusted EPS": 2030,
        "PE": 2.5,
        "Book Price": 12.3
      }
    },
    {
      "quarter": "Q1 2012",
      "income status": {
        "Net sales": 40426,
        "Cost of goods sold": 33907,
        "Gross Profit": 6519,
        "Financial expenses": 520,
        "Of which: Interest expense": 530,
        "Cost of sales": 2774,
        "Enterprise cost management": 1671,
        "Total Operating Expenses": 4965,
        "Total revenue financing activities": 963,
        "Net profit from business activities": 2517,
        "Profit": -7,
        "Profit before tax": 2510,
        "Present corporate income tax expenses": 627,
        "Deferred income taxes expenses": "N/A",
        "The interests of minority shareholders": "N/A",
        "Total Cost of profits": 627,
        "Profit after tax corporate income": 1882,
        "Volume": 15000000,
        "Close of Quarter": 4.4,
        "EPS": 2163,
        "Non-adjusted EPS": 2163,
        "PE": 2.1,
        "Book Price": 11.3
      }
    },
    {
      "quarter": "Q4 2011",
      "income status": {
        "Net sales": 16353,
        "Cost of goods sold": 10371,
        "Gross Profit": 5982,
        "Financial expenses": 11,
        "Of which: Interest expense": "N/A",
        "Cost of sales": 2599,
        "Enterprise cost management": 2293,
        "Total Operating Expenses": 4903,
        "Total revenue financing activities": 801,
        "Net profit from business activities": 1880,
        "Profit": 87,
        "Profit before tax": 1967,
        "Present corporate income tax expenses": -2206,
        "Deferred income taxes expenses": "N/A",
        "The interests of minority shareholders": "N/A",
        "Total Cost of profits": -2206,
        "Profit after tax corporate income": 4174,
        "Volume": 15000000,
        "Close of Quarter": 4.0,
        "EPS": 2152,
        "Non-adjusted EPS": 2152,
        "PE": 1.8,
        "Book Price": 11.4
      }
    },
    {
      "quarter": "Q3 2011",
      "income status": {
        "Net sales": 85810,
        "Cost of goods sold": 61256,
        "Gross Profit": 24554,
        "Financial expenses": 1410,
        "Of which: Interest expense": 1388,
        "Cost of sales": 6089,
        "Enterprise cost management": 7033,
        "Total Operating Expenses": 14532,
        "Total revenue financing activities": 1004,
        "Net profit from business activities": 11026,
        "Profit": "N/A",
        "Profit before tax": 11026,
        "Present corporate income tax expenses": 2756,
        "Deferred income taxes expenses": "N/A",
        "The interests of minority shareholders": "N/A",
        "Total Cost of profits": 2756,
        "Profit after tax corporate income": 8269,
        "Volume": 15000000,
        "Close of Quarter": 3.6,
        "EPS": 2014,
        "Non-adjusted EPS": 2014,
        "PE": 1.8,
        "Book Price": 12.8
      }
    },
    {
      "quarter": "Q2 2011",
      "income status": {
        "Net sales": 173579,
        "Cost of goods sold": 132545,
        "Gross Profit": 41034,
        "Financial expenses": 2345,
        "Of which: Interest expense": 2013,
        "Cost of sales": 9509,
        "Enterprise cost management": 7510,
        "Total Operating Expenses": 19364,
        "Total revenue financing activities": 2514,
        "Net profit from business activities": 24185,
        "Profit": "N/A",
        "Profit before tax": 24185,
        "Present corporate income tax expenses": 6059,
        "Deferred income taxes expenses": "N/A",
        "The interests of minority shareholders": "N/A",
        "Total Cost of profits": 6059,
        "Profit after tax corporate income": 18126,
        "Volume": 15000000,
        "Close of Quarter": 3.7,
        "EPS": 1936,
        "Non-adjusted EPS": 1936,
        "PE": 1.9,
        "Book Price": 12.3
      }
    },
    {
      "quarter": "Q1 2011",
      "income status": {
        "Net sales": 33560,
        "Cost of goods sold": 29249,
        "Gross Profit": 4311,
        "Financial expenses": 67,
        "Of which: Interest expense": 67,
        "Cost of sales": 1890,
        "Enterprise cost management": 1791,
        "Total Operating Expenses": 3748,
        "Total revenue financing activities": 1717,
        "Net profit from business activities": 2280,
        "Profit": "N/A",
        "Profit before tax": 2280,
        "Present corporate income tax expenses": 570,
        "Deferred income taxes expenses": "N/A",
        "The interests of minority shareholders": "N/A",
        "Total Cost of profits": 570,
        "Profit after tax corporate income": 1710,
        "Volume": 15000000,
        "Close of Quarter": 4.0,
        "EPS": 1625,
        "Non-adjusted EPS": 1625,
        "PE": 2.4,
        "Book Price": 11.2
      }
    }
  ]
}