{
  "ticker": "PSE",
  "data": [
    {
      "quarter": "Q4 2016",
      "income status": {
        "Net sales": 409077,
        "Cost of goods sold": 385498,
        "Gross Profit": 23580,
        "Financial expenses": 656,
        "Of which: Interest expense": "N/A",
        "Cost of sales": 9506,
        "Enterprise cost management": 7682,
        "Total Operating Expenses": 17844,
        "Total revenue financing activities": 1201,
        "Net profit from business activities": 6937,
        "Profit": 11,
        "Profit before tax": 6948,
        "Present corporate income tax expenses": 1488,
        "Deferred income taxes expenses": "N/A",
        "The interests of minority shareholders": 1365,
        "Total Cost of profits": 2853,
        "Profit after tax corporate income": 4095,
        "Volume": 12500000,
        "Close of Quarter": 9.5,
        "EPS": 1633,
        "Non-adjusted EPS": 1633,
        "PE": 5.8,
        "Book Price": 12.8
      }
    },
    {
      "quarter": "Q3 2016",
      "income status": {
        "Net sales": 560272,
        "Cost of goods sold": 535660,
        "Gross Profit": 24612,
        "Financial expenses": 48,
        "Of which: Interest expense": "N/A",
        "Cost of sales": 9526,
        "Enterprise cost management": 7809,
        "Total Operating Expenses": 17383,
        "Total revenue financing activities": 630,
        "Net profit from business activities": 7859,
        "Profit": "N/A",
        "Profit before tax": 7859,
        "Present corporate income tax expenses": 1572,
        "Deferred income taxes expenses": "N/A",
        "The interests of minority shareholders": 1572,
        "Total Cost of profits": 3144,
        "Profit after tax corporate income": 4715,
        "Volume": 12500000,
        "Close of Quarter": 9.5,
        "EPS": 1652,
        "Non-adjusted EPS": 1652,
        "PE": 5.7,
        "Book Price": 13.3
      }
    },
    {
      "quarter": "Q2 2016",
      "income status": {
        "Net sales": 704507,
        "Cost of goods sold": 679031,
        "Gross Profit": 25476,
        "Financial expenses": 54,
        "Of which: Interest expense": "N/A",
        "Cost of sales": 10386,
        "Enterprise cost management": 9086,
        "Total Operating Expenses": 19526,
        "Total revenue financing activities": 92,
        "Net profit from business activities": 6042,
        "Profit": 2847,
        "Profit before tax": 8889,
        "Present corporate income tax expenses": 1778,
        "Deferred income taxes expenses": "N/A",
        "The interests of minority shareholders": -1124,
        "Total Cost of profits": 654,
        "Profit after tax corporate income": 8235,
        "Volume": 12500000,
        "Close of Quarter": 9.4,
        "EPS": 1457,
        "Non-adjusted EPS": 1457,
        "PE": 6.4,
        "Book Price": 12.9
      }
    },
    {
      "quarter": "Q1 2016",
      "income status": {
        "Net sales": 492102,
        "Cost of goods sold": 471574,
        "Gross Profit": 20528,
        "Financial expenses": 38,
        "Of which: Interest expense": "N/A",
        "Cost of sales": 8039,
        "Enterprise cost management": 6973,
        "Total Operating Expenses": 15050,
        "Total revenue financing activities": 140,
        "Net profit from business activities": 5619,
        "Profit": "N/A",
        "Profit before tax": 5619,
        "Present corporate income tax expenses": 1124,
        "Deferred income taxes expenses": "N/A",
        "The interests of minority shareholders": 1124,
        "Total Cost of profits": 2248,
        "Profit after tax corporate income": 3371,
        "Volume": 12500000,
        "Close of Quarter": 9.6,
        "EPS": 1599,
        "Non-adjusted EPS": 1599,
        "PE": 6.0,
        "Book Price": 13.1
      }
    },
    {
      "quarter": "Q4 2015",
      "income status": {
        "Net sales": 669539,
        "Cost of goods sold": 640999,
        "Gross Profit": 28540,
        "Financial expenses": 502,
        "Of which: Interest expense": "N/A",
        "Cost of sales": 13891,
        "Enterprise cost management": 8001,
        "Total Operating Expenses": 22394,
        "Total revenue financing activities": 148,
        "Net profit from business activities": 6294,
        "Profit": 1327,
        "Profit before tax": 7621,
        "Present corporate income tax expenses": 1846,
        "Deferred income taxes expenses": "N/A",
        "The interests of minority shareholders": 1444,
        "Total Cost of profits": 3290,
        "Profit after tax corporate income": 4331,
        "Volume": 12500000,
        "Close of Quarter": 12.1,
        "EPS": 1430,
        "Non-adjusted EPS": 1430,
        "PE": 8.5,
        "Book Price": 12.9
      }
    },
    {
      "quarter": "Q3 2015",
      "income status": {
        "Net sales": 678273,
        "Cost of goods sold": 645250,
        "Gross Profit": 33023,
        "Financial expenses": 1022,
        "Of which: Interest expense": 44,
        "Cost of sales": 12013,
        "Enterprise cost management": 8475,
        "Total Operating Expenses": 21510,
        "Total revenue financing activities": 129,
        "Net profit from business activities": 11643,
        "Profit": 6,
        "Profit before tax": 11648,
        "Present corporate income tax expenses": 2562,
        "Deferred income taxes expenses": "N/A",
        "The interests of minority shareholders": 6814,
        "Total Cost of profits": 9376,
        "Profit after tax corporate income": 2272,
        "Volume": 12500000,
        "Close of Quarter": 8.3,
        "EPS": 1640,
        "Non-adjusted EPS": 1640,
        "PE": 5.1,
        "Book Price": 13.3
      }
    },
    {
      "quarter": "Q2 2015",
      "income status": {
        "Net sales": 752800,
        "Cost of goods sold": 728359,
        "Gross Profit": 24441,
        "Financial expenses": 772,
        "Of which: Interest expense": "N/A",
        "Cost of sales": 8779,
        "Enterprise cost management": 7125,
        "Total Operating Expenses": 16676,
        "Total revenue financing activities": 270,
        "Net profit from business activities": 8035,
        "Profit": "N/A",
        "Profit before tax": 8035,
        "Present corporate income tax expenses": 1768,
        "Deferred income taxes expenses": "N/A",
        "The interests of minority shareholders": -3751,
        "Total Cost of profits": -1983,
        "Profit after tax corporate income": 10018,
        "Volume": 12500000,
        "Close of Quarter": 9.7,
        "EPS": 2023,
        "Non-adjusted EPS": 2023,
        "PE": 4.8,
        "Book Price": 12.7
      }
    },
    {
      "quarter": "Q1 2015",
      "income status": {
        "Net sales": 572519,
        "Cost of goods sold": 548571,
        "Gross Profit": 23948,
        "Financial expenses": 188,
        "Of which: Interest expense": 62,
        "Cost of sales": 8289,
        "Enterprise cost management": 9144,
        "Total Operating Expenses": 17621,
        "Total revenue financing activities": 85,
        "Net profit from business activities": 6411,
        "Profit": "N/A",
        "Profit before tax": 6411,
        "Present corporate income tax expenses": 1410,
        "Deferred income taxes expenses": "N/A",
        "The interests of minority shareholders": 3751,
        "Total Cost of profits": 5161,
        "Profit after tax corporate income": 1250,
        "Volume": 12500000,
        "Close of Quarter": 10.0,
        "EPS": 1722,
        "Non-adjusted EPS": 1722,
        "PE": 5.8,
        "Book Price": 13.4
      }
    },
    {
      "quarter": "Q3 2014",
      "income status": {
        "Net sales": 688714,
        "Cost of goods sold": 660391,
        "Gross Profit": 28323,
        "Financial expenses": 287,
        "Of which: Interest expense": "N/A",
        "Cost of sales": 10722,
        "Enterprise cost management": 8482,
        "Total Operating Expenses": 19491,
        "Total revenue financing activities": 96,
        "Net profit from business activities": 8929,
        "Profit": "N/A",
        "Profit before tax": 8928,
        "Present corporate income tax expenses": 1964,
        "Deferred income taxes expenses": "N/A",
        "The interests of minority shareholders": "N/A",
        "Total Cost of profits": 1964,
        "Profit after tax corporate income": 6964,
        "Volume": 12500000,
        "Close of Quarter": "N/A",
        "EPS": 1883,
        "Non-adjusted EPS": 1883,
        "PE": "N/A",
        "Book Price": 13.3
      }
    },
    {
      "quarter": "Q2 2014",
      "income status": {
        "Net sales": 740863,
        "Cost of goods sold": 716486,
        "Gross Profit": 24378,
        "Financial expenses": 210,
        "Of which: Interest expense": "N/A",
        "Cost of sales": 8776,
        "Enterprise cost management": 6402,
        "Total Operating Expenses": 15388,
        "Total revenue financing activities": 111,
        "Net profit from business activities": 9101,
        "Profit": 42,
        "Profit before tax": 9144,
        "Present corporate income tax expenses": 2088,
        "Deferred income taxes expenses": "N/A",
        "The interests of minority shareholders": "N/A",
        "Total Cost of profits": 2088,
        "Profit after tax corporate income": 7055,
        "Volume": 12500000,
        "Close of Quarter": "N/A",
        "EPS": 1326,
        "Non-adjusted EPS": 1326,
        "PE": "N/A",
        "Book Price": "N/A"
      }
    },
    {
      "quarter": "Q1 2014",
      "income status": {
        "Net sales": 731497,
        "Cost of goods sold": 703204,
        "Gross Profit": 28293,
        "Financial expenses": 125,
        "Of which: Interest expense": 111,
        "Cost of sales": 8046,
        "Enterprise cost management": 9549,
        "Total Operating Expenses": 17720,
        "Total revenue financing activities": 70,
        "Net profit from business activities": 10643,
        "Profit": 35,
        "Profit before tax": 10678,
        "Present corporate income tax expenses": 2341,
        "Deferred income taxes expenses": "N/A",
        "The interests of minority shareholders": 2084,
        "Total Cost of profits": 4425,
        "Profit after tax corporate income": 6253,
        "Volume": 12500000,
        "Close of Quarter": "N/A",
        "EPS": 762,
        "Non-adjusted EPS": 762,
        "PE": "N/A",
        "Book Price": "N/A"
      }
    },
    {
      "quarter": "Q3 2013",
      "income status": {
        "Net sales": 609671,
        "Cost of goods sold": 584752,
        "Gross Profit": 24919,
        "Financial expenses": 891,
        "Of which: Interest expense": 578,
        "Cost of sales": 11380,
        "Enterprise cost management": 8245,
        "Total Operating Expenses": 20516,
        "Total revenue financing activities": 110,
        "Net profit from business activities": 4513,
        "Profit": -155,
        "Profit before tax": 4358,
        "Present corporate income tax expenses": 1089,
        "Deferred income taxes expenses": "N/A",
        "The interests of minority shareholders": "N/A",
        "Total Cost of profits": 1089,
        "Profit after tax corporate income": 3268,
        "Volume": 12500000,
        "Close of Quarter": "N/A",
        "EPS": 261,
        "Non-adjusted EPS": 261,
        "PE": "N/A",
        "Book Price": "N/A"
      }
    }
  ]
}