{
  "ticker": "SMN",
  "data": [
    {
      "quarter": "Q4 2016",
      "income status": {
        "Net sales": 24244,
        "Cost of goods sold": 15548,
        "Gross Profit": 8695,
        "Financial expenses": -716,
        "Of which: Interest expense": "N/A",
        "Cost of sales": 5219,
        "Enterprise cost management": 3461,
        "Total Operating Expenses": 7964,
        "Total revenue financing activities": 78,
        "Net profit from business activities": 810,
        "Profit": 235,
        "Profit before tax": 1045,
        "Present corporate income tax expenses": 238,
        "Deferred income taxes expenses": "N/A",
        "The interests of minority shareholders": "N/A",
        "Total Cost of profits": 238,
        "Profit after tax corporate income": 807,
        "Volume": 4405000,
        "Close of Quarter": 8.6,
        "EPS": 1844,
        "Non-adjusted EPS": 1844,
        "PE": 4.7,
        "Book Price": 13.1
      }
    },
    {
      "quarter": "Q3 2016",
      "income status": {
        "Net sales": 86680,
        "Cost of goods sold": 70318,
        "Gross Profit": 16363,
        "Financial expenses": 891,
        "Of which: Interest expense": "N/A",
        "Cost of sales": 7236,
        "Enterprise cost management": 5013,
        "Total Operating Expenses": 13140,
        "Total revenue financing activities": 53,
        "Net profit from business activities": 3276,
        "Profit": 767,
        "Profit before tax": 4042,
        "Present corporate income tax expenses": 814,
        "Deferred income taxes expenses": "N/A",
        "The interests of minority shareholders": "N/A",
        "Total Cost of profits": 814,
        "Profit after tax corporate income": 3228,
        "Volume": 4405000,
        "Close of Quarter": 10.0,
        "EPS": 1772,
        "Non-adjusted EPS": 1772,
        "PE": 5.6,
        "Book Price": 13
      }
    },
    {
      "quarter": "Q2 2016",
      "income status": {
        "Net sales": 242334,
        "Cost of goods sold": 224512,
        "Gross Profit": 17822,
        "Financial expenses": 208,
        "Of which: Interest expense": "N/A",
        "Cost of sales": 7353,
        "Enterprise cost management": 4814,
        "Total Operating Expenses": 12375,
        "Total revenue financing activities": 356,
        "Net profit from business activities": 5802,
        "Profit": 96,
        "Profit before tax": 5898,
        "Present corporate income tax expenses": 1275,
        "Deferred income taxes expenses": "N/A",
        "The interests of minority shareholders": "N/A",
        "Total Cost of profits": 1275,
        "Profit after tax corporate income": 4623,
        "Volume": 4405000,
        "Close of Quarter": 8.5,
        "EPS": 1668,
        "Non-adjusted EPS": 1668,
        "PE": 5.1,
        "Book Price": 12.4
      }
    },
    {
      "quarter": "Q1 2016",
      "income status": {
        "Net sales": 15748,
        "Cost of goods sold": 13373,
        "Gross Profit": 2375,
        "Financial expenses": "N/A",
        "Of which: Interest expense": "N/A",
        "Cost of sales": 865,
        "Enterprise cost management": 2107,
        "Total Operating Expenses": 2972,
        "Total revenue financing activities": 126,
        "Net profit from business activities": -471,
        "Profit": -63,
        "Profit before tax": -534,
        "Present corporate income tax expenses": "N/A",
        "Deferred income taxes expenses": "N/A",
        "The interests of minority shareholders": "N/A",
        "Total Cost of profits": 0,
        "Profit after tax corporate income": -534,
        "Volume": 4405000,
        "Close of Quarter": 8.7,
        "EPS": 1624,
        "Non-adjusted EPS": 1624,
        "PE": 5.4,
        "Book Price": 11.5
      }
    },
    {
      "quarter": "Q4 2015",
      "income status": {
        "Net sales": 8234,
        "Cost of goods sold": 6394,
        "Gross Profit": 1840,
        "Financial expenses": -692,
        "Of which: Interest expense": "N/A",
        "Cost of sales": 820,
        "Enterprise cost management": 2305,
        "Total Operating Expenses": 2433,
        "Total revenue financing activities": 845,
        "Net profit from business activities": 252,
        "Profit": 393,
        "Profit before tax": 645,
        "Present corporate income tax expenses": 158,
        "Deferred income taxes expenses": "N/A",
        "The interests of minority shareholders": "N/A",
        "Total Cost of profits": 158,
        "Profit after tax corporate income": 487,
        "Volume": 4405000,
        "Close of Quarter": 8.7,
        "EPS": 1627,
        "Non-adjusted EPS": 1627,
        "PE": 5.3,
        "Book Price": 12.6
      }
    },
    {
      "quarter": "Q3 2015",
      "income status": {
        "Net sales": 92089,
        "Cost of goods sold": 78701,
        "Gross Profit": 13388,
        "Financial expenses": 282,
        "Of which: Interest expense": 76,
        "Cost of sales": 6823,
        "Enterprise cost management": 3558,
        "Total Operating Expenses": 10663,
        "Total revenue financing activities": 383,
        "Net profit from business activities": 3108,
        "Profit": 530,
        "Profit before tax": 3638,
        "Present corporate income tax expenses": 865,
        "Deferred income taxes expenses": "N/A",
        "The interests of minority shareholders": "N/A",
        "Total Cost of profits": 865,
        "Profit after tax corporate income": 2773,
        "Volume": 4405000,
        "Close of Quarter": 7.5,
        "EPS": 1759,
        "Non-adjusted EPS": 1759,
        "PE": 4.3,
        "Book Price": 12.5
      }
    },
    {
      "quarter": "Q2 2015",
      "income status": {
        "Net sales": 209739,
        "Cost of goods sold": 191127,
        "Gross Profit": 18612,
        "Financial expenses": 1299,
        "Of which: Interest expense": 228,
        "Cost of sales": 6791,
        "Enterprise cost management": 5406,
        "Total Operating Expenses": 13496,
        "Total revenue financing activities": 379,
        "Net profit from business activities": 5494,
        "Profit": 82,
        "Profit before tax": 5576,
        "Present corporate income tax expenses": 1149,
        "Deferred income taxes expenses": "N/A",
        "The interests of minority shareholders": "N/A",
        "Total Cost of profits": 1149,
        "Profit after tax corporate income": 4426,
        "Volume": 4405000,
        "Close of Quarter": "N/A",
        "EPS": 1826,
        "Non-adjusted EPS": 1826,
        "PE": "N/A",
        "Book Price": 12
      }
    },
    {
      "quarter": "Q1 2015",
      "income status": {
        "Net sales": 16523,
        "Cost of goods sold": 14754,
        "Gross Profit": 1769,
        "Financial expenses": 41,
        "Of which: Interest expense": 41,
        "Cost of sales": 922,
        "Enterprise cost management": 1699,
        "Total Operating Expenses": 2662,
        "Total revenue financing activities": 396,
        "Net profit from business activities": -497,
        "Profit": -20,
        "Profit before tax": -518,
        "Present corporate income tax expenses": "N/A",
        "Deferred income taxes expenses": "N/A",
        "The interests of minority shareholders": "N/A",
        "Total Cost of profits": 0,
        "Profit after tax corporate income": -518,
        "Volume": 4405000,
        "Close of Quarter": "N/A",
        "EPS": 1517,
        "Non-adjusted EPS": 1517,
        "PE": "N/A",
        "Book Price": 11.1
      }
    },
    {
      "quarter": "Q4 2014",
      "income status": {
        "Net sales": 13409,
        "Cost of goods sold": 10330,
        "Gross Profit": 3078,
        "Financial expenses": -1547,
        "Of which: Interest expense": "N/A",
        "Cost of sales": 898,
        "Enterprise cost management": 4632,
        "Total Operating Expenses": 3983,
        "Total revenue financing activities": 355,
        "Net profit from business activities": -549,
        "Profit": 1987,
        "Profit before tax": 1437,
        "Present corporate income tax expenses": 370,
        "Deferred income taxes expenses": "N/A",
        "The interests of minority shareholders": "N/A",
        "Total Cost of profits": 370,
        "Profit after tax corporate income": 1068,
        "Volume": 4405000,
        "Close of Quarter": "N/A",
        "EPS": 1635,
        "Non-adjusted EPS": 1635,
        "PE": "N/A",
        "Book Price": 12.4
      }
    },
    {
      "quarter": "Q3 2014",
      "income status": {
        "Net sales": 98045,
        "Cost of goods sold": 85013,
        "Gross Profit": 13032,
        "Financial expenses": 423,
        "Of which: Interest expense": "N/A",
        "Cost of sales": 6437,
        "Enterprise cost management": 3861,
        "Total Operating Expenses": 10721,
        "Total revenue financing activities": 1706,
        "Net profit from business activities": 4017,
        "Profit": -21,
        "Profit before tax": 3996,
        "Present corporate income tax expenses": 926,
        "Deferred income taxes expenses": "N/A",
        "The interests of minority shareholders": "N/A",
        "Total Cost of profits": 926,
        "Profit after tax corporate income": 3069,
        "Volume": 4405000,
        "Close of Quarter": "N/A",
        "EPS": 1392,
        "Non-adjusted EPS": 1392,
        "PE": "N/A",
        "Book Price": 12.2
      }
    },
    {
      "quarter": "Q2 2014",
      "income status": {
        "Net sales": 188985,
        "Cost of goods sold": 174175,
        "Gross Profit": 14809,
        "Financial expenses": 1813,
        "Of which: Interest expense": 2,
        "Cost of sales": 6440,
        "Enterprise cost management": 3257,
        "Total Operating Expenses": 11510,
        "Total revenue financing activities": 387,
        "Net profit from business activities": 3687,
        "Profit": 117,
        "Profit before tax": 3804,
        "Present corporate income tax expenses": 740,
        "Deferred income taxes expenses": "N/A",
        "The interests of minority shareholders": "N/A",
        "Total Cost of profits": 740,
        "Profit after tax corporate income": 3064,
        "Volume": 4405000,
        "Close of Quarter": "N/A",
        "EPS": 696,
        "Non-adjusted EPS": 696,
        "PE": "N/A",
        "Book Price": 11.7
      }
    }
  ]
}