{
  "ticker": "SDG",
  "data": [
    {
      "quarter": "Q4 2016",
      "income status": {
        "Net sales": 76799,
        "Cost of goods sold": 65675,
        "Gross Profit": 11124,
        "Financial expenses": 2085,
        "Of which: Interest expense": 2075,
        "Cost of sales": 650,
        "Enterprise cost management": 12290,
        "Total Operating Expenses": 15025,
        "Total revenue financing activities": 82,
        "Net profit from business activities": -3819,
        "Profit": 2095,
        "Profit before tax": -1724,
        "Present corporate income tax expenses": -317,
        "Deferred income taxes expenses": "N/A",
        "The interests of minority shareholders": "N/A",
        "Total Cost of profits": -317,
        "Profit after tax corporate income": -1407,
        "Volume": 6499997,
        "Close of Quarter": 18.2,
        "EPS": 2260,
        "Non-adjusted EPS": 2260,
        "PE": 8.1,
        "Book Price": 14.2
      }
    },
    {
      "quarter": "Q3 2016",
      "income status": {
        "Net sales": 82929,
        "Cost of goods sold": 75007,
        "Gross Profit": 7922,
        "Financial expenses": 1692,
        "Of which: Interest expense": 1660,
        "Cost of sales": 738,
        "Enterprise cost management": 3304,
        "Total Operating Expenses": 5734,
        "Total revenue financing activities": 7,
        "Net profit from business activities": 2194,
        "Profit": -105,
        "Profit before tax": 2089,
        "Present corporate income tax expenses": 418,
        "Deferred income taxes expenses": "N/A",
        "The interests of minority shareholders": "N/A",
        "Total Cost of profits": 418,
        "Profit after tax corporate income": 1672,
        "Volume": 6499997,
        "Close of Quarter": 13.8,
        "EPS": 3129,
        "Non-adjusted EPS": 3129,
        "PE": 4.4,
        "Book Price": 16.7
      }
    },
    {
      "quarter": "Q2 2016",
      "income status": {
        "Net sales": 99417,
        "Cost of goods sold": 84839,
        "Gross Profit": 14578,
        "Financial expenses": 1867,
        "Of which: Interest expense": 1842,
        "Cost of sales": 929,
        "Enterprise cost management": -1138,
        "Total Operating Expenses": 1658,
        "Total revenue financing activities": 538,
        "Net profit from business activities": 13457,
        "Profit": 13,
        "Profit before tax": 13470,
        "Present corporate income tax expenses": 2607,
        "Deferred income taxes expenses": "N/A",
        "The interests of minority shareholders": "N/A",
        "Total Cost of profits": 2607,
        "Profit after tax corporate income": 10863,
        "Volume": 6499997,
        "Close of Quarter": 16.5,
        "EPS": 2963,
        "Non-adjusted EPS": 2963,
        "PE": 5.6,
        "Book Price": 16.4
      }
    },
    {
      "quarter": "Q1 2016",
      "income status": {
        "Net sales": 75788,
        "Cost of goods sold": 65689,
        "Gross Profit": 10099,
        "Financial expenses": 1501,
        "Of which: Interest expense": 1485,
        "Cost of sales": 665,
        "Enterprise cost management": 3971,
        "Total Operating Expenses": 6137,
        "Total revenue financing activities": 367,
        "Net profit from business activities": 4329,
        "Profit": 143,
        "Profit before tax": 4472,
        "Present corporate income tax expenses": 908,
        "Deferred income taxes expenses": "N/A",
        "The interests of minority shareholders": "N/A",
        "Total Cost of profits": 908,
        "Profit after tax corporate income": 3564,
        "Volume": 6499997,
        "Close of Quarter": 18.1,
        "EPS": 2709,
        "Non-adjusted EPS": 2709,
        "PE": 6.7,
        "Book Price": 14.8
      }
    },
    {
      "quarter": "Q4 2015",
      "income status": {
        "Net sales": 85065,
        "Cost of goods sold": 78444,
        "Gross Profit": 6621,
        "Financial expenses": 1308,
        "Of which: Interest expense": 1290,
        "Cost of sales": 846,
        "Enterprise cost management": 8481,
        "Total Operating Expenses": 10635,
        "Total revenue financing activities": 7374,
        "Net profit from business activities": 3360,
        "Profit": -8,
        "Profit before tax": 3351,
        "Present corporate income tax expenses": -886,
        "Deferred income taxes expenses": "N/A",
        "The interests of minority shareholders": "N/A",
        "Total Cost of profits": -886,
        "Profit after tax corporate income": 4238,
        "Volume": 6499997,
        "Close of Quarter": 18.1,
        "EPS": 2512,
        "Non-adjusted EPS": 2512,
        "PE": 7.2,
        "Book Price": 14.2
      }
    },
    {
      "quarter": "Q3 2015",
      "income status": {
        "Net sales": 66990,
        "Cost of goods sold": 62445,
        "Gross Profit": 4544,
        "Financial expenses": 1052,
        "Of which: Interest expense": 1052,
        "Cost of sales": 644,
        "Enterprise cost management": 2604,
        "Total Operating Expenses": 4300,
        "Total revenue financing activities": 5,
        "Net profit from business activities": 249,
        "Profit": 515,
        "Profit before tax": 764,
        "Present corporate income tax expenses": 171,
        "Deferred income taxes expenses": "N/A",
        "The interests of minority shareholders": "N/A",
        "Total Cost of profits": 171,
        "Profit after tax corporate income": 593,
        "Volume": 6499997,
        "Close of Quarter": 19.6,
        "EPS": 3131,
        "Non-adjusted EPS": 3131,
        "PE": 6.3,
        "Book Price": 15.8
      }
    },
    {
      "quarter": "Q2 2015",
      "income status": {
        "Net sales": 81035,
        "Cost of goods sold": 72456,
        "Gross Profit": 8579,
        "Financial expenses": 1122,
        "Of which: Interest expense": 1121,
        "Cost of sales": 749,
        "Enterprise cost management": -924,
        "Total Operating Expenses": 947,
        "Total revenue financing activities": 451,
        "Net profit from business activities": 8084,
        "Profit": 3624,
        "Profit before tax": 11708,
        "Present corporate income tax expenses": 2493,
        "Deferred income taxes expenses": "N/A",
        "The interests of minority shareholders": "N/A",
        "Total Cost of profits": 2493,
        "Profit after tax corporate income": 9214,
        "Volume": 6499997,
        "Close of Quarter": 20.1,
        "EPS": 3440,
        "Non-adjusted EPS": 3440,
        "PE": 5.8,
        "Book Price": 15.7
      }
    },
    {
      "quarter": "Q1 2015",
      "income status": {
        "Net sales": 70254,
        "Cost of goods sold": 62858,
        "Gross Profit": 7397,
        "Financial expenses": 937,
        "Of which: Interest expense": 936,
        "Cost of sales": 622,
        "Enterprise cost management": 3075,
        "Total Operating Expenses": 4634,
        "Total revenue financing activities": 282,
        "Net profit from business activities": 3045,
        "Profit": "N/A",
        "Profit before tax": 3045,
        "Present corporate income tax expenses": 759,
        "Deferred income taxes expenses": "N/A",
        "The interests of minority shareholders": "N/A",
        "Total Cost of profits": 759,
        "Profit after tax corporate income": 2286,
        "Volume": 6499997,
        "Close of Quarter": 17.1,
        "EPS": 2343,
        "Non-adjusted EPS": 2343,
        "PE": 7.3,
        "Book Price": 14.8
      }
    },
    {
      "quarter": "Q4 2014",
      "income status": {
        "Net sales": 74833,
        "Cost of goods sold": 68864,
        "Gross Profit": 5969,
        "Financial expenses": 1097,
        "Of which: Interest expense": 990,
        "Cost of sales": 763,
        "Enterprise cost management": 3637,
        "Total Operating Expenses": 5497,
        "Total revenue financing activities": 7560,
        "Net profit from business activities": 8032,
        "Profit": 542,
        "Profit before tax": 8575,
        "Present corporate income tax expenses": 317,
        "Deferred income taxes expenses": "N/A",
        "The interests of minority shareholders": "N/A",
        "Total Cost of profits": 317,
        "Profit after tax corporate income": 8258,
        "Volume": 6499997,
        "Close of Quarter": 16.3,
        "EPS": 2330,
        "Non-adjusted EPS": 2330,
        "PE": 7.0,
        "Book Price": 14.5
      }
    },
    {
      "quarter": "Q3 2014",
      "income status": {
        "Net sales": 66391,
        "Cost of goods sold": 60191,
        "Gross Profit": 6200,
        "Financial expenses": 648,
        "Of which: Interest expense": 644,
        "Cost of sales": 748,
        "Enterprise cost management": 2016,
        "Total Operating Expenses": 3412,
        "Total revenue financing activities": 15,
        "Net profit from business activities": 2803,
        "Profit": 523,
        "Profit before tax": 3327,
        "Present corporate income tax expenses": 724,
        "Deferred income taxes expenses": "N/A",
        "The interests of minority shareholders": "N/A",
        "Total Cost of profits": 724,
        "Profit after tax corporate income": 2602,
        "Volume": 6499997,
        "Close of Quarter": 14.2,
        "EPS": 2293,
        "Non-adjusted EPS": 2293,
        "PE": 6.2,
        "Book Price": 15.5
      }
    },
    {
      "quarter": "Q2 2014",
      "income status": {
        "Net sales": 72874,
        "Cost of goods sold": 67287,
        "Gross Profit": 5588,
        "Financial expenses": 758,
        "Of which: Interest expense": 681,
        "Cost of sales": 778,
        "Enterprise cost management": 3118,
        "Total Operating Expenses": 4654,
        "Total revenue financing activities": 494,
        "Net profit from business activities": 1428,
        "Profit": 1156,
        "Profit before tax": 2584,
        "Present corporate income tax expenses": 501,
        "Deferred income taxes expenses": "N/A",
        "The interests of minority shareholders": "N/A",
        "Total Cost of profits": 501,
        "Profit after tax corporate income": 2083,
        "Volume": 6499997,
        "Close of Quarter": 20.9,
        "EPS": 2481,
        "Non-adjusted EPS": 2481,
        "PE": 8.4,
        "Book Price": 15.1
      }
    },
    {
      "quarter": "Q1 2014",
      "income status": {
        "Net sales": 58027,
        "Cost of goods sold": 53154,
        "Gross Profit": 4873,
        "Financial expenses": 506,
        "Of which: Interest expense": 454,
        "Cost of sales": 622,
        "Enterprise cost management": 2323,
        "Total Operating Expenses": 3451,
        "Total revenue financing activities": 229,
        "Net profit from business activities": 1652,
        "Profit": 1185,
        "Profit before tax": 2836,
        "Present corporate income tax expenses": 631,
        "Deferred income taxes expenses": "N/A",
        "The interests of minority shareholders": "N/A",
        "Total Cost of profits": 631,
        "Profit after tax corporate income": 2205,
        "Volume": 6499997,
        "Close of Quarter": 16.4,
        "EPS": 3078,
        "Non-adjusted EPS": 3078,
        "PE": 5.3,
        "Book Price": 15.8
      }
    },
    {
      "quarter": "Q4 2013",
      "income status": {
        "Net sales": 65244,
        "Cost of goods sold": 61051,
        "Gross Profit": 4193,
        "Financial expenses": 661,
        "Of which: Interest expense": 617,
        "Cost of sales": 650,
        "Enterprise cost management": 4035,
        "Total Operating Expenses": 5346,
        "Total revenue financing activities": 7331,
        "Net profit from business activities": 6178,
        "Profit": 2411,
        "Profit before tax": 8589,
        "Present corporate income tax expenses": 573,
        "Deferred income taxes expenses": "N/A",
        "The interests of minority shareholders": "N/A",
        "Total Cost of profits": 573,
        "Profit after tax corporate income": 8016,
        "Volume": 6499997,
        "Close of Quarter": 11.3,
        "EPS": 2906,
        "Non-adjusted EPS": 2906,
        "PE": 3.9,
        "Book Price": 17.4
      }
    },
    {
      "quarter": "Q3 2013",
      "income status": {
        "Net sales": 77969,
        "Cost of goods sold": 70447,
        "Gross Profit": 7522,
        "Financial expenses": 883,
        "Of which: Interest expense": 822,
        "Cost of sales": 864,
        "Enterprise cost management": 2587,
        "Total Operating Expenses": 4334,
        "Total revenue financing activities": 90,
        "Net profit from business activities": 3278,
        "Profit": 1820,
        "Profit before tax": 5098,
        "Present corporate income tax expenses": 1275,
        "Deferred income taxes expenses": "N/A",
        "The interests of minority shareholders": "N/A",
        "Total Cost of profits": 1275,
        "Profit after tax corporate income": 3823,
        "Volume": 6499997,
        "Close of Quarter": 13.5,
        "EPS": 3236,
        "Non-adjusted EPS": 3236,
        "PE": 4.2,
        "Book Price": 16.5
      }
    },
    {
      "quarter": "Q2 2013",
      "income status": {
        "Net sales": 84701,
        "Cost of goods sold": 74416,
        "Gross Profit": 10285,
        "Financial expenses": 1071,
        "Of which: Interest expense": 910,
        "Cost of sales": 926,
        "Enterprise cost management": 2688,
        "Total Operating Expenses": 4685,
        "Total revenue financing activities": 90,
        "Net profit from business activities": 5691,
        "Profit": 2228,
        "Profit before tax": 7919,
        "Present corporate income tax expenses": 1955,
        "Deferred income taxes expenses": "N/A",
        "The interests of minority shareholders": "N/A",
        "Total Cost of profits": 1955,
        "Profit after tax corporate income": 5964,
        "Volume": 6499997,
        "Close of Quarter": 13.9,
        "EPS": 3149,
        "Non-adjusted EPS": 3149,
        "PE": 4.4,
        "Book Price": 15.9
      }
    },
    {
      "quarter": "Q1 2013",
      "income status": {
        "Net sales": 57879,
        "Cost of goods sold": 53776,
        "Gross Profit": 4103,
        "Financial expenses": 1125,
        "Of which: Interest expense": 1082,
        "Cost of sales": 654,
        "Enterprise cost management": 2581,
        "Total Operating Expenses": 4360,
        "Total revenue financing activities": 504,
        "Net profit from business activities": 247,
        "Profit": 1219,
        "Profit before tax": 1466,
        "Present corporate income tax expenses": 381,
        "Deferred income taxes expenses": "N/A",
        "The interests of minority shareholders": "N/A",
        "Total Cost of profits": 381,
        "Profit after tax corporate income": 1085,
        "Volume": 6499997,
        "Close of Quarter": 14.2,
        "EPS": 3397,
        "Non-adjusted EPS": 3397,
        "PE": 4.2,
        "Book Price": 15
      }
    },
    {
      "quarter": "Q4 2012",
      "income status": {
        "Net sales": 69467,
        "Cost of goods sold": 65213,
        "Gross Profit": 4253,
        "Financial expenses": 1063,
        "Of which: Interest expense": 1025,
        "Cost of sales": 658,
        "Enterprise cost management": 6504,
        "Total Operating Expenses": 8225,
        "Total revenue financing activities": 11227,
        "Net profit from business activities": 7255,
        "Profit": 2588,
        "Profit before tax": 9843,
        "Present corporate income tax expenses": -318,
        "Deferred income taxes expenses": "N/A",
        "The interests of minority shareholders": "N/A",
        "Total Cost of profits": -318,
        "Profit after tax corporate income": 10162,
        "Volume": 6499997,
        "Close of Quarter": 12.1,
        "EPS": 4231,
        "Non-adjusted EPS": 4231,
        "PE": 2.9,
        "Book Price": 14.8
      }
    },
    {
      "quarter": "Q3 2012",
      "income status": {
        "Net sales": 62737,
        "Cost of goods sold": 56370,
        "Gross Profit": 6367,
        "Financial expenses": 1364,
        "Of which: Interest expense": 1291,
        "Cost of sales": 622,
        "Enterprise cost management": 2683,
        "Total Operating Expenses": 4669,
        "Total revenue financing activities": 128,
        "Net profit from business activities": 1826,
        "Profit": 2567,
        "Profit before tax": 4393,
        "Present corporate income tax expenses": 1137,
        "Deferred income taxes expenses": "N/A",
        "The interests of minority shareholders": "N/A",
        "Total Cost of profits": 1137,
        "Profit after tax corporate income": 3256,
        "Volume": 6499997,
        "Close of Quarter": 17.1,
        "EPS": 4995,
        "Non-adjusted EPS": 4995,
        "PE": 3.4,
        "Book Price": 16.7
      }
    },
    {
      "quarter": "Q2 2012",
      "income status": {
        "Net sales": 85728,
        "Cost of goods sold": 74217,
        "Gross Profit": 11511,
        "Financial expenses": 2312,
        "Of which: Interest expense": 2275,
        "Cost of sales": 817,
        "Enterprise cost management": 2390,
        "Total Operating Expenses": 5519,
        "Total revenue financing activities": 213,
        "Net profit from business activities": 6205,
        "Profit": 3866,
        "Profit before tax": 10071,
        "Present corporate income tax expenses": 2495,
        "Deferred income taxes expenses": "N/A",
        "The interests of minority shareholders": "N/A",
        "Total Cost of profits": 2495,
        "Profit after tax corporate income": 7576,
        "Volume": 6499997,
        "Close of Quarter": 20.1,
        "EPS": 5180,
        "Non-adjusted EPS": 5180,
        "PE": 3.9,
        "Book Price": 16.2
      }
    },
    {
      "quarter": "Q1 2012",
      "income status": {
        "Net sales": 75312,
        "Cost of goods sold": 65274,
        "Gross Profit": 10038,
        "Financial expenses": 2717,
        "Of which: Interest expense": 2591,
        "Cost of sales": 801,
        "Enterprise cost management": 2187,
        "Total Operating Expenses": 5705,
        "Total revenue financing activities": 32,
        "Net profit from business activities": 4366,
        "Profit": 4353,
        "Profit before tax": 8719,
        "Present corporate income tax expenses": 2214,
        "Deferred income taxes expenses": "N/A",
        "The interests of minority shareholders": "N/A",
        "Total Cost of profits": 2214,
        "Profit after tax corporate income": 6505,
        "Volume": 6499997,
        "Close of Quarter": 21.1,
        "EPS": 4536,
        "Non-adjusted EPS": 4536,
        "PE": 4.7,
        "Book Price": 15.3
      }
    },
    {
      "quarter": "Q4 2011",
      "income status": {
        "Net sales": 81573,
        "Cost of goods sold": 75110,
        "Gross Profit": 6463,
        "Financial expenses": 2656,
        "Of which: Interest expense": 2481,
        "Cost of sales": 739,
        "Enterprise cost management": 3342,
        "Total Operating Expenses": 6737,
        "Total revenue financing activities": 14050,
        "Net profit from business activities": 13776,
        "Profit": 2002,
        "Profit before tax": 15778,
        "Present corporate income tax expenses": 649,
        "Deferred income taxes expenses": "N/A",
        "The interests of minority shareholders": "N/A",
        "Total Cost of profits": 649,
        "Profit after tax corporate income": 15129,
        "Volume": 6499997,
        "Close of Quarter": 17.7,
        "EPS": 4194,
        "Non-adjusted EPS": 4194,
        "PE": 4.2,
        "Book Price": 14.4
      }
    },
    {
      "quarter": "Q3 2011",
      "income status": {
        "Net sales": 65738,
        "Cost of goods sold": 58117,
        "Gross Profit": 7621,
        "Financial expenses": 1945,
        "Of which: Interest expense": 1896,
        "Cost of sales": 582,
        "Enterprise cost management": 1841,
        "Total Operating Expenses": 4368,
        "Total revenue financing activities": 298,
        "Net profit from business activities": 3551,
        "Profit": 2500,
        "Profit before tax": 6050,
        "Present corporate income tax expenses": 1591,
        "Deferred income taxes expenses": "N/A",
        "The interests of minority shareholders": "N/A",
        "Total Cost of profits": 1591,
        "Profit after tax corporate income": 4459,
        "Volume": 6499997,
        "Close of Quarter": 10.5,
        "EPS": 3801,
        "Non-adjusted EPS": 3801,
        "PE": 2.8,
        "Book Price": 15.4
      }
    },
    {
      "quarter": "Q2 2011",
      "income status": {
        "Net sales": 69607,
        "Cost of goods sold": 62096,
        "Gross Profit": 7511,
        "Financial expenses": 4171,
        "Of which: Interest expense": 2849,
        "Cost of sales": 712,
        "Enterprise cost management": 1744,
        "Total Operating Expenses": 6627,
        "Total revenue financing activities": 378,
        "Net profit from business activities": 1262,
        "Profit": 3259,
        "Profit before tax": 4521,
        "Present corporate income tax expenses": 1127,
        "Deferred income taxes expenses": "N/A",
        "The interests of minority shareholders": "N/A",
        "Total Cost of profits": 1127,
        "Profit after tax corporate income": 3393,
        "Volume": 6499997,
        "Close of Quarter": 11.3,
        "EPS": 5085,
        "Non-adjusted EPS": 5085,
        "PE": 2.2,
        "Book Price": 14.7
      }
    },
    {
      "quarter": "Q1 2011",
      "income status": {
        "Net sales": 63024,
        "Cost of goods sold": 53801,
        "Gross Profit": 9223,
        "Financial expenses": 2743,
        "Of which: Interest expense": 2201,
        "Cost of sales": 718,
        "Enterprise cost management": 1802,
        "Total Operating Expenses": 5263,
        "Total revenue financing activities": 342,
        "Net profit from business activities": 4301,
        "Profit": 1493,
        "Profit before tax": 5795,
        "Present corporate income tax expenses": 1517,
        "Deferred income taxes expenses": "N/A",
        "The interests of minority shareholders": "N/A",
        "Total Cost of profits": 1517,
        "Profit after tax corporate income": 4278,
        "Volume": 6499997,
        "Close of Quarter": 13.7,
        "EPS": 5292,
        "Non-adjusted EPS": 5292,
        "PE": 2.6,
        "Book Price": 14.1
      }
    }
  ]
}