{
  "ticker": "TIS",
  "data": [
    {
      "quarter": "Q4 2016",
      "income status": {
        "Net sales": 2480272,
        "Cost of goods sold": 2352590,
        "Gross Profit": 127682,
        "Financial expenses": 58755,
        "Of which: Interest expense": 59072,
        "Cost of sales": 12485,
        "Enterprise cost management": 67342,
        "Total Operating Expenses": 138582,
        "Total revenue financing activities": 15987,
        "Net profit from business activities": 5936,
        "Profit": -1251,
        "Profit before tax": 4685,
        "Present corporate income tax expenses": "N/A",
        "Deferred income taxes expenses": "N/A",
        "The interests of minority shareholders": 1148,
        "Total Cost of profits": 1148,
        "Profit after tax corporate income": 3537,
        "Volume": 284000000,
        "Close of Quarter": 7.5,
        "EPS": 741,
        "Non-adjusted EPS": 741,
        "PE": 10.1,
        "Book Price": 9.8
      }
    },
    {
      "quarter": "Q3 2016",
      "income status": {
        "Net sales": 1811757,
        "Cost of goods sold": 1656846,
        "Gross Profit": 154911,
        "Financial expenses": 64599,
        "Of which: Interest expense": 64422,
        "Cost of sales": 10894,
        "Enterprise cost management": 58967,
        "Total Operating Expenses": 134460,
        "Total revenue financing activities": 15251,
        "Net profit from business activities": 35328,
        "Profit": 10076,
        "Profit before tax": 45404,
        "Present corporate income tax expenses": "N/A",
        "Deferred income taxes expenses": "N/A",
        "The interests of minority shareholders": 843,
        "Total Cost of profits": 843,
        "Profit after tax corporate income": 44561,
        "Volume": 284000000,
        "Close of Quarter": 6.2,
        "EPS": 1070,
        "Non-adjusted EPS": 1070,
        "PE": 5.8,
        "Book Price": 9.9
      }
    },
    {
      "quarter": "Q2 2016",
      "income status": {
        "Net sales": 2041433,
        "Cost of goods sold": 1827135,
        "Gross Profit": 214298,
        "Financial expenses": 56435,
        "Of which: Interest expense": 56008,
        "Cost of sales": 12700,
        "Enterprise cost management": 52992,
        "Total Operating Expenses": 122127,
        "Total revenue financing activities": 17164,
        "Net profit from business activities": 109650,
        "Profit": 371,
        "Profit before tax": 110021,
        "Present corporate income tax expenses": "N/A",
        "Deferred income taxes expenses": "N/A",
        "The interests of minority shareholders": 432,
        "Total Cost of profits": 432,
        "Profit after tax corporate income": 109589,
        "Volume": 284000000,
        "Close of Quarter": 6,
        "EPS": 970,
        "Non-adjusted EPS": 970,
        "PE": 6.2,
        "Book Price": 9.8
      }
    },
    {
      "quarter": "Q1 2016",
      "income status": {
        "Net sales": 2244658,
        "Cost of goods sold": 2043426,
        "Gross Profit": 201232,
        "Financial expenses": 71529,
        "Of which: Interest expense": 71049,
        "Cost of sales": 10743,
        "Enterprise cost management": 84827,
        "Total Operating Expenses": 167099,
        "Total revenue financing activities": 16887,
        "Net profit from business activities": 50706,
        "Profit": 2461,
        "Profit before tax": 53167,
        "Present corporate income tax expenses": "N/A",
        "Deferred income taxes expenses": "N/A",
        "The interests of minority shareholders": 349,
        "Total Cost of profits": 349,
        "Profit after tax corporate income": 52818,
        "Volume": 184000000,
        "Close of Quarter": 6,
        "EPS": 534.5,
        "Non-adjusted EPS": 825,
        "PE": 7.3,
        "Book Price": 9.3
      }
    },
    {
      "quarter": "Q3 2015",
      "income status": {
        "Net sales": 1904435,
        "Cost of goods sold": 1777027,
        "Gross Profit": 127408,
        "Financial expenses": 36837,
        "Of which: Interest expense": 63253,
        "Cost of sales": 10485,
        "Enterprise cost management": -5007,
        "Total Operating Expenses": 42315,
        "Total revenue financing activities": 14631,
        "Net profit from business activities": 99835,
        "Profit": -3480,
        "Profit before tax": 96355,
        "Present corporate income tax expenses": "N/A",
        "Deferred income taxes expenses": "N/A",
        "The interests of minority shareholders": -517,
        "Total Cost of profits": -517,
        "Profit after tax corporate income": 96872,
        "Volume": 184000000,
        "Close of Quarter": 5.8,
        "EPS": 450.9,
        "Non-adjusted EPS": 696,
        "PE": 8.3,
        "Book Price": 9.2
      }
    },
    {
      "quarter": "Q2 2015",
      "income status": {
        "Net sales": 2384649,
        "Cost of goods sold": 2220943,
        "Gross Profit": 163706,
        "Financial expenses": 105885,
        "Of which: Interest expense": 58349,
        "Cost of sales": 14734,
        "Enterprise cost management": 59321,
        "Total Operating Expenses": 179940,
        "Total revenue financing activities": 16135,
        "Net profit from business activities": -155,
        "Profit": -3334,
        "Profit before tax": -3489,
        "Present corporate income tax expenses": "N/A",
        "Deferred income taxes expenses": "N/A",
        "The interests of minority shareholders": -19707,
        "Total Cost of profits": -19707,
        "Profit after tax corporate income": 16218,
        "Volume": 184000000,
        "Close of Quarter": 5.6,
        "EPS": 106.9,
        "Non-adjusted EPS": 165,
        "PE": 33.9,
        "Book Price": 9.6
      }
    },
    {
      "quarter": "Q1 2015",
      "income status": {
        "Net sales": 1744767,
        "Cost of goods sold": 1617635,
        "Gross Profit": 127132,
        "Financial expenses": 90644,
        "Of which: Interest expense": 68505,
        "Cost of sales": 16089,
        "Enterprise cost management": 42401,
        "Total Operating Expenses": 149134,
        "Total revenue financing activities": 816,
        "Net profit from business activities": -21129,
        "Profit": 221,
        "Profit before tax": -20908,
        "Present corporate income tax expenses": "N/A",
        "Deferred income taxes expenses": "N/A",
        "The interests of minority shareholders": -6803,
        "Total Cost of profits": -6803,
        "Profit after tax corporate income": -14105,
        "Volume": 184000000,
        "Close of Quarter": 6.5,
        "EPS": 51.8,
        "Non-adjusted EPS": 80,
        "PE": 81.3,
        "Book Price": 9.6
      }
    },
    {
      "quarter": "Q3 2014",
      "income status": {
        "Net sales": 1887827,
        "Cost of goods sold": 1745153,
        "Gross Profit": 142674,
        "Financial expenses": 41624,
        "Of which: Interest expense": 40604,
        "Cost of sales": 20716,
        "Enterprise cost management": 55010,
        "Total Operating Expenses": 117350,
        "Total revenue financing activities": 929,
        "Net profit from business activities": 26310,
        "Profit": 2707,
        "Profit before tax": 29017,
        "Present corporate income tax expenses": "N/A",
        "Deferred income taxes expenses": "N/A",
        "The interests of minority shareholders": "N/A",
        "Total Cost of profits": 0,
        "Profit after tax corporate income": 29017,
        "Volume": 184000000,
        "Close of Quarter": 3.6,
        "EPS": -898.6,
        "Non-adjusted EPS": -1387,
        "PE": -2.6,
        "Book Price": 6.2
      }
    },
    {
      "quarter": "Q2 2014",
      "income status": {
        "Net sales": 1440678,
        "Cost of goods sold": 1310597,
        "Gross Profit": 130081,
        "Financial expenses": 64726,
        "Of which: Interest expense": 43891,
        "Cost of sales": 15709,
        "Enterprise cost management": 50915,
        "Total Operating Expenses": 131350,
        "Total revenue financing activities": 415,
        "Net profit from business activities": -1233,
        "Profit": 442,
        "Profit before tax": -791,
        "Present corporate income tax expenses": "N/A",
        "Deferred income taxes expenses": "N/A",
        "The interests of minority shareholders": "N/A",
        "Total Cost of profits": 0,
        "Profit after tax corporate income": -791,
        "Volume": 184000000,
        "Close of Quarter": 4.1,
        "EPS": -1024.3,
        "Non-adjusted EPS": -1581,
        "PE": -2.6,
        "Book Price": 6.0
      }
    },
    {
      "quarter": "Q1 2014",
      "income status": {
        "Net sales": 1543752,
        "Cost of goods sold": 1432784,
        "Gross Profit": 110968,
        "Financial expenses": 41767,
        "Of which: Interest expense": 39986,
        "Cost of sales": 20679,
        "Enterprise cost management": 48315,
        "Total Operating Expenses": 110761,
        "Total revenue financing activities": 396,
        "Net profit from business activities": 658,
        "Profit": 24,
        "Profit before tax": 682,
        "Present corporate income tax expenses": "N/A",
        "Deferred income taxes expenses": "N/A",
        "The interests of minority shareholders": "N/A",
        "Total Cost of profits": 0,
        "Profit after tax corporate income": 682,
        "Volume": 184000000,
        "Close of Quarter": 4.9,
        "EPS": -1021.7,
        "Non-adjusted EPS": -1577,
        "PE": -3.1,
        "Book Price": 6.0
      }
    },
    {
      "quarter": "Q4 2013",
      "income status": {
        "Net sales": 2019134,
        "Cost of goods sold": 1813890,
        "Gross Profit": 205245,
        "Financial expenses": 38863,
        "Of which: Interest expense": 35486,
        "Cost of sales": 18518,
        "Enterprise cost management": 428864,
        "Total Operating Expenses": 486245,
        "Total revenue financing activities": 479,
        "Net profit from business activities": -280470,
        "Profit": 1871,
        "Profit before tax": -278599,
        "Present corporate income tax expenses": -164,
        "Deferred income taxes expenses": "N/A",
        "The interests of minority shareholders": 5757,
        "Total Cost of profits": 5593,
        "Profit after tax corporate income": -284192,
        "Volume": 184000000,
        "Close of Quarter": 3.6,
        "EPS": -1024.3,
        "Non-adjusted EPS": -1581,
        "PE": -2.3,
        "Book Price": 5.5
      }
    },
    {
      "quarter": "Q3 2013",
      "income status": {
        "Net sales": 1653960,
        "Cost of goods sold": 1534985,
        "Gross Profit": 118974,
        "Financial expenses": 54883,
        "Of which: Interest expense": 46189,
        "Cost of sales": 16443,
        "Enterprise cost management": 64297,
        "Total Operating Expenses": 135623,
        "Total revenue financing activities": 3025,
        "Net profit from business activities": -13624,
        "Profit": 1524,
        "Profit before tax": -12386,
        "Present corporate income tax expenses": 31,
        "Deferred income taxes expenses": "N/A",
        "The interests of minority shareholders": -5757,
        "Total Cost of profits": -5726,
        "Profit after tax corporate income": -6660,
        "Volume": 184000000,
        "Close of Quarter": 2.8,
        "EPS": -23.3,
        "Non-adjusted EPS": -36,
        "PE": -77.8,
        "Book Price": 6.5
      }
    }
  ]
}