{
  "ticker": "HQC",
  "data": [
    {
      "quarter": "Q4 2016",
      "income status": {
        "Net sales": 211987,
        "Cost of goods sold": 81300,
        "Gross Profit": 130687,
        "Financial expenses": 44065,
        "Of which: Interest expense": 43607,
        "Cost of sales": 13223,
        "Enterprise cost management": 34426,
        "Total Operating Expenses": 91714,
        "Total revenue financing activities": 3614,
        "Net profit from business activities": 43173,
        "Profit": 13092,
        "Profit before tax": 56265,
        "Present corporate income tax expenses": 11954,
        "Deferred income taxes expenses": -465,
        "The interests of minority shareholders": 32,
        "Total Cost of profits": 11521,
        "Profit after tax corporate income": 44743,
        "Volume": 426600000,
        "Close of Quarter": 2.3,
        "EPS": 262,
        "Non-adjusted EPS": 262,
        "PE": 8.7,
        "Book Price": 9.7
      }
    },
    {
      "quarter": "Q3 2016",
      "income status": {
        "Net sales": 213489,
        "Cost of goods sold": 153050,
        "Gross Profit": 60439,
        "Financial expenses": 25135,
        "Of which: Interest expense": 24821,
        "Cost of sales": 11759,
        "Enterprise cost management": 27024,
        "Total Operating Expenses": 63918,
        "Total revenue financing activities": 9444,
        "Net profit from business activities": 6344,
        "Profit": 7881,
        "Profit before tax": 14224,
        "Present corporate income tax expenses": 2951,
        "Deferred income taxes expenses": 715,
        "The interests of minority shareholders": 163,
        "Total Cost of profits": 3829,
        "Profit after tax corporate income": 10396,
        "Volume": 426600000,
        "Close of Quarter": 5.2,
        "EPS": 1459,
        "Non-adjusted EPS": 1459,
        "PE": 3.6,
        "Book Price": 9.6
      }
    },
    {
      "quarter": "Q2 2016",
      "income status": {
        "Net sales": 410566,
        "Cost of goods sold": 317736,
        "Gross Profit": 92830,
        "Financial expenses": 18275,
        "Of which: Interest expense": 17995,
        "Cost of sales": 23381,
        "Enterprise cost management": 44185,
        "Total Operating Expenses": 85841,
        "Total revenue financing activities": -1197,
        "Net profit from business activities": 8820,
        "Profit": -1282,
        "Profit before tax": 7538,
        "Present corporate income tax expenses": 970,
        "Deferred income taxes expenses": 1357,
        "The interests of minority shareholders": 142,
        "Total Cost of profits": 2469,
        "Profit after tax corporate income": 5069,
        "Volume": 426600000,
        "Close of Quarter": 5,
        "EPS": 1554,
        "Non-adjusted EPS": 1554,
        "PE": 3.2,
        "Book Price": 9.5
      }
    },
    {
      "quarter": "Q1 2016",
      "income status": {
        "Net sales": 409032,
        "Cost of goods sold": 306618,
        "Gross Profit": 102414,
        "Financial expenses": 10472,
        "Of which: Interest expense": 10472,
        "Cost of sales": 13235,
        "Enterprise cost management": 22410,
        "Total Operating Expenses": 46117,
        "Total revenue financing activities": 3185,
        "Net profit from business activities": 61375,
        "Profit": 1126,
        "Profit before tax": 62502,
        "Present corporate income tax expenses": 10810,
        "Deferred income taxes expenses": -9,
        "The interests of minority shareholders": 140,
        "Total Cost of profits": 10941,
        "Profit after tax corporate income": 51560,
        "Volume": 395000000,
        "Close of Quarter": 5.3,
        "EPS": 1588.0,
        "Non-adjusted EPS": 1715,
        "PE": 3.1,
        "Book Price": 9.5
      }
    },
    {
      "quarter": "Q4 2015",
      "income status": {
        "Net sales": 517826,
        "Cost of goods sold": 344295,
        "Gross Profit": 173530,
        "Financial expenses": 12287,
        "Of which: Interest expense": 12022,
        "Cost of sales": 19799,
        "Enterprise cost management": 36079,
        "Total Operating Expenses": 68165,
        "Total revenue financing activities": 189174,
        "Net profit from business activities": 620371,
        "Profit": -386,
        "Profit before tax": 619985,
        "Present corporate income tax expenses": 64963,
        "Deferred income taxes expenses": -912,
        "The interests of minority shareholders": 445,
        "Total Cost of profits": 64496,
        "Profit after tax corporate income": 555490,
        "Volume": 395000000,
        "Close of Quarter": 4.9,
        "EPS": 1538.9,
        "Non-adjusted EPS": 1662,
        "PE": 3.0,
        "Book Price": 9.4
      }
    },
    {
      "quarter": "Q3 2015",
      "income status": {
        "Net sales": 311511,
        "Cost of goods sold": 212533,
        "Gross Profit": 98978,
        "Financial expenses": 12478,
        "Of which: Interest expense": 12424,
        "Cost of sales": 9881,
        "Enterprise cost management": 12251,
        "Total Operating Expenses": 34610,
        "Total revenue financing activities": 52,
        "Net profit from business activities": 64420,
        "Profit": -4426,
        "Profit before tax": 59994,
        "Present corporate income tax expenses": 9326,
        "Deferred income taxes expenses": "N/A",
        "The interests of minority shareholders": "N/A",
        "Total Cost of profits": 9326,
        "Profit after tax corporate income": 50667,
        "Volume": 263000000,
        "Close of Quarter": 4.7,
        "EPS": 287.3,
        "Non-adjusted EPS": 466,
        "PE": 10.1,
        "Book Price": 6.5
      }
    },
    {
      "quarter": "Q2 2015",
      "income status": {
        "Net sales": 311072,
        "Cost of goods sold": 242178,
        "Gross Profit": 68895,
        "Financial expenses": 20348,
        "Of which: Interest expense": 20780,
        "Cost of sales": 5756,
        "Enterprise cost management": 27514,
        "Total Operating Expenses": 53618,
        "Total revenue financing activities": 9626,
        "Net profit from business activities": 24902,
        "Profit": -55,
        "Profit before tax": 24847,
        "Present corporate income tax expenses": 5075,
        "Deferred income taxes expenses": "N/A",
        "The interests of minority shareholders": "N/A",
        "Total Cost of profits": 5075,
        "Profit after tax corporate income": 19772,
        "Volume": 200000000,
        "Close of Quarter": 5.2,
        "EPS": 181.4,
        "Non-adjusted EPS": 387,
        "PE": 13.3,
        "Book Price": 4.9
      }
    },
    {
      "quarter": "Q1 2015",
      "income status": {
        "Net sales": 257363,
        "Cost of goods sold": 216005,
        "Gross Profit": 41358,
        "Financial expenses": 8977,
        "Of which: Interest expense": 8977,
        "Cost of sales": 9292,
        "Enterprise cost management": 5251,
        "Total Operating Expenses": 23520,
        "Total revenue financing activities": 16893,
        "Net profit from business activities": 34730,
        "Profit": 368,
        "Profit before tax": 35098,
        "Present corporate income tax expenses": 4468,
        "Deferred income taxes expenses": "N/A",
        "The interests of minority shareholders": "N/A",
        "Total Cost of profits": 4468,
        "Profit after tax corporate income": 30631,
        "Volume": 200000000,
        "Close of Quarter": 6.0,
        "EPS": 143.9,
        "Non-adjusted EPS": 307,
        "PE": 19.4,
        "Book Price": 4.9
      }
    },
    {
      "quarter": "Q4 2014",
      "income status": {
        "Net sales": 296926,
        "Cost of goods sold": 232066,
        "Gross Profit": 64861,
        "Financial expenses": 22007,
        "Of which: Interest expense": 22007,
        "Cost of sales": 19649,
        "Enterprise cost management": 9129,
        "Total Operating Expenses": 50785,
        "Total revenue financing activities": 14169,
        "Net profit from business activities": 28243,
        "Profit": -976,
        "Profit before tax": 27267,
        "Present corporate income tax expenses": 5845,
        "Deferred income taxes expenses": "N/A",
        "The interests of minority shareholders": "N/A",
        "Total Cost of profits": 5845,
        "Profit after tax corporate income": 21422,
        "Volume": 170000000,
        "Close of Quarter": 6.6,
        "EPS": 74.9,
        "Non-adjusted EPS": 188,
        "PE": 35.1,
        "Book Price": 4.2
      }
    },
    {
      "quarter": "Q3 2014",
      "income status": {
        "Net sales": 2734,
        "Cost of goods sold": 1988,
        "Gross Profit": 746,
        "Financial expenses": 8931,
        "Of which: Interest expense": 8931,
        "Cost of sales": 4244,
        "Enterprise cost management": 7179,
        "Total Operating Expenses": 20354,
        "Total revenue financing activities": 26259,
        "Net profit from business activities": 6651,
        "Profit": 401,
        "Profit before tax": 7051,
        "Present corporate income tax expenses": 1551,
        "Deferred income taxes expenses": "N/A",
        "The interests of minority shareholders": "N/A",
        "Total Cost of profits": 1551,
        "Profit after tax corporate income": 5500,
        "Volume": 120000000,
        "Close of Quarter": 6.9,
        "EPS": 30.1,
        "Non-adjusted EPS": 107,
        "PE": 64.2,
        "Book Price": 3.0
      }
    },
    {
      "quarter": "Q2 2014",
      "income status": {
        "Net sales": 4933,
        "Cost of goods sold": 4919,
        "Gross Profit": 13,
        "Financial expenses": 25872,
        "Of which: Interest expense": 25872,
        "Cost of sales": 5986,
        "Enterprise cost management": 10055,
        "Total Operating Expenses": 41913,
        "Total revenue financing activities": 46860,
        "Net profit from business activities": 4961,
        "Profit": -252,
        "Profit before tax": 4709,
        "Present corporate income tax expenses": 941,
        "Deferred income taxes expenses": "N/A",
        "The interests of minority shareholders": "N/A",
        "Total Cost of profits": 941,
        "Profit after tax corporate income": 3768,
        "Volume": 90000000,
        "Close of Quarter": 7.1,
        "EPS": 52.7,
        "Non-adjusted EPS": 250,
        "PE": 28.2,
        "Book Price": 2.3
      }
    },
    {
      "quarter": "Q1 2014",
      "income status": {
        "Net sales": 3611,
        "Cost of goods sold": 3559,
        "Gross Profit": 52,
        "Financial expenses": 8981,
        "Of which: Interest expense": 8981,
        "Cost of sales": 4810,
        "Enterprise cost management": 7619,
        "Total Operating Expenses": 21410,
        "Total revenue financing activities": 23651,
        "Net profit from business activities": 2293,
        "Profit": -1061,
        "Profit before tax": 1232,
        "Present corporate income tax expenses": "N/A",
        "Deferred income taxes expenses": "N/A",
        "The interests of minority shareholders": "N/A",
        "Total Cost of profits": 0,
        "Profit after tax corporate income": 1232,
        "Volume": 90000000,
        "Close of Quarter": 8.4,
        "EPS": 63.9,
        "Non-adjusted EPS": 303,
        "PE": 27.6,
        "Book Price": 2.2
      }
    },
    {
      "quarter": "Q4 2013",
      "income status": {
        "Net sales": 55304,
        "Cost of goods sold": 45356,
        "Gross Profit": 9948,
        "Financial expenses": 28083,
        "Of which: Interest expense": 26575,
        "Cost of sales": 4205,
        "Enterprise cost management": 7192,
        "Total Operating Expenses": 39480,
        "Total revenue financing activities": 32601,
        "Net profit from business activities": 3069,
        "Profit": 131,
        "Profit before tax": 3200,
        "Present corporate income tax expenses": 817,
        "Deferred income taxes expenses": "N/A",
        "The interests of minority shareholders": "N/A",
        "Total Cost of profits": 817,
        "Profit after tax corporate income": 2383,
        "Volume": 90000000,
        "Close of Quarter": 6.7,
        "EPS": 71.1,
        "Non-adjusted EPS": 337,
        "PE": 19.9,
        "Book Price": 2.3
      }
    },
    {
      "quarter": "Q3 2013",
      "income status": {
        "Net sales": 99180,
        "Cost of goods sold": 68669,
        "Gross Profit": 30510,
        "Financial expenses": 9841,
        "Of which: Interest expense": 9841,
        "Cost of sales": 3765,
        "Enterprise cost management": 7160,
        "Total Operating Expenses": 20766,
        "Total revenue financing activities": 10361,
        "Net profit from business activities": 20105,
        "Profit": 75,
        "Profit before tax": 20180,
        "Present corporate income tax expenses": 5061,
        "Deferred income taxes expenses": "N/A",
        "The interests of minority shareholders": "N/A",
        "Total Cost of profits": 5061,
        "Profit after tax corporate income": 15119,
        "Volume": 90000000,
        "Close of Quarter": 5.2,
        "EPS": 80.6,
        "Non-adjusted EPS": 382,
        "PE": 13.7,
        "Book Price": 2.3
      }
    },
    {
      "quarter": "Q2 2013",
      "income status": {
        "Net sales": 175686,
        "Cost of goods sold": 123672,
        "Gross Profit": 52014,
        "Financial expenses": 35521,
        "Of which: Interest expense": 35763,
        "Cost of sales": 4622,
        "Enterprise cost management": 7130,
        "Total Operating Expenses": 47273,
        "Total revenue financing activities": -2544,
        "Net profit from business activities": 2198,
        "Profit": 9235,
        "Profit before tax": 11434,
        "Present corporate income tax expenses": 2901,
        "Deferred income taxes expenses": "N/A",
        "The interests of minority shareholders": "N/A",
        "Total Cost of profits": 2901,
        "Profit after tax corporate income": 8533,
        "Volume": 60000000,
        "Close of Quarter": 5.7,
        "EPS": 47.5,
        "Non-adjusted EPS": 338,
        "PE": 17.0,
        "Book Price": 1.8
      }
    },
    {
      "quarter": "Q1 2013",
      "income status": {
        "Net sales": 108218,
        "Cost of goods sold": 92002,
        "Gross Profit": 16215,
        "Financial expenses": 9561,
        "Of which: Interest expense": 9561,
        "Cost of sales": 3775,
        "Enterprise cost management": 7410,
        "Total Operating Expenses": 20746,
        "Total revenue financing activities": 11154,
        "Net profit from business activities": 6623,
        "Profit": -1598,
        "Profit before tax": 5025,
        "Present corporate income tax expenses": 727,
        "Deferred income taxes expenses": "N/A",
        "The interests of minority shareholders": "N/A",
        "Total Cost of profits": 727,
        "Profit after tax corporate income": 4298,
        "Volume": 60000000,
        "Close of Quarter": 3.7,
        "EPS": 54.4,
        "Non-adjusted EPS": 387,
        "PE": 9.6,
        "Book Price": 1.8
      }
    },
    {
      "quarter": "Q4 2012",
      "income status": {
        "Net sales": 130247,
        "Cost of goods sold": 93609,
        "Gross Profit": 36638,
        "Financial expenses": 18122,
        "Of which: Interest expense": 18122,
        "Cost of sales": 5359,
        "Enterprise cost management": 5245,
        "Total Operating Expenses": 28726,
        "Total revenue financing activities": 1513,
        "Net profit from business activities": 9425,
        "Profit": -581,
        "Profit before tax": 8844,
        "Present corporate income tax expenses": 2409,
        "Deferred income taxes expenses": "N/A",
        "The interests of minority shareholders": "N/A",
        "Total Cost of profits": 2409,
        "Profit after tax corporate income": 6435,
        "Volume": 60000000,
        "Close of Quarter": 3.4,
        "EPS": 47.4,
        "Non-adjusted EPS": 337,
        "PE": 10.1,
        "Book Price": 1.8
      }
    },
    {
      "quarter": "Q3 2012",
      "income status": {
        "Net sales": 81451,
        "Cost of goods sold": 58985,
        "Gross Profit": 22466,
        "Financial expenses": 14470,
        "Of which: Interest expense": 14468,
        "Cost of sales": 6111,
        "Enterprise cost management": 6273,
        "Total Operating Expenses": 26854,
        "Total revenue financing activities": 5576,
        "Net profit from business activities": 1188,
        "Profit": 180,
        "Profit before tax": 1368,
        "Present corporate income tax expenses": 342,
        "Deferred income taxes expenses": "N/A",
        "The interests of minority shareholders": "N/A",
        "Total Cost of profits": 342,
        "Profit after tax corporate income": 1026,
        "Volume": 60000000,
        "Close of Quarter": 2.8,
        "EPS": 50.2,
        "Non-adjusted EPS": 357,
        "PE": 7.7,
        "Book Price": 1.8
      }
    },
    {
      "quarter": "Q2 2012",
      "income status": {
        "Net sales": 75562,
        "Cost of goods sold": 46524,
        "Gross Profit": 29038,
        "Financial expenses": 24057,
        "Of which: Interest expense": 24045,
        "Cost of sales": 3553,
        "Enterprise cost management": 8874,
        "Total Operating Expenses": 36484,
        "Total revenue financing activities": 16014,
        "Net profit from business activities": 8568,
        "Profit": 5664,
        "Profit before tax": 14231,
        "Present corporate income tax expenses": 2759,
        "Deferred income taxes expenses": "N/A",
        "The interests of minority shareholders": "N/A",
        "Total Cost of profits": 2759,
        "Profit after tax corporate income": 11472,
        "Volume": 60000000,
        "Close of Quarter": 3.6,
        "EPS": 49.9,
        "Non-adjusted EPS": 355,
        "PE": 10.2,
        "Book Price": 1.8
      }
    },
    {
      "quarter": "Q1 2012",
      "income status": {
        "Net sales": 14453,
        "Cost of goods sold": 9781,
        "Gross Profit": 4672,
        "Financial expenses": 14631,
        "Of which: Interest expense": 14631,
        "Cost of sales": 3966,
        "Enterprise cost management": 7085,
        "Total Operating Expenses": 25682,
        "Total revenue financing activities": 22277,
        "Net profit from business activities": 1267,
        "Profit": 442,
        "Profit before tax": 1708,
        "Present corporate income tax expenses": 402,
        "Deferred income taxes expenses": "N/A",
        "The interests of minority shareholders": "N/A",
        "Total Cost of profits": 402,
        "Profit after tax corporate income": 1307,
        "Volume": 40000000,
        "Close of Quarter": 3.7,
        "EPS": 26.4,
        "Non-adjusted EPS": 281,
        "PE": 13.2,
        "Book Price": 1.7
      }
    },
    {
      "quarter": "Q4 2011",
      "income status": {
        "Net sales": 7229,
        "Cost of goods sold": 4236,
        "Gross Profit": 2992,
        "Financial expenses": 24083,
        "Of which: Interest expense": 23565,
        "Cost of sales": 10744,
        "Enterprise cost management": 26468,
        "Total Operating Expenses": 61295,
        "Total revenue financing activities": 67803,
        "Net profit from business activities": 9502,
        "Profit": -287,
        "Profit before tax": 47316,
        "Present corporate income tax expenses": 5026,
        "Deferred income taxes expenses": 16,
        "The interests of minority shareholders": -98,
        "Total Cost of profits": 4944,
        "Profit after tax corporate income": 7619,
        "Volume": 40000000,
        "Close of Quarter": 2.3,
        "EPS": 90.4,
        "Non-adjusted EPS": 964,
        "PE": 2.4,
        "Book Price": 1.7
      }
    },
    {
      "quarter": "Q3 2011",
      "income status": {
        "Net sales": 49783,
        "Cost of goods sold": 31991,
        "Gross Profit": 17792,
        "Financial expenses": 9434,
        "Of which: Interest expense": 11738,
        "Cost of sales": 9758,
        "Enterprise cost management": 20957,
        "Total Operating Expenses": 40149,
        "Total revenue financing activities": 51526,
        "Net profit from business activities": 29169,
        "Profit": -26,
        "Profit before tax": 5250,
        "Present corporate income tax expenses": 3376,
        "Deferred income taxes expenses": -1316,
        "The interests of minority shareholders": 2300,
        "Total Cost of profits": 4360,
        "Profit after tax corporate income": 889,
        "Volume": 40000000,
        "Close of Quarter": 6.7,
        "EPS": 869.1,
        "Non-adjusted EPS": 9269,
        "PE": 0.7,
        "Book Price": 1.8
      }
    },
    {
      "quarter": "Q2 2011",
      "income status": {
        "Net sales": 38290,
        "Cost of goods sold": 20812,
        "Gross Profit": 17478,
        "Financial expenses": 25095,
        "Of which: Interest expense": 15623,
        "Cost of sales": 10020,
        "Enterprise cost management": 23633,
        "Total Operating Expenses": 58748,
        "Total revenue financing activities": 47608,
        "Net profit from business activities": 6339,
        "Profit": 266,
        "Profit before tax": 6605,
        "Present corporate income tax expenses": 2807,
        "Deferred income taxes expenses": 535,
        "The interests of minority shareholders": 1825,
        "Total Cost of profits": 5167,
        "Profit after tax corporate income": 1438,
        "Volume": 40000000,
        "Close of Quarter": 10.8,
        "EPS": 976.4,
        "Non-adjusted EPS": 10413,
        "PE": 1.0,
        "Book Price": 1.9
      }
    },
    {
      "quarter": "Q1 2011",
      "income status": {
        "Net sales": 118824,
        "Cost of goods sold": 43615,
        "Gross Profit": 75208,
        "Financial expenses": 11265,
        "Of which: Interest expense": 11142,
        "Cost of sales": 7347,
        "Enterprise cost management": 23010,
        "Total Operating Expenses": 41622,
        "Total revenue financing activities": 18747,
        "Net profit from business activities": 52333,
        "Profit": 1371,
        "Profit before tax": 53703,
        "Present corporate income tax expenses": 1247,
        "Deferred income taxes expenses": 12545,
        "The interests of minority shareholders": 11312,
        "Total Cost of profits": 25104,
        "Profit after tax corporate income": 28600,
        "Volume": 40000000,
        "Close of Quarter": 17.9,
        "EPS": 997.5,
        "Non-adjusted EPS": 10638,
        "PE": 1.7,
        "Book Price": 1.9
      }
    }
  ]
}