{
  "ticker": "TET",
  "data": [
    {
      "quarter": "Q4 2016",
      "income status": {
        "Net sales": 9604,
        "Cost of goods sold": 4262,
        "Gross Profit": 5342,
        "Financial expenses": 1237,
        "Of which: Interest expense": "N/A",
        "Cost of sales": 109,
        "Enterprise cost management": 5651,
        "Total Operating Expenses": 6997,
        "Total revenue financing activities": 92,
        "Net profit from business activities": -1564,
        "Profit": 449,
        "Profit before tax": -1115,
        "Present corporate income tax expenses": -467,
        "Deferred income taxes expenses": "N/A",
        "The interests of minority shareholders": "N/A",
        "Total Cost of profits": -467,
        "Profit after tax corporate income": -648,
        "Volume": 5702940,
        "Close of Quarter": 31,
        "EPS": 695,
        "Non-adjusted EPS": 695,
        "PE": 44.6,
        "Book Price": 12.1
      }
    },
    {
      "quarter": "Q3 2016",
      "income status": {
        "Net sales": 9900,
        "Cost of goods sold": 4917,
        "Gross Profit": 4983,
        "Financial expenses": 464,
        "Of which: Interest expense": "N/A",
        "Cost of sales": 127,
        "Enterprise cost management": 3400,
        "Total Operating Expenses": 3991,
        "Total revenue financing activities": 23,
        "Net profit from business activities": 1015,
        "Profit": 190,
        "Profit before tax": 1206,
        "Present corporate income tax expenses": 241,
        "Deferred income taxes expenses": "N/A",
        "The interests of minority shareholders": "N/A",
        "Total Cost of profits": 241,
        "Profit after tax corporate income": 964,
        "Volume": 5702940,
        "Close of Quarter": 21,
        "EPS": 1508,
        "Non-adjusted EPS": 1508,
        "PE": 13.9,
        "Book Price": 12.2
      }
    },
    {
      "quarter": "Q2 2016",
      "income status": {
        "Net sales": 9839,
        "Cost of goods sold": 5665,
        "Gross Profit": 4175,
        "Financial expenses": 196,
        "Of which: Interest expense": 194,
        "Cost of sales": 100,
        "Enterprise cost management": 2328,
        "Total Operating Expenses": 2624,
        "Total revenue financing activities": 68,
        "Net profit from business activities": 1619,
        "Profit": 352,
        "Profit before tax": 1970,
        "Present corporate income tax expenses": 655,
        "Deferred income taxes expenses": "N/A",
        "The interests of minority shareholders": "N/A",
        "Total Cost of profits": 655,
        "Profit after tax corporate income": 1316,
        "Volume": 5702940,
        "Close of Quarter": 20.2,
        "EPS": 1301,
        "Non-adjusted EPS": 1301,
        "PE": 15.6,
        "Book Price": 12.7
      }
    },
    {
      "quarter": "Q1 2016",
      "income status": {
        "Net sales": 10757,
        "Cost of goods sold": 5123,
        "Gross Profit": 5634,
        "Financial expenses": "N/A",
        "Of which: Interest expense": "N/A",
        "Cost of sales": 200,
        "Enterprise cost management": 2240,
        "Total Operating Expenses": 2440,
        "Total revenue financing activities": 56,
        "Net profit from business activities": 3249,
        "Profit": -186,
        "Profit before tax": 3064,
        "Present corporate income tax expenses": 732,
        "Deferred income taxes expenses": "N/A",
        "The interests of minority shareholders": "N/A",
        "Total Cost of profits": 732,
        "Profit after tax corporate income": 2332,
        "Volume": 5702940,
        "Close of Quarter": 19.7,
        "EPS": 1090,
        "Non-adjusted EPS": 1090,
        "PE": 18.1,
        "Book Price": 13.2
      }
    },
    {
      "quarter": "Q4 2015",
      "income status": {
        "Net sales": 10587,
        "Cost of goods sold": 2367,
        "Gross Profit": 8220,
        "Financial expenses": "N/A",
        "Of which: Interest expense": "N/A",
        "Cost of sales": 292,
        "Enterprise cost management": 3226,
        "Total Operating Expenses": 3518,
        "Total revenue financing activities": 109,
        "Net profit from business activities": 4812,
        "Profit": 341,
        "Profit before tax": 5153,
        "Present corporate income tax expenses": 1163,
        "Deferred income taxes expenses": "N/A",
        "The interests of minority shareholders": "N/A",
        "Total Cost of profits": 1163,
        "Profit after tax corporate income": 3990,
        "Volume": 5702940,
        "Close of Quarter": 18.2,
        "EPS": 2391,
        "Non-adjusted EPS": 2391,
        "PE": 7.6,
        "Book Price": 12.8
      }
    },
    {
      "quarter": "Q3 2015",
      "income status": {
        "Net sales": 10537,
        "Cost of goods sold": 8262,
        "Gross Profit": 2275,
        "Financial expenses": "N/A",
        "Of which: Interest expense": "N/A",
        "Cost of sales": 231,
        "Enterprise cost management": 2517,
        "Total Operating Expenses": 2748,
        "Total revenue financing activities": 58,
        "Net profit from business activities": -414,
        "Profit": 158,
        "Profit before tax": -256,
        "Present corporate income tax expenses": -36,
        "Deferred income taxes expenses": "N/A",
        "The interests of minority shareholders": "N/A",
        "Total Cost of profits": -36,
        "Profit after tax corporate income": -220,
        "Volume": 5702940,
        "Close of Quarter": 16.8,
        "EPS": 2360,
        "Non-adjusted EPS": 2360,
        "PE": 7.1,
        "Book Price": 12.1
      }
    },
    {
      "quarter": "Q2 2015",
      "income status": {
        "Net sales": 10461,
        "Cost of goods sold": 6785,
        "Gross Profit": 3676,
        "Financial expenses": "N/A",
        "Of which: Interest expense": "N/A",
        "Cost of sales": 272,
        "Enterprise cost management": 3280,
        "Total Operating Expenses": 3552,
        "Total revenue financing activities": 121,
        "Net profit from business activities": 245,
        "Profit": -22,
        "Profit before tax": 223,
        "Present corporate income tax expenses": 106,
        "Deferred income taxes expenses": "N/A",
        "The interests of minority shareholders": "N/A",
        "Total Cost of profits": 106,
        "Profit after tax corporate income": 117,
        "Volume": 5702940,
        "Close of Quarter": 23.3,
        "EPS": 4177,
        "Non-adjusted EPS": 4177,
        "PE": 5.6,
        "Book Price": 12.2
      }
    },
    {
      "quarter": "Q1 2015",
      "income status": {
        "Net sales": 9492,
        "Cost of goods sold": 6278,
        "Gross Profit": 3214,
        "Financial expenses": "N/A",
        "Of which: Interest expense": "N/A",
        "Cost of sales": 277,
        "Enterprise cost management": 3085,
        "Total Operating Expenses": 3362,
        "Total revenue financing activities": 136,
        "Net profit from business activities": -11,
        "Profit": 12562,
        "Profit before tax": 12551,
        "Present corporate income tax expenses": 2800,
        "Deferred income taxes expenses": "N/A",
        "The interests of minority shareholders": "N/A",
        "Total Cost of profits": 2800,
        "Profit after tax corporate income": 9751,
        "Volume": 5702940,
        "Close of Quarter": 19.7,
        "EPS": 4681,
        "Non-adjusted EPS": 4681,
        "PE": 4.2,
        "Book Price": 14.5
      }
    },
    {
      "quarter": "Q4 2014",
      "income status": {
        "Net sales": 11082,
        "Cost of goods sold": 1850,
        "Gross Profit": 9232,
        "Financial expenses": -1014,
        "Of which: Interest expense": "N/A",
        "Cost of sales": 261,
        "Enterprise cost management": 5502,
        "Total Operating Expenses": 4749,
        "Total revenue financing activities": 375,
        "Net profit from business activities": 4859,
        "Profit": 44,
        "Profit before tax": 4903,
        "Present corporate income tax expenses": 1092,
        "Deferred income taxes expenses": "N/A",
        "The interests of minority shareholders": "N/A",
        "Total Cost of profits": 1092,
        "Profit after tax corporate income": 3811,
        "Volume": 5702940,
        "Close of Quarter": 16.7,
        "EPS": 3041,
        "Non-adjusted EPS": 3041,
        "PE": 5.5,
        "Book Price": 12.9
      }
    },
    {
      "quarter": "Q3 2014",
      "income status": {
        "Net sales": 10296,
        "Cost of goods sold": 1632,
        "Gross Profit": 8664,
        "Financial expenses": 4713,
        "Of which: Interest expense": "N/A",
        "Cost of sales": 229,
        "Enterprise cost management": 3982,
        "Total Operating Expenses": 8924,
        "Total revenue financing activities": 10347,
        "Net profit from business activities": 10088,
        "Profit": 2954,
        "Profit before tax": 13042,
        "Present corporate income tax expenses": 2901,
        "Deferred income taxes expenses": "N/A",
        "The interests of minority shareholders": "N/A",
        "Total Cost of profits": 2901,
        "Profit after tax corporate income": 10141,
        "Volume": 5702940,
        "Close of Quarter": 18.3,
        "EPS": 2287,
        "Non-adjusted EPS": 2287,
        "PE": 8.0,
        "Book Price": 13.6
      }
    },
    {
      "quarter": "Q2 2014",
      "income status": {
        "Net sales": 12953,
        "Cost of goods sold": 7481,
        "Gross Profit": 5472,
        "Financial expenses": "N/A",
        "Of which: Interest expense": "N/A",
        "Cost of sales": 558,
        "Enterprise cost management": 3168,
        "Total Operating Expenses": 3726,
        "Total revenue financing activities": 500,
        "Net profit from business activities": 2246,
        "Profit": 1595,
        "Profit before tax": 3842,
        "Present corporate income tax expenses": 848,
        "Deferred income taxes expenses": "N/A",
        "The interests of minority shareholders": "N/A",
        "Total Cost of profits": 848,
        "Profit after tax corporate income": 2994,
        "Volume": 5702940,
        "Close of Quarter": 12.3,
        "EPS": 651,
        "Non-adjusted EPS": 651,
        "PE": 18.9,
        "Book Price": 11.9
      }
    },
    {
      "quarter": "Q1 2014",
      "income status": {
        "Net sales": 10842,
        "Cost of goods sold": 5496,
        "Gross Profit": 5346,
        "Financial expenses": "N/A",
        "Of which: Interest expense": "N/A",
        "Cost of sales": 477,
        "Enterprise cost management": 3106,
        "Total Operating Expenses": 3583,
        "Total revenue financing activities": 247,
        "Net profit from business activities": 2010,
        "Profit": -1461,
        "Profit before tax": 548,
        "Present corporate income tax expenses": 150,
        "Deferred income taxes expenses": "N/A",
        "The interests of minority shareholders": "N/A",
        "Total Cost of profits": 150,
        "Profit after tax corporate income": 398,
        "Volume": 5702940,
        "Close of Quarter": 8.6,
        "EPS": 459,
        "Non-adjusted EPS": 459,
        "PE": 18.7,
        "Book Price": 11.8
      }
    },
    {
      "quarter": "Q4 2013",
      "income status": {
        "Net sales": 13701,
        "Cost of goods sold": 9195,
        "Gross Profit": 4506,
        "Financial expenses": 73,
        "Of which: Interest expense": "N/A",
        "Cost of sales": 774,
        "Enterprise cost management": 2528,
        "Total Operating Expenses": 3375,
        "Total revenue financing activities": 470,
        "Net profit from business activities": 1600,
        "Profit": -2092,
        "Profit before tax": -491,
        "Present corporate income tax expenses": "N/A",
        "Deferred income taxes expenses": "N/A",
        "The interests of minority shareholders": "N/A",
        "Total Cost of profits": 0,
        "Profit after tax corporate income": -491,
        "Volume": 5702940,
        "Close of Quarter": 7.9,
        "EPS": 662,
        "Non-adjusted EPS": 662,
        "PE": 11.9,
        "Book Price": 11.9
      }
    },
    {
      "quarter": "Q3 2013",
      "income status": {
        "Net sales": 12434,
        "Cost of goods sold": 8968,
        "Gross Profit": 3466,
        "Financial expenses": 62,
        "Of which: Interest expense": "N/A",
        "Cost of sales": 621,
        "Enterprise cost management": 1711,
        "Total Operating Expenses": 2394,
        "Total revenue financing activities": 317,
        "Net profit from business activities": 1389,
        "Profit": -183,
        "Profit before tax": 1207,
        "Present corporate income tax expenses": 396,
        "Deferred income taxes expenses": "N/A",
        "The interests of minority shareholders": "N/A",
        "Total Cost of profits": 396,
        "Profit after tax corporate income": 811,
        "Volume": 5702940,
        "Close of Quarter": 11.4,
        "EPS": 799,
        "Non-adjusted EPS": 799,
        "PE": 14.3,
        "Book Price": 12
      }
    },
    {
      "quarter": "Q2 2013",
      "income status": {
        "Net sales": 14260,
        "Cost of goods sold": 9079,
        "Gross Profit": 5180,
        "Financial expenses": 102,
        "Of which: Interest expense": "N/A",
        "Cost of sales": 701,
        "Enterprise cost management": 2298,
        "Total Operating Expenses": 3101,
        "Total revenue financing activities": 506,
        "Net profit from business activities": 2586,
        "Profit": -20,
        "Profit before tax": 2567,
        "Present corporate income tax expenses": 667,
        "Deferred income taxes expenses": "N/A",
        "The interests of minority shareholders": "N/A",
        "Total Cost of profits": 667,
        "Profit after tax corporate income": 1900,
        "Volume": 5702940,
        "Close of Quarter": 13.1,
        "EPS": 1041,
        "Non-adjusted EPS": 1041,
        "PE": 12.6,
        "Book Price": 11.8
      }
    },
    {
      "quarter": "Q1 2013",
      "income status": {
        "Net sales": 11788,
        "Cost of goods sold": 7028,
        "Gross Profit": 4760,
        "Financial expenses": "N/A",
        "Of which: Interest expense": "N/A",
        "Cost of sales": 667,
        "Enterprise cost management": 2319,
        "Total Operating Expenses": 2986,
        "Total revenue financing activities": 344,
        "Net profit from business activities": 2118,
        "Profit": "N/A",
        "Profit before tax": 2118,
        "Present corporate income tax expenses": 560,
        "Deferred income taxes expenses": "N/A",
        "The interests of minority shareholders": "N/A",
        "Total Cost of profits": 560,
        "Profit after tax corporate income": 1558,
        "Volume": 5702940,
        "Close of Quarter": 10.8,
        "EPS": 1534,
        "Non-adjusted EPS": 1534,
        "PE": 7.1,
        "Book Price": 12.7
      }
    },
    {
      "quarter": "Q4 2012",
      "income status": {
        "Net sales": 12592,
        "Cost of goods sold": 11044,
        "Gross Profit": 1548,
        "Financial expenses": "N/A",
        "Of which: Interest expense": "N/A",
        "Cost of sales": 744,
        "Enterprise cost management": 1612,
        "Total Operating Expenses": 2356,
        "Total revenue financing activities": 539,
        "Net profit from business activities": -269,
        "Profit": 676,
        "Profit before tax": 408,
        "Present corporate income tax expenses": 122,
        "Deferred income taxes expenses": "N/A",
        "The interests of minority shareholders": "N/A",
        "Total Cost of profits": 122,
        "Profit after tax corporate income": 286,
        "Volume": 5702940,
        "Close of Quarter": 12.4,
        "EPS": 1712,
        "Non-adjusted EPS": 1712,
        "PE": 7.2,
        "Book Price": 12.5
      }
    },
    {
      "quarter": "Q3 2012",
      "income status": {
        "Net sales": 12055,
        "Cost of goods sold": 6748,
        "Gross Profit": 5307,
        "Financial expenses": "N/A",
        "Of which: Interest expense": "N/A",
        "Cost of sales": 599,
        "Enterprise cost management": 2319,
        "Total Operating Expenses": 2918,
        "Total revenue financing activities": 570,
        "Net profit from business activities": 2959,
        "Profit": -5,
        "Profit before tax": 2955,
        "Present corporate income tax expenses": 764,
        "Deferred income taxes expenses": "N/A",
        "The interests of minority shareholders": "N/A",
        "Total Cost of profits": 764,
        "Profit after tax corporate income": 2190,
        "Volume": 5702940,
        "Close of Quarter": 10.9,
        "EPS": 5042,
        "Non-adjusted EPS": 5042,
        "PE": 2.2,
        "Book Price": 12.5
      }
    },
    {
      "quarter": "Q2 2012",
      "income status": {
        "Net sales": 12172,
        "Cost of goods sold": 5865,
        "Gross Profit": 6307,
        "Financial expenses": "N/A",
        "Of which: Interest expense": "N/A",
        "Cost of sales": 767,
        "Enterprise cost management": 1866,
        "Total Operating Expenses": 2633,
        "Total revenue financing activities": 1873,
        "Net profit from business activities": 5546,
        "Profit": -251,
        "Profit before tax": 5295,
        "Present corporate income tax expenses": 578,
        "Deferred income taxes expenses": "N/A",
        "The interests of minority shareholders": "N/A",
        "Total Cost of profits": 578,
        "Profit after tax corporate income": 4717,
        "Volume": 5702940,
        "Close of Quarter": 7.3,
        "EPS": 5206,
        "Non-adjusted EPS": 5206,
        "PE": 1.4,
        "Book Price": 12.9
      }
    },
    {
      "quarter": "Q1 2012",
      "income status": {
        "Net sales": 11769,
        "Cost of goods sold": 5204,
        "Gross Profit": 6565,
        "Financial expenses": "N/A",
        "Of which: Interest expense": "N/A",
        "Cost of sales": 605,
        "Enterprise cost management": 3195,
        "Total Operating Expenses": 3800,
        "Total revenue financing activities": 358,
        "Net profit from business activities": 3123,
        "Profit": 333,
        "Profit before tax": 3456,
        "Present corporate income tax expenses": 883,
        "Deferred income taxes expenses": "N/A",
        "The interests of minority shareholders": "N/A",
        "Total Cost of profits": 883,
        "Profit after tax corporate income": 2572,
        "Volume": 5702940,
        "Close of Quarter": 11.6,
        "EPS": 4827,
        "Non-adjusted EPS": 4827,
        "PE": 2.4,
        "Book Price": 13.3
      }
    },
    {
      "quarter": "Q4 2011",
      "income status": {
        "Net sales": 14167,
        "Cost of goods sold": 6825,
        "Gross Profit": 7343,
        "Financial expenses": "N/A",
        "Of which: Interest expense": "N/A",
        "Cost of sales": 787,
        "Enterprise cost management": 2539,
        "Total Operating Expenses": 3326,
        "Total revenue financing activities": 898,
        "Net profit from business activities": 4914,
        "Profit": 19315,
        "Profit before tax": 24230,
        "Present corporate income tax expenses": 4952,
        "Deferred income taxes expenses": "N/A",
        "The interests of minority shareholders": "N/A",
        "Total Cost of profits": 4952,
        "Profit after tax corporate income": 19278,
        "Volume": 5702940,
        "Close of Quarter": 15.3,
        "EPS": 4796,
        "Non-adjusted EPS": 4796,
        "PE": 3.2,
        "Book Price": 15.4
      }
    },
    {
      "quarter": "Q3 2011",
      "income status": {
        "Net sales": 12139,
        "Cost of goods sold": 5313,
        "Gross Profit": 6826,
        "Financial expenses": "N/A",
        "Of which: Interest expense": "N/A",
        "Cost of sales": 696,
        "Enterprise cost management": 2539,
        "Total Operating Expenses": 3235,
        "Total revenue financing activities": 191,
        "Net profit from business activities": 3782,
        "Profit": 377,
        "Profit before tax": 4158,
        "Present corporate income tax expenses": 1039,
        "Deferred income taxes expenses": "N/A",
        "The interests of minority shareholders": "N/A",
        "Total Cost of profits": 1039,
        "Profit after tax corporate income": 3120,
        "Volume": 5702940,
        "Close of Quarter": 16.7,
        "EPS": 2035,
        "Non-adjusted EPS": 2035,
        "PE": 8.2,
        "Book Price": 12
      }
    },
    {
      "quarter": "Q2 2011",
      "income status": {
        "Net sales": 11952,
        "Cost of goods sold": 6679,
        "Gross Profit": 5273,
        "Financial expenses": 6,
        "Of which: Interest expense": 6,
        "Cost of sales": 650,
        "Enterprise cost management": 1877,
        "Total Operating Expenses": 2533,
        "Total revenue financing activities": 283,
        "Net profit from business activities": 3023,
        "Profit": 355,
        "Profit before tax": 3378,
        "Present corporate income tax expenses": 819,
        "Deferred income taxes expenses": "N/A",
        "The interests of minority shareholders": "N/A",
        "Total Cost of profits": 819,
        "Profit after tax corporate income": 2560,
        "Volume": 5702940,
        "Close of Quarter": 17.2,
        "EPS": 1906,
        "Non-adjusted EPS": 1906,
        "PE": 9.0,
        "Book Price": 11.5
      }
    },
    {
      "quarter": "Q1 2011",
      "income status": {
        "Net sales": 12542,
        "Cost of goods sold": 7125,
        "Gross Profit": 5416,
        "Financial expenses": 5,
        "Of which: Interest expense": 5,
        "Cost of sales": 585,
        "Enterprise cost management": 2233,
        "Total Operating Expenses": 2823,
        "Total revenue financing activities": 274,
        "Net profit from business activities": 2867,
        "Profit": 314,
        "Profit before tax": 3181,
        "Present corporate income tax expenses": 787,
        "Deferred income taxes expenses": "N/A",
        "The interests of minority shareholders": "N/A",
        "Total Cost of profits": 787,
        "Profit after tax corporate income": 2394,
        "Volume": 5702940,
        "Close of Quarter": 18.7,
        "EPS": 1826,
        "Non-adjusted EPS": 1826,
        "PE": 10.2,
        "Book Price": 12.5
      }
    }
  ]
}