{
  "ticker": "NDN",
  "data": [
    {
      "quarter": "Q4 2016",
      "income status": {
        "Net sales": 113652,
        "Cost of goods sold": 69355,
        "Gross Profit": 44297,
        "Financial expenses": 19841,
        "Of which: Interest expense": 122,
        "Cost of sales": 41,
        "Enterprise cost management": 1811,
        "Total Operating Expenses": 21693,
        "Total revenue financing activities": 5934,
        "Net profit from business activities": 28539,
        "Profit": 16,
        "Profit before tax": 28555,
        "Present corporate income tax expenses": 8867,
        "Deferred income taxes expenses": "N/A",
        "The interests of minority shareholders": 244,
        "Total Cost of profits": 9111,
        "Profit after tax corporate income": 19444,
        "Volume": 42136994,
        "Close of Quarter": 7.6,
        "EPS": 1035,
        "Non-adjusted EPS": 1035,
        "PE": 7.3,
        "Book Price": 12.1
      }
    },
    {
      "quarter": "Q3 2016",
      "income status": {
        "Net sales": 68391,
        "Cost of goods sold": 48108,
        "Gross Profit": 20283,
        "Financial expenses": 8005,
        "Of which: Interest expense": 96,
        "Cost of sales": 60,
        "Enterprise cost management": 1110,
        "Total Operating Expenses": 9175,
        "Total revenue financing activities": 4331,
        "Net profit from business activities": 15439,
        "Profit": -245,
        "Profit before tax": 15194,
        "Present corporate income tax expenses": 3729,
        "Deferred income taxes expenses": "N/A",
        "The interests of minority shareholders": 83,
        "Total Cost of profits": 3812,
        "Profit after tax corporate income": 11382,
        "Volume": 42136994,
        "Close of Quarter": 7.3,
        "EPS": 792,
        "Non-adjusted EPS": 792,
        "PE": 9.2,
        "Book Price": 12.1
      }
    },
    {
      "quarter": "Q2 2016",
      "income status": {
        "Net sales": 45651,
        "Cost of goods sold": 28801,
        "Gross Profit": 16849,
        "Financial expenses": 5864,
        "Of which: Interest expense": 174,
        "Cost of sales": 106,
        "Enterprise cost management": 1749,
        "Total Operating Expenses": 7719,
        "Total revenue financing activities": 4797,
        "Net profit from business activities": 13927,
        "Profit": -4,
        "Profit before tax": 13924,
        "Present corporate income tax expenses": 2876,
        "Deferred income taxes expenses": "N/A",
        "The interests of minority shareholders": 52,
        "Total Cost of profits": 2928,
        "Profit after tax corporate income": 10996,
        "Volume": 42136994,
        "Close of Quarter": 7.9,
        "EPS": 1041,
        "Non-adjusted EPS": 1041,
        "PE": 7.5,
        "Book Price": 11.8
      }
    },
    {
      "quarter": "Q1 2016",
      "income status": {
        "Net sales": 55191,
        "Cost of goods sold": 42946,
        "Gross Profit": 12245,
        "Financial expenses": 10069,
        "Of which: Interest expense": 383,
        "Cost of sales": 11,
        "Enterprise cost management": 652,
        "Total Operating Expenses": 10732,
        "Total revenue financing activities": 2691,
        "Net profit from business activities": 4204,
        "Profit": -10,
        "Profit before tax": 4194,
        "Present corporate income tax expenses": 2393,
        "Deferred income taxes expenses": "N/A",
        "The interests of minority shareholders": -7,
        "Total Cost of profits": 2386,
        "Profit after tax corporate income": 1808,
        "Volume": 42136994,
        "Close of Quarter": 8.7,
        "EPS": 1209,
        "Non-adjusted EPS": 1209,
        "PE": 7.2,
        "Book Price": 11.5
      }
    },
    {
      "quarter": "Q4 2015",
      "income status": {
        "Net sales": 19901,
        "Cost of goods sold": 1924,
        "Gross Profit": 17976,
        "Financial expenses": 7939,
        "Of which: Interest expense": 48,
        "Cost of sales": 596,
        "Enterprise cost management": 1074,
        "Total Operating Expenses": 9609,
        "Total revenue financing activities": 4304,
        "Net profit from business activities": 13050,
        "Profit": -46,
        "Profit before tax": 13005,
        "Present corporate income tax expenses": 3808,
        "Deferred income taxes expenses": "N/A",
        "The interests of minority shareholders": -1,
        "Total Cost of profits": 3807,
        "Profit after tax corporate income": 9197,
        "Volume": 32330544,
        "Close of Quarter": 9.7,
        "EPS": 1431.0,
        "Non-adjusted EPS": 1865,
        "PE": 5.2,
        "Book Price": 9.6
      }
    },
    {
      "quarter": "Q3 2015",
      "income status": {
        "Net sales": 61119,
        "Cost of goods sold": 34867,
        "Gross Profit": 26252,
        "Financial expenses": 6217,
        "Of which: Interest expense": 51,
        "Cost of sales": 1744,
        "Enterprise cost management": 1293,
        "Total Operating Expenses": 9254,
        "Total revenue financing activities": 1343,
        "Net profit from business activities": 19369,
        "Profit": 9728,
        "Profit before tax": 29097,
        "Present corporate income tax expenses": 7229,
        "Deferred income taxes expenses": "N/A",
        "The interests of minority shareholders": 24,
        "Total Cost of profits": 7253,
        "Profit after tax corporate income": 21844,
        "Volume": 32330544,
        "Close of Quarter": 11.1,
        "EPS": 1631.2,
        "Non-adjusted EPS": 2126,
        "PE": 5.2,
        "Book Price": 9.4
      }
    },
    {
      "quarter": "Q2 2015",
      "income status": {
        "Net sales": 72409,
        "Cost of goods sold": 50256,
        "Gross Profit": 22153,
        "Financial expenses": 475,
        "Of which: Interest expense": 302,
        "Cost of sales": -1482,
        "Enterprise cost management": 1609,
        "Total Operating Expenses": 602,
        "Total revenue financing activities": 922,
        "Net profit from business activities": 22978,
        "Profit": 27,
        "Profit before tax": 23005,
        "Present corporate income tax expenses": 4897,
        "Deferred income taxes expenses": "N/A",
        "The interests of minority shareholders": 8,
        "Total Cost of profits": 4905,
        "Profit after tax corporate income": 18100,
        "Volume": 16165272,
        "Close of Quarter": 11.5,
        "EPS": 1684.2,
        "Non-adjusted EPS": 4390,
        "PE": 2.6,
        "Book Price": 9.0
      }
    },
    {
      "quarter": "Q1 2015",
      "income status": {
        "Net sales": 91415,
        "Cost of goods sold": 71846,
        "Gross Profit": 19569,
        "Financial expenses": 2646,
        "Of which: Interest expense": 166,
        "Cost of sales": 1638,
        "Enterprise cost management": 1761,
        "Total Operating Expenses": 6045,
        "Total revenue financing activities": 1083,
        "Net profit from business activities": 14855,
        "Profit": 103,
        "Profit before tax": 14958,
        "Present corporate income tax expenses": 3800,
        "Deferred income taxes expenses": "N/A",
        "The interests of minority shareholders": -9,
        "Total Cost of profits": 3791,
        "Profit after tax corporate income": 11166,
        "Volume": 16165272,
        "Close of Quarter": 10.1,
        "EPS": 1489.3,
        "Non-adjusted EPS": 3882,
        "PE": 2.6,
        "Book Price": 5.6
      }
    },
    {
      "quarter": "Q4 2014",
      "income status": {
        "Net sales": 89097,
        "Cost of goods sold": 61342,
        "Gross Profit": 27755,
        "Financial expenses": -30,
        "Of which: Interest expense": "N/A",
        "Cost of sales": 8,
        "Enterprise cost management": 4877,
        "Total Operating Expenses": 4855,
        "Total revenue financing activities": 407,
        "Net profit from business activities": 23307,
        "Profit": -74,
        "Profit before tax": 23233,
        "Present corporate income tax expenses": 5637,
        "Deferred income taxes expenses": -33,
        "The interests of minority shareholders": "N/A",
        "Total Cost of profits": 5604,
        "Profit after tax corporate income": 17629,
        "Volume": 11546720,
        "Close of Quarter": 9.6,
        "EPS": 1252.9,
        "Non-adjusted EPS": 4572,
        "PE": 2.1,
        "Book Price": 5.5
      }
    },
    {
      "quarter": "Q3 2014",
      "income status": {
        "Net sales": 73094,
        "Cost of goods sold": 38341,
        "Gross Profit": 34752,
        "Financial expenses": 488,
        "Of which: Interest expense": "N/A",
        "Cost of sales": 1987,
        "Enterprise cost management": 1580,
        "Total Operating Expenses": 4055,
        "Total revenue financing activities": 407,
        "Net profit from business activities": 31105,
        "Profit": -120,
        "Profit before tax": 30985,
        "Present corporate income tax expenses": 6907,
        "Deferred income taxes expenses": "N/A",
        "The interests of minority shareholders": "N/A",
        "Total Cost of profits": 6907,
        "Profit after tax corporate income": 24077,
        "Volume": 11546720,
        "Close of Quarter": 7.0,
        "EPS": 891.7,
        "Non-adjusted EPS": 3254,
        "PE": 2.1,
        "Book Price": 4.4
      }
    },
    {
      "quarter": "Q2 2014",
      "income status": {
        "Net sales": 48903,
        "Cost of goods sold": 29236,
        "Gross Profit": 19667,
        "Financial expenses": 4244,
        "Of which: Interest expense": 2290,
        "Cost of sales": 95,
        "Enterprise cost management": 1899,
        "Total Operating Expenses": 6238,
        "Total revenue financing activities": 1260,
        "Net profit from business activities": 14689,
        "Profit": -1091,
        "Profit before tax": 13598,
        "Present corporate income tax expenses": 3732,
        "Deferred income taxes expenses": -30,
        "The interests of minority shareholders": 17,
        "Total Cost of profits": 3719,
        "Profit after tax corporate income": 9879,
        "Volume": 11546720,
        "Close of Quarter": 5.4,
        "EPS": 560.4,
        "Non-adjusted EPS": 2045,
        "PE": 2.6,
        "Book Price": 3.8
      }
    },
    {
      "quarter": "Q1 2014",
      "income status": {
        "Net sales": 28772,
        "Cost of goods sold": 25387,
        "Gross Profit": 3385,
        "Financial expenses": 1179,
        "Of which: Interest expense": "N/A",
        "Cost of sales": 480,
        "Enterprise cost management": 271,
        "Total Operating Expenses": 1930,
        "Total revenue financing activities": 169,
        "Net profit from business activities": 1624,
        "Profit": -3,
        "Profit before tax": 1621,
        "Present corporate income tax expenses": 417,
        "Deferred income taxes expenses": "N/A",
        "The interests of minority shareholders": "N/A",
        "Total Cost of profits": 417,
        "Profit after tax corporate income": 1204,
        "Volume": 11046720,
        "Close of Quarter": 5.7,
        "EPS": 467.7,
        "Non-adjusted EPS": 1784,
        "PE": 3.2,
        "Book Price": 3.4
      }
    },
    {
      "quarter": "Q4 2013",
      "income status": {
        "Net sales": 22881,
        "Cost of goods sold": 10884,
        "Gross Profit": 11997,
        "Financial expenses": 5367,
        "Of which: Interest expense": "N/A",
        "Cost of sales": 250,
        "Enterprise cost management": 1862,
        "Total Operating Expenses": 7479,
        "Total revenue financing activities": 404,
        "Net profit from business activities": 4922,
        "Profit": -103,
        "Profit before tax": 4818,
        "Present corporate income tax expenses": 2403,
        "Deferred income taxes expenses": "N/A",
        "The interests of minority shareholders": "N/A",
        "Total Cost of profits": 2403,
        "Profit after tax corporate income": 2415,
        "Volume": 11046720,
        "Close of Quarter": 4.0,
        "EPS": 454.9,
        "Non-adjusted EPS": 1735,
        "PE": 2.3,
        "Book Price": 3.4
      }
    },
    {
      "quarter": "Q3 2013",
      "income status": {
        "Net sales": 54496,
        "Cost of goods sold": 36142,
        "Gross Profit": 18355,
        "Financial expenses": 1957,
        "Of which: Interest expense": "N/A",
        "Cost of sales": 508,
        "Enterprise cost management": 2109,
        "Total Operating Expenses": 4574,
        "Total revenue financing activities": 180,
        "Net profit from business activities": 13961,
        "Profit": 48,
        "Profit before tax": 14009,
        "Present corporate income tax expenses": 3896,
        "Deferred income taxes expenses": "N/A",
        "The interests of minority shareholders": "N/A",
        "Total Cost of profits": 3896,
        "Profit after tax corporate income": 10113,
        "Volume": 11046720,
        "Close of Quarter": 3.3,
        "EPS": 457.2,
        "Non-adjusted EPS": 1744,
        "PE": 1.9,
        "Book Price": 3.3
      }
    },
    {
      "quarter": "Q2 2013",
      "income status": {
        "Net sales": 29414,
        "Cost of goods sold": 16972,
        "Gross Profit": 12441,
        "Financial expenses": 3474,
        "Of which: Interest expense": 3605,
        "Cost of sales": 860,
        "Enterprise cost management": 1669,
        "Total Operating Expenses": 6003,
        "Total revenue financing activities": 1777,
        "Net profit from business activities": 8216,
        "Profit": 102,
        "Profit before tax": 8318,
        "Present corporate income tax expenses": 2348,
        "Deferred income taxes expenses": "N/A",
        "The interests of minority shareholders": "N/A",
        "Total Cost of profits": 2348,
        "Profit after tax corporate income": 5970,
        "Volume": 11046720,
        "Close of Quarter": 2.6,
        "EPS": 259.5,
        "Non-adjusted EPS": 990,
        "PE": 2.6,
        "Book Price": 3.1
      }
    },
    {
      "quarter": "Q1 2013",
      "income status": {
        "Net sales": 25539,
        "Cost of goods sold": 22876,
        "Gross Profit": 2663,
        "Financial expenses": 1385,
        "Of which: Interest expense": "N/A",
        "Cost of sales": 69,
        "Enterprise cost management": 723,
        "Total Operating Expenses": 2177,
        "Total revenue financing activities": 356,
        "Net profit from business activities": 841,
        "Profit": 55,
        "Profit before tax": 897,
        "Present corporate income tax expenses": 224,
        "Deferred income taxes expenses": "N/A",
        "The interests of minority shareholders": "N/A",
        "Total Cost of profits": 224,
        "Profit after tax corporate income": 673,
        "Volume": 11046720,
        "Close of Quarter": 2.5,
        "EPS": 152.3,
        "Non-adjusted EPS": 581,
        "PE": 4.3,
        "Book Price": 3.0
      }
    },
    {
      "quarter": "Q4 2012",
      "income status": {
        "Net sales": 44949,
        "Cost of goods sold": 38143,
        "Gross Profit": 6806,
        "Financial expenses": 4187,
        "Of which: Interest expense": 2232,
        "Cost of sales": 621,
        "Enterprise cost management": 731,
        "Total Operating Expenses": 5539,
        "Total revenue financing activities": 335,
        "Net profit from business activities": 1603,
        "Profit": 1842,
        "Profit before tax": 3445,
        "Present corporate income tax expenses": 937,
        "Deferred income taxes expenses": "N/A",
        "The interests of minority shareholders": "N/A",
        "Total Cost of profits": 937,
        "Profit after tax corporate income": 2508,
        "Volume": 11046720,
        "Close of Quarter": 2.6,
        "EPS": 168.6,
        "Non-adjusted EPS": 643,
        "PE": 4.0,
        "Book Price": 3.0
      }
    },
    {
      "quarter": "Q3 2012",
      "income status": {
        "Net sales": 37698,
        "Cost of goods sold": 35132,
        "Gross Profit": 2566,
        "Financial expenses": "N/A",
        "Of which: Interest expense": "N/A",
        "Cost of sales": 13,
        "Enterprise cost management": 412,
        "Total Operating Expenses": 425,
        "Total revenue financing activities": 70,
        "Net profit from business activities": 2210,
        "Profit": "N/A",
        "Profit before tax": 2210,
        "Present corporate income tax expenses": 430,
        "Deferred income taxes expenses": "N/A",
        "The interests of minority shareholders": "N/A",
        "Total Cost of profits": 430,
        "Profit after tax corporate income": 1780,
        "Volume": 11046720,
        "Close of Quarter": 2.7,
        "EPS": 151.3,
        "Non-adjusted EPS": 577,
        "PE": 4.7,
        "Book Price": 3.0
      }
    },
    {
      "quarter": "Q2 2012",
      "income status": {
        "Net sales": 40934,
        "Cost of goods sold": 36297,
        "Gross Profit": 4637,
        "Financial expenses": 2210,
        "Of which: Interest expense": 2218,
        "Cost of sales": 215,
        "Enterprise cost management": 1221,
        "Total Operating Expenses": 3646,
        "Total revenue financing activities": 948,
        "Net profit from business activities": 1939,
        "Profit": "N/A",
        "Profit before tax": 1939,
        "Present corporate income tax expenses": 485,
        "Deferred income taxes expenses": "N/A",
        "The interests of minority shareholders": "N/A",
        "Total Cost of profits": 485,
        "Profit after tax corporate income": 1455,
        "Volume": 9520000,
        "Close of Quarter": 3.7,
        "EPS": 417.7,
        "Non-adjusted EPS": 1849,
        "PE": 2.0,
        "Book Price": 3.0
      }
    },
    {
      "quarter": "Q1 2012",
      "income status": {
        "Net sales": 16101,
        "Cost of goods sold": 13293,
        "Gross Profit": 2808,
        "Financial expenses": 606,
        "Of which: Interest expense": "N/A",
        "Cost of sales": 24,
        "Enterprise cost management": 807,
        "Total Operating Expenses": 1437,
        "Total revenue financing activities": 435,
        "Net profit from business activities": 1806,
        "Profit": "N/A",
        "Profit before tax": 1807,
        "Present corporate income tax expenses": 452,
        "Deferred income taxes expenses": "N/A",
        "The interests of minority shareholders": "N/A",
        "Total Cost of profits": 452,
        "Profit after tax corporate income": 1355,
        "Volume": 9520000,
        "Close of Quarter": 3.8,
        "EPS": 663.8,
        "Non-adjusted EPS": 2938,
        "PE": 1.3,
        "Book Price": 3.1
      }
    },
    {
      "quarter": "Q4 2011",
      "income status": {
        "Net sales": 15494,
        "Cost of goods sold": 12184,
        "Gross Profit": 3310,
        "Financial expenses": 870,
        "Of which: Interest expense": "N/A",
        "Cost of sales": 26,
        "Enterprise cost management": 958,
        "Total Operating Expenses": 1854,
        "Total revenue financing activities": 857,
        "Net profit from business activities": 2313,
        "Profit": 6,
        "Profit before tax": 2319,
        "Present corporate income tax expenses": 540,
        "Deferred income taxes expenses": "N/A",
        "The interests of minority shareholders": "N/A",
        "Total Cost of profits": 540,
        "Profit after tax corporate income": 1779,
        "Volume": 9520000,
        "Close of Quarter": 3.7,
        "EPS": 665.4,
        "Non-adjusted EPS": 2945,
        "PE": 1.2,
        "Book Price": 3.0
      }
    },
    {
      "quarter": "Q3 2011",
      "income status": {
        "Net sales": 68339,
        "Cost of goods sold": 59115,
        "Gross Profit": 9225,
        "Financial expenses": 132,
        "Of which: Interest expense": "N/A",
        "Cost of sales": 100,
        "Enterprise cost management": 645,
        "Total Operating Expenses": 877,
        "Total revenue financing activities": 788,
        "Net profit from business activities": 9135,
        "Profit": 7680,
        "Profit before tax": 16815,
        "Present corporate income tax expenses": 3801,
        "Deferred income taxes expenses": "N/A",
        "The interests of minority shareholders": "N/A",
        "Total Cost of profits": 3801,
        "Profit after tax corporate income": 13015,
        "Volume": 9520000,
        "Close of Quarter": 4.7,
        "EPS": 793.9,
        "Non-adjusted EPS": 3514,
        "PE": 1.3,
        "Book Price": 3.0
      }
    },
    {
      "quarter": "Q2 2011",
      "income status": {
        "Net sales": 17278,
        "Cost of goods sold": 4810,
        "Gross Profit": 12468,
        "Financial expenses": 2446,
        "Of which: Interest expense": "N/A",
        "Cost of sales": "N/A",
        "Enterprise cost management": 796,
        "Total Operating Expenses": 3242,
        "Total revenue financing activities": 1117,
        "Net profit from business activities": 10342,
        "Profit": 5442,
        "Profit before tax": 15784,
        "Present corporate income tax expenses": 3960,
        "Deferred income taxes expenses": "N/A",
        "The interests of minority shareholders": "N/A",
        "Total Cost of profits": 3960,
        "Profit after tax corporate income": 11825,
        "Volume": 8500000,
        "Close of Quarter": 3.1,
        "EPS": 628.8,
        "Non-adjusted EPS": 3117,
        "PE": 1.0,
        "Book Price": 2.6
      }
    },
    {
      "quarter": "Q1 2011",
      "income status": {
        "Net sales": 10177,
        "Cost of goods sold": 7645,
        "Gross Profit": 2532,
        "Financial expenses": 882,
        "Of which: Interest expense": "N/A",
        "Cost of sales": "N/A",
        "Enterprise cost management": 595,
        "Total Operating Expenses": 1477,
        "Total revenue financing activities": 419,
        "Net profit from business activities": 1474,
        "Profit": 317,
        "Profit before tax": 1791,
        "Present corporate income tax expenses": 370,
        "Deferred income taxes expenses": "N/A",
        "The interests of minority shareholders": "N/A",
        "Total Cost of profits": 370,
        "Profit after tax corporate income": 1422,
        "Volume": 9000000,
        "Close of Quarter": "N/A",
        "EPS": 417.6,
        "Non-adjusted EPS": 1955,
        "PE": "N/A",
        "Book Price": "N/A"
      }
    }
  ]
}