{
  "ticker": "TTC",
  "data": [
    {
      "quarter": "Q4 2016",
      "income status": {
        "Net sales": 82952,
        "Cost of goods sold": 71831,
        "Gross Profit": 11121,
        "Financial expenses": 140,
        "Of which: Interest expense": 135,
        "Cost of sales": 4671,
        "Enterprise cost management": 3148,
        "Total Operating Expenses": 7959,
        "Total revenue financing activities": 879,
        "Net profit from business activities": 4040,
        "Profit": -10,
        "Profit before tax": 4031,
        "Present corporate income tax expenses": 820,
        "Deferred income taxes expenses": "N/A",
        "The interests of minority shareholders": "N/A",
        "Total Cost of profits": 820,
        "Profit after tax corporate income": 3210,
        "Volume": 5992348,
        "Close of Quarter": 18.4,
        "EPS": 3559,
        "Non-adjusted EPS": 3559,
        "PE": 5.2,
        "Book Price": 17.9
      }
    },
    {
      "quarter": "Q3 2016",
      "income status": {
        "Net sales": 83034,
        "Cost of goods sold": 69740,
        "Gross Profit": 13294,
        "Financial expenses": 48,
        "Of which: Interest expense": 32,
        "Cost of sales": 3504,
        "Enterprise cost management": 3840,
        "Total Operating Expenses": 7392,
        "Total revenue financing activities": 544,
        "Net profit from business activities": 6446,
        "Profit": -85,
        "Profit before tax": 6361,
        "Present corporate income tax expenses": 1289,
        "Deferred income taxes expenses": "N/A",
        "The interests of minority shareholders": "N/A",
        "Total Cost of profits": 1289,
        "Profit after tax corporate income": 5072,
        "Volume": 5992348,
        "Close of Quarter": 20.2,
        "EPS": 3917,
        "Non-adjusted EPS": 3917,
        "PE": 5.1,
        "Book Price": 17.4
      }
    },
    {
      "quarter": "Q2 2016",
      "income status": {
        "Net sales": 93860,
        "Cost of goods sold": 78539,
        "Gross Profit": 15321,
        "Financial expenses": 81,
        "Of which: Interest expense": 75,
        "Cost of sales": 3835,
        "Enterprise cost management": 4140,
        "Total Operating Expenses": 8056,
        "Total revenue financing activities": 1353,
        "Net profit from business activities": 8619,
        "Profit": -138,
        "Profit before tax": 8481,
        "Present corporate income tax expenses": 1537,
        "Deferred income taxes expenses": "N/A",
        "The interests of minority shareholders": "N/A",
        "Total Cost of profits": 1537,
        "Profit after tax corporate income": 6944,
        "Volume": 5992348,
        "Close of Quarter": 23.4,
        "EPS": 4165,
        "Non-adjusted EPS": 4165,
        "PE": 5.6,
        "Book Price": 16.5
      }
    },
    {
      "quarter": "Q1 2016",
      "income status": {
        "Net sales": 90417,
        "Cost of goods sold": 75171,
        "Gross Profit": 15246,
        "Financial expenses": 118,
        "Of which: Interest expense": 65,
        "Cost of sales": 3930,
        "Enterprise cost management": 4059,
        "Total Operating Expenses": 8107,
        "Total revenue financing activities": 511,
        "Net profit from business activities": 7650,
        "Profit": 169,
        "Profit before tax": 7819,
        "Present corporate income tax expenses": 1720,
        "Deferred income taxes expenses": "N/A",
        "The interests of minority shareholders": "N/A",
        "Total Cost of profits": 1720,
        "Profit after tax corporate income": 6099,
        "Volume": 5992348,
        "Close of Quarter": 15.6,
        "EPS": 4016,
        "Non-adjusted EPS": 4016,
        "PE": 3.9,
        "Book Price": 16.4
      }
    },
    {
      "quarter": "Q4 2015",
      "income status": {
        "Net sales": 98297,
        "Cost of goods sold": 84767,
        "Gross Profit": 13530,
        "Financial expenses": 212,
        "Of which: Interest expense": 159,
        "Cost of sales": 3963,
        "Enterprise cost management": 3944,
        "Total Operating Expenses": 8119,
        "Total revenue financing activities": 956,
        "Net profit from business activities": 6367,
        "Profit": 55,
        "Profit before tax": 6422,
        "Present corporate income tax expenses": 1067,
        "Deferred income taxes expenses": "N/A",
        "The interests of minority shareholders": "N/A",
        "Total Cost of profits": 1067,
        "Profit after tax corporate income": 5355,
        "Volume": 5992348,
        "Close of Quarter": 11.5,
        "EPS": 3618,
        "Non-adjusted EPS": 3618,
        "PE": 3.2,
        "Book Price": 16.4
      }
    },
    {
      "quarter": "Q3 2015",
      "income status": {
        "Net sales": 101111,
        "Cost of goods sold": 84770,
        "Gross Profit": 16341,
        "Financial expenses": 67,
        "Of which: Interest expense": 49,
        "Cost of sales": 4399,
        "Enterprise cost management": 4675,
        "Total Operating Expenses": 9141,
        "Total revenue financing activities": 406,
        "Net profit from business activities": 7606,
        "Profit": 99,
        "Profit before tax": 7706,
        "Present corporate income tax expenses": 1146,
        "Deferred income taxes expenses": "N/A",
        "The interests of minority shareholders": "N/A",
        "Total Cost of profits": 1146,
        "Profit after tax corporate income": 6560,
        "Volume": 5992348,
        "Close of Quarter": 9.9,
        "EPS": 3036,
        "Non-adjusted EPS": 3036,
        "PE": 3.2,
        "Book Price": 15.5
      }
    },
    {
      "quarter": "Q2 2015",
      "income status": {
        "Net sales": 105116,
        "Cost of goods sold": 89571,
        "Gross Profit": 15545,
        "Financial expenses": 248,
        "Of which: Interest expense": 31,
        "Cost of sales": 4424,
        "Enterprise cost management": 4299,
        "Total Operating Expenses": 8971,
        "Total revenue financing activities": 517,
        "Net profit from business activities": 7091,
        "Profit": 24,
        "Profit before tax": 7115,
        "Present corporate income tax expenses": 1063,
        "Deferred income taxes expenses": "N/A",
        "The interests of minority shareholders": "N/A",
        "Total Cost of profits": 1063,
        "Profit after tax corporate income": 6052,
        "Volume": 5992348,
        "Close of Quarter": 9.5,
        "EPS": 2611,
        "Non-adjusted EPS": 2611,
        "PE": 3.7,
        "Book Price": 14.4
      }
    },
    {
      "quarter": "Q1 2015",
      "income status": {
        "Net sales": 83806,
        "Cost of goods sold": 73709,
        "Gross Profit": 10096,
        "Financial expenses": 134,
        "Of which: Interest expense": 60,
        "Cost of sales": 2855,
        "Enterprise cost management": 3098,
        "Total Operating Expenses": 6087,
        "Total revenue financing activities": 231,
        "Net profit from business activities": 4240,
        "Profit": 140,
        "Profit before tax": 4380,
        "Present corporate income tax expenses": 667,
        "Deferred income taxes expenses": "N/A",
        "The interests of minority shareholders": "N/A",
        "Total Cost of profits": 667,
        "Profit after tax corporate income": 3714,
        "Volume": 5992348,
        "Close of Quarter": 9.1,
        "EPS": 2394,
        "Non-adjusted EPS": 2394,
        "PE": 3.8,
        "Book Price": 14.6
      }
    },
    {
      "quarter": "Q4 2014",
      "income status": {
        "Net sales": 91269,
        "Cost of goods sold": 81214,
        "Gross Profit": 10055,
        "Financial expenses": 532,
        "Of which: Interest expense": 150,
        "Cost of sales": 4385,
        "Enterprise cost management": 3603,
        "Total Operating Expenses": 8520,
        "Total revenue financing activities": 507,
        "Net profit from business activities": 2043,
        "Profit": 175,
        "Profit before tax": 2218,
        "Present corporate income tax expenses": 350,
        "Deferred income taxes expenses": "N/A",
        "The interests of minority shareholders": "N/A",
        "Total Cost of profits": 350,
        "Profit after tax corporate income": 1868,
        "Volume": 5992348,
        "Close of Quarter": 9.4,
        "EPS": 2199,
        "Non-adjusted EPS": 2199,
        "PE": 4.3,
        "Book Price": 13.9
      }
    },
    {
      "quarter": "Q3 2014",
      "income status": {
        "Net sales": 98409,
        "Cost of goods sold": 85393,
        "Gross Profit": 13016,
        "Financial expenses": 255,
        "Of which: Interest expense": 203,
        "Cost of sales": 4745,
        "Enterprise cost management": 3976,
        "Total Operating Expenses": 8976,
        "Total revenue financing activities": 694,
        "Net profit from business activities": 4734,
        "Profit": 28,
        "Profit before tax": 4762,
        "Present corporate income tax expenses": 747,
        "Deferred income taxes expenses": "N/A",
        "The interests of minority shareholders": "N/A",
        "Total Cost of profits": 747,
        "Profit after tax corporate income": 4015,
        "Volume": 5992348,
        "Close of Quarter": 9.3,
        "EPS": 2324,
        "Non-adjusted EPS": 2324,
        "PE": 4.0,
        "Book Price": 13.6
      }
    },
    {
      "quarter": "Q2 2014",
      "income status": {
        "Net sales": 107158,
        "Cost of goods sold": 93348,
        "Gross Profit": 13811,
        "Financial expenses": 67,
        "Of which: Interest expense": 63,
        "Cost of sales": 4479,
        "Enterprise cost management": 4310,
        "Total Operating Expenses": 8856,
        "Total revenue financing activities": 503,
        "Net profit from business activities": 5458,
        "Profit": 139,
        "Profit before tax": 5597,
        "Present corporate income tax expenses": 846,
        "Deferred income taxes expenses": "N/A",
        "The interests of minority shareholders": "N/A",
        "Total Cost of profits": 846,
        "Profit after tax corporate income": 4751,
        "Volume": 5992348,
        "Close of Quarter": 9.2,
        "EPS": 2296,
        "Non-adjusted EPS": 2296,
        "PE": 4,
        "Book Price": 12.9
      }
    },
    {
      "quarter": "Q1 2014",
      "income status": {
        "Net sales": 80800,
        "Cost of goods sold": 72874,
        "Gross Profit": 7927,
        "Financial expenses": 51,
        "Of which: Interest expense": 51,
        "Cost of sales": 2440,
        "Enterprise cost management": 2570,
        "Total Operating Expenses": 5061,
        "Total revenue financing activities": 109,
        "Net profit from business activities": 2975,
        "Profit": 28,
        "Profit before tax": 3003,
        "Present corporate income tax expenses": 459,
        "Deferred income taxes expenses": "N/A",
        "The interests of minority shareholders": "N/A",
        "Total Cost of profits": 459,
        "Profit after tax corporate income": 2544,
        "Volume": 5992348,
        "Close of Quarter": 8.9,
        "EPS": 2335,
        "Non-adjusted EPS": 2335,
        "PE": 3.8,
        "Book Price": 13.2
      }
    },
    {
      "quarter": "Q4 2013",
      "income status": {
        "Net sales": 86834,
        "Cost of goods sold": 77511,
        "Gross Profit": 9324,
        "Financial expenses": 49,
        "Of which: Interest expense": 49,
        "Cost of sales": 3307,
        "Enterprise cost management": 3412,
        "Total Operating Expenses": 6768,
        "Total revenue financing activities": 288,
        "Net profit from business activities": 2843,
        "Profit": -13,
        "Profit before tax": 2830,
        "Present corporate income tax expenses": 212,
        "Deferred income taxes expenses": "N/A",
        "The interests of minority shareholders": "N/A",
        "Total Cost of profits": 212,
        "Profit after tax corporate income": 2618,
        "Volume": 5992348,
        "Close of Quarter": 8.8,
        "EPS": 2242,
        "Non-adjusted EPS": 2242,
        "PE": 3.9,
        "Book Price": 12.6
      }
    },
    {
      "quarter": "Q3 2013",
      "income status": {
        "Net sales": 79385,
        "Cost of goods sold": 67800,
        "Gross Profit": 11585,
        "Financial expenses": 86,
        "Of which: Interest expense": 86,
        "Cost of sales": 3677,
        "Enterprise cost management": 3777,
        "Total Operating Expenses": 7540,
        "Total revenue financing activities": 111,
        "Net profit from business activities": 4155,
        "Profit": "N/A",
        "Profit before tax": 4155,
        "Present corporate income tax expenses": 312,
        "Deferred income taxes expenses": "N/A",
        "The interests of minority shareholders": "N/A",
        "Total Cost of profits": 312,
        "Profit after tax corporate income": 3844,
        "Volume": 5992348,
        "Close of Quarter": 5.9,
        "EPS": 1923,
        "Non-adjusted EPS": 1923,
        "PE": 3.1,
        "Book Price": 12.2
      }
    },
    {
      "quarter": "Q2 2013",
      "income status": {
        "Net sales": 92475,
        "Cost of goods sold": 79527,
        "Gross Profit": 12948,
        "Financial expenses": 26,
        "Of which: Interest expense": 26,
        "Cost of sales": 3600,
        "Enterprise cost management": 3164,
        "Total Operating Expenses": 6790,
        "Total revenue financing activities": 170,
        "Net profit from business activities": 6328,
        "Profit": -941,
        "Profit before tax": 5386,
        "Present corporate income tax expenses": 401,
        "Deferred income taxes expenses": "N/A",
        "The interests of minority shareholders": "N/A",
        "Total Cost of profits": 401,
        "Profit after tax corporate income": 4985,
        "Volume": 5992348,
        "Close of Quarter": 6.3,
        "EPS": 1790,
        "Non-adjusted EPS": 1790,
        "PE": 3.5,
        "Book Price": 11.5
      }
    },
    {
      "quarter": "Q1 2013",
      "income status": {
        "Net sales": 72738,
        "Cost of goods sold": 64218,
        "Gross Profit": 8520,
        "Financial expenses": 447,
        "Of which: Interest expense": 447,
        "Cost of sales": 2438,
        "Enterprise cost management": 3498,
        "Total Operating Expenses": 6383,
        "Total revenue financing activities": 9,
        "Net profit from business activities": 2146,
        "Profit": "N/A",
        "Profit before tax": 2146,
        "Present corporate income tax expenses": 161,
        "Deferred income taxes expenses": "N/A",
        "The interests of minority shareholders": "N/A",
        "Total Cost of profits": 161,
        "Profit after tax corporate income": 1985,
        "Volume": 5992348,
        "Close of Quarter": 4.6,
        "EPS": 1526,
        "Non-adjusted EPS": 1526,
        "PE": 3.0,
        "Book Price": 10.7
      }
    },
    {
      "quarter": "Q4 2012",
      "income status": {
        "Net sales": 68234,
        "Cost of goods sold": 61120,
        "Gross Profit": 7114,
        "Financial expenses": 632,
        "Of which: Interest expense": 613,
        "Cost of sales": 2386,
        "Enterprise cost management": 3409,
        "Total Operating Expenses": 6427,
        "Total revenue financing activities": 23,
        "Net profit from business activities": 710,
        "Profit": "N/A",
        "Profit before tax": 710,
        "Present corporate income tax expenses": "N/A",
        "Deferred income taxes expenses": "N/A",
        "The interests of minority shareholders": "N/A",
        "Total Cost of profits": 0,
        "Profit after tax corporate income": 710,
        "Volume": 5992348,
        "Close of Quarter": 3.9,
        "EPS": 1362,
        "Non-adjusted EPS": 1362,
        "PE": 2.9,
        "Book Price": 10.3
      }
    },
    {
      "quarter": "Q3 2012",
      "income status": {
        "Net sales": 95040,
        "Cost of goods sold": 84825,
        "Gross Profit": 10215,
        "Financial expenses": 617,
        "Of which: Interest expense": 617,
        "Cost of sales": 3309,
        "Enterprise cost management": 3248,
        "Total Operating Expenses": 7174,
        "Total revenue financing activities": 4,
        "Net profit from business activities": 3045,
        "Profit": "N/A",
        "Profit before tax": 3045,
        "Present corporate income tax expenses": "N/A",
        "Deferred income taxes expenses": "N/A",
        "The interests of minority shareholders": "N/A",
        "Total Cost of profits": 0,
        "Profit after tax corporate income": 3045,
        "Volume": 5992348,
        "Close of Quarter": 2.9,
        "EPS": 1355,
        "Non-adjusted EPS": 1355,
        "PE": 2.1,
        "Book Price": 10.2
      }
    },
    {
      "quarter": "Q2 2012",
      "income status": {
        "Net sales": 105610,
        "Cost of goods sold": 96042,
        "Gross Profit": 9568,
        "Financial expenses": 924,
        "Of which: Interest expense": 899,
        "Cost of sales": 2641,
        "Enterprise cost management": 2813,
        "Total Operating Expenses": 6378,
        "Total revenue financing activities": 186,
        "Net profit from business activities": 3377,
        "Profit": 28,
        "Profit before tax": 3404,
        "Present corporate income tax expenses": "N/A",
        "Deferred income taxes expenses": "N/A",
        "The interests of minority shareholders": "N/A",
        "Total Cost of profits": 0,
        "Profit after tax corporate income": 3404,
        "Volume": 5992348,
        "Close of Quarter": 2.6,
        "EPS": 1140,
        "Non-adjusted EPS": 1140,
        "PE": 2.3,
        "Book Price": 9.7
      }
    },
    {
      "quarter": "Q1 2012",
      "income status": {
        "Net sales": 72388,
        "Cost of goods sold": 65476,
        "Gross Profit": 6912,
        "Financial expenses": 1928,
        "Of which: Interest expense": 1928,
        "Cost of sales": 1911,
        "Enterprise cost management": 2078,
        "Total Operating Expenses": 5917,
        "Total revenue financing activities": 6,
        "Net profit from business activities": 1001,
        "Profit": "N/A",
        "Profit before tax": 1001,
        "Present corporate income tax expenses": "N/A",
        "Deferred income taxes expenses": "N/A",
        "The interests of minority shareholders": "N/A",
        "Total Cost of profits": 0,
        "Profit after tax corporate income": 1001,
        "Volume": 5992348,
        "Close of Quarter": 2.3,
        "EPS": 1008,
        "Non-adjusted EPS": 1008,
        "PE": 2.3,
        "Book Price": 9.1
      }
    },
    {
      "quarter": "Q4 2011",
      "income status": {
        "Net sales": 85732,
        "Cost of goods sold": 78841,
        "Gross Profit": 6890,
        "Financial expenses": 1809,
        "Of which: Interest expense": 1775,
        "Cost of sales": 2016,
        "Enterprise cost management": 2575,
        "Total Operating Expenses": 6400,
        "Total revenue financing activities": 28,
        "Net profit from business activities": 518,
        "Profit": 153,
        "Profit before tax": 671,
        "Present corporate income tax expenses": "N/A",
        "Deferred income taxes expenses": "N/A",
        "The interests of minority shareholders": "N/A",
        "Total Cost of profits": 0,
        "Profit after tax corporate income": 671,
        "Volume": 5992348,
        "Close of Quarter": 1.9,
        "EPS": 415,
        "Non-adjusted EPS": 415,
        "PE": 4.6,
        "Book Price": 8.9
      }
    },
    {
      "quarter": "Q3 2011",
      "income status": {
        "Net sales": 81962,
        "Cost of goods sold": 73707,
        "Gross Profit": 8255,
        "Financial expenses": 1805,
        "Of which: Interest expense": 1805,
        "Cost of sales": 2329,
        "Enterprise cost management": 2375,
        "Total Operating Expenses": 6509,
        "Total revenue financing activities": 7,
        "Net profit from business activities": 1753,
        "Profit": "N/A",
        "Profit before tax": 1753,
        "Present corporate income tax expenses": "N/A",
        "Deferred income taxes expenses": "N/A",
        "The interests of minority shareholders": "N/A",
        "Total Cost of profits": 0,
        "Profit after tax corporate income": 1753,
        "Volume": 5992348,
        "Close of Quarter": 2.3,
        "EPS": -641,
        "Non-adjusted EPS": -641,
        "PE": -3.5,
        "Book Price": 8.8
      }
    },
    {
      "quarter": "Q2 2011",
      "income status": {
        "Net sales": 93348,
        "Cost of goods sold": 84009,
        "Gross Profit": 9339,
        "Financial expenses": 1845,
        "Of which: Interest expense": 1727,
        "Cost of sales": 1661,
        "Enterprise cost management": 3240,
        "Total Operating Expenses": 6746,
        "Total revenue financing activities": 20,
        "Net profit from business activities": 2613,
        "Profit": "N/A",
        "Profit before tax": 2613,
        "Present corporate income tax expenses": "N/A",
        "Deferred income taxes expenses": "N/A",
        "The interests of minority shareholders": "N/A",
        "Total Cost of profits": 0,
        "Profit after tax corporate income": 2613,
        "Volume": 5992348,
        "Close of Quarter": 2.1,
        "EPS": -1220,
        "Non-adjusted EPS": -1220,
        "PE": -1.7,
        "Book Price": 8.5
      }
    },
    {
      "quarter": "Q1 2011",
      "income status": {
        "Net sales": 58034,
        "Cost of goods sold": 56184,
        "Gross Profit": 1850,
        "Financial expenses": 2122,
        "Of which: Interest expense": 2122,
        "Cost of sales": 1267,
        "Enterprise cost management": 1228,
        "Total Operating Expenses": 4617,
        "Total revenue financing activities": 7,
        "Net profit from business activities": -2760,
        "Profit": 209,
        "Profit before tax": -2551,
        "Present corporate income tax expenses": "N/A",
        "Deferred income taxes expenses": "N/A",
        "The interests of minority shareholders": "N/A",
        "Total Cost of profits": 0,
        "Profit after tax corporate income": -2551,
        "Volume": 5992348,
        "Close of Quarter": 2.9,
        "EPS": -2111,
        "Non-adjusted EPS": -2111,
        "PE": -1.4,
        "Book Price": 8
      }
    }
  ]
}