{
  "ticker": "RDP",
  "data": [
    {
      "quarter": "Q4 2016",
      "income status": {
        "Net sales": 293676,
        "Cost of goods sold": 264078,
        "Gross Profit": 29598,
        "Financial expenses": 7690,
        "Of which: Interest expense": 7204,
        "Cost of sales": 5657,
        "Enterprise cost management": 9602,
        "Total Operating Expenses": 22949,
        "Total revenue financing activities": 230,
        "Net profit from business activities": 6880,
        "Profit": -1319,
        "Profit before tax": 5561,
        "Present corporate income tax expenses": 1854,
        "Deferred income taxes expenses": "N/A",
        "The interests of minority shareholders": "N/A",
        "Total Cost of profits": 1854,
        "Profit after tax corporate income": 3707,
        "Volume": 22848641,
        "Close of Quarter": 18.2,
        "EPS": 1908.8,
        "Non-adjusted EPS": 2363,
        "PE": 7.7,
        "Book Price": 15.1
      }
    },
    {
      "quarter": "Q3 2016",
      "income status": {
        "Net sales": 306774,
        "Cost of goods sold": 269335,
        "Gross Profit": 37439,
        "Financial expenses": 5924,
        "Of which: Interest expense": 5919,
        "Cost of sales": 3894,
        "Enterprise cost management": 6285,
        "Total Operating Expenses": 16103,
        "Total revenue financing activities": 1056,
        "Net profit from business activities": 22393,
        "Profit": -39,
        "Profit before tax": 22354,
        "Present corporate income tax expenses": 4471,
        "Deferred income taxes expenses": "N/A",
        "The interests of minority shareholders": "N/A",
        "Total Cost of profits": 4471,
        "Profit after tax corporate income": 17883,
        "Volume": 18133841,
        "Close of Quarter": 18.0,
        "EPS": 2288.0,
        "Non-adjusted EPS": 3569,
        "PE": 5.0,
        "Book Price": 12.5
      }
    },
    {
      "quarter": "Q2 2016",
      "income status": {
        "Net sales": 330268,
        "Cost of goods sold": 287604,
        "Gross Profit": 42663,
        "Financial expenses": 7856,
        "Of which: Interest expense": 7770,
        "Cost of sales": 6450,
        "Enterprise cost management": 9019,
        "Total Operating Expenses": 23325,
        "Total revenue financing activities": 256,
        "Net profit from business activities": 19595,
        "Profit": 80,
        "Profit before tax": 19675,
        "Present corporate income tax expenses": 4132,
        "Deferred income taxes expenses": "N/A",
        "The interests of minority shareholders": "N/A",
        "Total Cost of profits": 4132,
        "Profit after tax corporate income": 15543,
        "Volume": 18133841,
        "Close of Quarter": 20.3,
        "EPS": 2278.4,
        "Non-adjusted EPS": 3554,
        "PE": 5.7,
        "Book Price": 11.9
      }
    },
    {
      "quarter": "Q1 2016",
      "income status": {
        "Net sales": 252965,
        "Cost of goods sold": 212388,
        "Gross Profit": 40578,
        "Financial expenses": 5535,
        "Of which: Interest expense": 5450,
        "Cost of sales": 6527,
        "Enterprise cost management": 7674,
        "Total Operating Expenses": 19736,
        "Total revenue financing activities": 145,
        "Net profit from business activities": 20987,
        "Profit": 91,
        "Profit before tax": 21078,
        "Present corporate income tax expenses": 4216,
        "Deferred income taxes expenses": "N/A",
        "The interests of minority shareholders": "N/A",
        "Total Cost of profits": 4216,
        "Profit after tax corporate income": 16863,
        "Volume": 18133841,
        "Close of Quarter": 19.7,
        "EPS": 2250.2,
        "Non-adjusted EPS": 3510,
        "PE": 5.6,
        "Book Price": 11.4
      }
    },
    {
      "quarter": "Q4 2015",
      "income status": {
        "Net sales": 294802,
        "Cost of goods sold": 257831,
        "Gross Profit": 36971,
        "Financial expenses": 9267,
        "Of which: Interest expense": 6811,
        "Cost of sales": 12077,
        "Enterprise cost management": 12984,
        "Total Operating Expenses": 34328,
        "Total revenue financing activities": 41,
        "Net profit from business activities": 2683,
        "Profit": 15816,
        "Profit before tax": 18500,
        "Present corporate income tax expenses": 4070,
        "Deferred income taxes expenses": "N/A",
        "The interests of minority shareholders": "N/A",
        "Total Cost of profits": 4070,
        "Profit after tax corporate income": 14430,
        "Volume": 15692114,
        "Close of Quarter": 15.9,
        "EPS": 2134.2,
        "Non-adjusted EPS": 3847,
        "PE": 4.1,
        "Book Price": 10.7
      }
    },
    {
      "quarter": "Q3 2015",
      "income status": {
        "Net sales": 305607,
        "Cost of goods sold": 267279,
        "Gross Profit": 38328,
        "Financial expenses": 7507,
        "Of which: Interest expense": 6776,
        "Cost of sales": 6141,
        "Enterprise cost management": 5745,
        "Total Operating Expenses": 19393,
        "Total revenue financing activities": 49,
        "Net profit from business activities": 18984,
        "Profit": 3605,
        "Profit before tax": 22589,
        "Present corporate income tax expenses": 4970,
        "Deferred income taxes expenses": "N/A",
        "The interests of minority shareholders": "N/A",
        "Total Cost of profits": 4970,
        "Profit after tax corporate income": 17619,
        "Volume": 15692114,
        "Close of Quarter": 15.0,
        "EPS": 2129.2,
        "Non-adjusted EPS": 3838,
        "PE": 3.9,
        "Book Price": 10.2
      }
    },
    {
      "quarter": "Q2 2015",
      "income status": {
        "Net sales": 297570,
        "Cost of goods sold": 256635,
        "Gross Profit": 40935,
        "Financial expenses": 6732,
        "Of which: Interest expense": 6337,
        "Cost of sales": 7730,
        "Enterprise cost management": 7559,
        "Total Operating Expenses": 22021,
        "Total revenue financing activities": 92,
        "Net profit from business activities": 19006,
        "Profit": 33,
        "Profit before tax": 19038,
        "Present corporate income tax expenses": 4304,
        "Deferred income taxes expenses": "N/A",
        "The interests of minority shareholders": "N/A",
        "Total Cost of profits": 4304,
        "Profit after tax corporate income": 14734,
        "Volume": 14265744,
        "Close of Quarter": 10.7,
        "EPS": 1768.2,
        "Non-adjusted EPS": 3506,
        "PE": 3.1,
        "Book Price": 9.6
      }
    },
    {
      "quarter": "Q1 2015",
      "income status": {
        "Net sales": 232790,
        "Cost of goods sold": 198473,
        "Gross Profit": 34317,
        "Financial expenses": 5444,
        "Of which: Interest expense": 5339,
        "Cost of sales": 5547,
        "Enterprise cost management": 6195,
        "Total Operating Expenses": 17186,
        "Total revenue financing activities": 149,
        "Net profit from business activities": 17280,
        "Profit": 132,
        "Profit before tax": 17412,
        "Present corporate income tax expenses": 3831,
        "Deferred income taxes expenses": "N/A",
        "The interests of minority shareholders": "N/A",
        "Total Cost of profits": 3831,
        "Profit after tax corporate income": 13581,
        "Volume": 14265744,
        "Close of Quarter": 9.3,
        "EPS": 1126.2,
        "Non-adjusted EPS": 2233,
        "PE": 4.2,
        "Book Price": 9.1
      }
    },
    {
      "quarter": "Q4 2014",
      "income status": {
        "Net sales": 265738,
        "Cost of goods sold": 230209,
        "Gross Profit": 35529,
        "Financial expenses": 7728,
        "Of which: Interest expense": 6833,
        "Cost of sales": 4325,
        "Enterprise cost management": 5129,
        "Total Operating Expenses": 17182,
        "Total revenue financing activities": 53,
        "Net profit from business activities": 18400,
        "Profit": -79,
        "Profit before tax": 18321,
        "Present corporate income tax expenses": 4031,
        "Deferred income taxes expenses": "N/A",
        "The interests of minority shareholders": "N/A",
        "Total Cost of profits": 4031,
        "Profit after tax corporate income": 14291,
        "Volume": 14265744,
        "Close of Quarter": 8.6,
        "EPS": 810.0,
        "Non-adjusted EPS": 1606,
        "PE": 5.4,
        "Book Price": 8.7
      }
    },
    {
      "quarter": "Q3 2014",
      "income status": {
        "Net sales": 289429,
        "Cost of goods sold": 260180,
        "Gross Profit": 29249,
        "Financial expenses": 5388,
        "Of which: Interest expense": 5331,
        "Cost of sales": 7085,
        "Enterprise cost management": 7030,
        "Total Operating Expenses": 19503,
        "Total revenue financing activities": 159,
        "Net profit from business activities": 9906,
        "Profit": -412,
        "Profit before tax": 9494,
        "Present corporate income tax expenses": 2089,
        "Deferred income taxes expenses": "N/A",
        "The interests of minority shareholders": "N/A",
        "Total Cost of profits": 2089,
        "Profit after tax corporate income": 7405,
        "Volume": 14265744,
        "Close of Quarter": 9.1,
        "EPS": 731.8,
        "Non-adjusted EPS": 1451,
        "PE": 6.3,
        "Book Price": 8.2
      }
    },
    {
      "quarter": "Q2 2014",
      "income status": {
        "Net sales": 295352,
        "Cost of goods sold": 273727,
        "Gross Profit": 21625,
        "Financial expenses": 6221,
        "Of which: Interest expense": 5806,
        "Cost of sales": 10294,
        "Enterprise cost management": 8481,
        "Total Operating Expenses": 24996,
        "Total revenue financing activities": 215,
        "Net profit from business activities": -3156,
        "Profit": -1115,
        "Profit before tax": -4271,
        "Present corporate income tax expenses": -847,
        "Deferred income taxes expenses": "N/A",
        "The interests of minority shareholders": "N/A",
        "Total Cost of profits": -847,
        "Profit after tax corporate income": -3424,
        "Volume": 11500000,
        "Close of Quarter": 7.8,
        "EPS": 545.2,
        "Non-adjusted EPS": 1341,
        "PE": 5.8,
        "Book Price": 7.9
      }
    },
    {
      "quarter": "Q1 2014",
      "income status": {
        "Net sales": 229106,
        "Cost of goods sold": 203917,
        "Gross Profit": 25189,
        "Financial expenses": 5454,
        "Of which: Interest expense": 5121,
        "Cost of sales": 6755,
        "Enterprise cost management": 6789,
        "Total Operating Expenses": 18998,
        "Total revenue financing activities": 23,
        "Net profit from business activities": 6214,
        "Profit": -266,
        "Profit before tax": 5948,
        "Present corporate income tax expenses": 1309,
        "Deferred income taxes expenses": "N/A",
        "The interests of minority shareholders": "N/A",
        "Total Cost of profits": 1309,
        "Profit after tax corporate income": 4639,
        "Volume": 11500000,
        "Close of Quarter": 6.9,
        "EPS": 921.3,
        "Non-adjusted EPS": 2266,
        "PE": 3.1,
        "Book Price": 7.5
      }
    },
    {
      "quarter": "Q4 2013",
      "income status": {
        "Net sales": 260894,
        "Cost of goods sold": 222838,
        "Gross Profit": 38057,
        "Financial expenses": 7078,
        "Of which: Interest expense": 5727,
        "Cost of sales": 7470,
        "Enterprise cost management": 7024,
        "Total Operating Expenses": 21572,
        "Total revenue financing activities": 69,
        "Net profit from business activities": 16553,
        "Profit": -136,
        "Profit before tax": 16417,
        "Present corporate income tax expenses": 4331,
        "Deferred income taxes expenses": "N/A",
        "The interests of minority shareholders": "N/A",
        "Total Cost of profits": 4331,
        "Profit after tax corporate income": 12086,
        "Volume": 11500000,
        "Close of Quarter": 7.0,
        "EPS": 934.7,
        "Non-adjusted EPS": 2299,
        "PE": 3.0,
        "Book Price": 7.4
      }
    },
    {
      "quarter": "Q3 2013",
      "income status": {
        "Net sales": 243773,
        "Cost of goods sold": 221083,
        "Gross Profit": 22690,
        "Financial expenses": 5717,
        "Of which: Interest expense": 4892,
        "Cost of sales": 6039,
        "Enterprise cost management": 8229,
        "Total Operating Expenses": 19985,
        "Total revenue financing activities": 107,
        "Net profit from business activities": 2813,
        "Profit": 10,
        "Profit before tax": 2824,
        "Present corporate income tax expenses": 706,
        "Deferred income taxes expenses": "N/A",
        "The interests of minority shareholders": "N/A",
        "Total Cost of profits": 706,
        "Profit after tax corporate income": 2118,
        "Volume": 11500000,
        "Close of Quarter": 6.4,
        "EPS": 726.5,
        "Non-adjusted EPS": 1787,
        "PE": 3.6,
        "Book Price": 7.0
      }
    },
    {
      "quarter": "Q2 2013",
      "income status": {
        "Net sales": 312906,
        "Cost of goods sold": 283792,
        "Gross Profit": 29114,
        "Financial expenses": 5586,
        "Of which: Interest expense": 5282,
        "Cost of sales": 5443,
        "Enterprise cost management": 8673,
        "Total Operating Expenses": 19702,
        "Total revenue financing activities": 132,
        "Net profit from business activities": 9545,
        "Profit": 68,
        "Profit before tax": 9613,
        "Present corporate income tax expenses": 2110,
        "Deferred income taxes expenses": 289,
        "The interests of minority shareholders": "N/A",
        "Total Cost of profits": 2399,
        "Profit after tax corporate income": 7214,
        "Volume": 11500000,
        "Close of Quarter": 7.0,
        "EPS": 1092.4,
        "Non-adjusted EPS": 2687,
        "PE": 2.6,
        "Book Price": 6.9
      }
    },
    {
      "quarter": "Q1 2013",
      "income status": {
        "Net sales": 227154,
        "Cost of goods sold": 201624,
        "Gross Profit": 25529,
        "Financial expenses": 5807,
        "Of which: Interest expense": 5650,
        "Cost of sales": 7265,
        "Enterprise cost management": 6497,
        "Total Operating Expenses": 19569,
        "Total revenue financing activities": 188,
        "Net profit from business activities": 6148,
        "Profit": 156,
        "Profit before tax": 6304,
        "Present corporate income tax expenses": 1576,
        "Deferred income taxes expenses": -289,
        "The interests of minority shareholders": "N/A",
        "Total Cost of profits": 1287,
        "Profit after tax corporate income": 5017,
        "Volume": 11500000,
        "Close of Quarter": 5.8,
        "EPS": 1120.9,
        "Non-adjusted EPS": 2757,
        "PE": 2.1,
        "Book Price": 7.2
      }
    },
    {
      "quarter": "Q4 2012",
      "income status": {
        "Net sales": 235958,
        "Cost of goods sold": 207669,
        "Gross Profit": 28290,
        "Financial expenses": 4870,
        "Of which: Interest expense": 4700,
        "Cost of sales": 8105,
        "Enterprise cost management": 7676,
        "Total Operating Expenses": 20651,
        "Total revenue financing activities": 552,
        "Net profit from business activities": 8191,
        "Profit": 75,
        "Profit before tax": 8266,
        "Present corporate income tax expenses": 2067,
        "Deferred income taxes expenses": "N/A",
        "The interests of minority shareholders": "N/A",
        "Total Cost of profits": 2067,
        "Profit after tax corporate income": 6200,
        "Volume": 11500000,
        "Close of Quarter": 4.9,
        "EPS": 1098.9,
        "Non-adjusted EPS": 2703,
        "PE": 1.8,
        "Book Price": 7.1
      }
    },
    {
      "quarter": "Q3 2012",
      "income status": {
        "Net sales": 255283,
        "Cost of goods sold": 217451,
        "Gross Profit": 37832,
        "Financial expenses": 5442,
        "Of which: Interest expense": 5119,
        "Cost of sales": 7947,
        "Enterprise cost management": 8558,
        "Total Operating Expenses": 21947,
        "Total revenue financing activities": 300,
        "Net profit from business activities": 16184,
        "Profit": 447,
        "Profit before tax": 16631,
        "Present corporate income tax expenses": 4158,
        "Deferred income taxes expenses": "N/A",
        "The interests of minority shareholders": "N/A",
        "Total Cost of profits": 4158,
        "Profit after tax corporate income": 12473,
        "Volume": 11500000,
        "Close of Quarter": 3.9,
        "EPS": 911.9,
        "Non-adjusted EPS": 2243,
        "PE": 1.7,
        "Book Price": 6.8
      }
    },
    {
      "quarter": "Q2 2012",
      "income status": {
        "Net sales": 260068,
        "Cost of goods sold": 228133,
        "Gross Profit": 31935,
        "Financial expenses": 5470,
        "Of which: Interest expense": 4165,
        "Cost of sales": 7186,
        "Enterprise cost management": 9422,
        "Total Operating Expenses": 22078,
        "Total revenue financing activities": 752,
        "Net profit from business activities": 10610,
        "Profit": 16,
        "Profit before tax": 10625,
        "Present corporate income tax expenses": 2610,
        "Deferred income taxes expenses": "N/A",
        "The interests of minority shareholders": "N/A",
        "Total Cost of profits": 2610,
        "Profit after tax corporate income": 8015,
        "Volume": 11500000,
        "Close of Quarter": 4.2,
        "EPS": 697.3,
        "Non-adjusted EPS": 1715,
        "PE": 2.4,
        "Book Price": 6.4
      }
    },
    {
      "quarter": "Q1 2012",
      "income status": {
        "Net sales": 193873,
        "Cost of goods sold": 167626,
        "Gross Profit": 26247,
        "Financial expenses": 5334,
        "Of which: Interest expense": 5062,
        "Cost of sales": 6647,
        "Enterprise cost management": 8564,
        "Total Operating Expenses": 20545,
        "Total revenue financing activities": 161,
        "Net profit from business activities": 5863,
        "Profit": -3,
        "Profit before tax": 5860,
        "Present corporate income tax expenses": 1465,
        "Deferred income taxes expenses": "N/A",
        "The interests of minority shareholders": "N/A",
        "Total Cost of profits": 1465,
        "Profit after tax corporate income": 4395,
        "Volume": 11500000,
        "Close of Quarter": 4.2,
        "EPS": 696.0,
        "Non-adjusted EPS": 1712,
        "PE": 2.4,
        "Book Price": 6.1
      }
    },
    {
      "quarter": "Q4 2011",
      "income status": {
        "Net sales": 193011,
        "Cost of goods sold": 168453,
        "Gross Profit": 24558,
        "Financial expenses": 9099,
        "Of which: Interest expense": 5671,
        "Cost of sales": 6103,
        "Enterprise cost management": 8832,
        "Total Operating Expenses": 24034,
        "Total revenue financing activities": 183,
        "Net profit from business activities": 706,
        "Profit": 120,
        "Profit before tax": 826,
        "Present corporate income tax expenses": -86,
        "Deferred income taxes expenses": "N/A",
        "The interests of minority shareholders": "N/A",
        "Total Cost of profits": -86,
        "Profit after tax corporate income": 912,
        "Volume": 11500000,
        "Close of Quarter": 3.1,
        "EPS": 641.6,
        "Non-adjusted EPS": 1578,
        "PE": 2.0,
        "Book Price": 6.4
      }
    },
    {
      "quarter": "Q3 2011",
      "income status": {
        "Net sales": 196112,
        "Cost of goods sold": 169551,
        "Gross Profit": 26560,
        "Financial expenses": 4748,
        "Of which: Interest expense": 4478,
        "Cost of sales": 6377,
        "Enterprise cost management": 7567,
        "Total Operating Expenses": 18692,
        "Total revenue financing activities": 653,
        "Net profit from business activities": 8521,
        "Profit": 10,
        "Profit before tax": 8531,
        "Present corporate income tax expenses": 2133,
        "Deferred income taxes expenses": "N/A",
        "The interests of minority shareholders": "N/A",
        "Total Cost of profits": 2133,
        "Profit after tax corporate income": 6398,
        "Volume": 11500000,
        "Close of Quarter": 3.4,
        "EPS": 958.7,
        "Non-adjusted EPS": 2358,
        "PE": 1.4,
        "Book Price": 6.4
      }
    },
    {
      "quarter": "Q2 2011",
      "income status": {
        "Net sales": 226884,
        "Cost of goods sold": 193280,
        "Gross Profit": 33604,
        "Financial expenses": 9497,
        "Of which: Interest expense": 5509,
        "Cost of sales": 7189,
        "Enterprise cost management": 7141,
        "Total Operating Expenses": 23827,
        "Total revenue financing activities": 525,
        "Net profit from business activities": 10302,
        "Profit": 336,
        "Profit before tax": 10638,
        "Present corporate income tax expenses": 2660,
        "Deferred income taxes expenses": "N/A",
        "The interests of minority shareholders": "N/A",
        "Total Cost of profits": 2660,
        "Profit after tax corporate income": 7979,
        "Volume": 11500000,
        "Close of Quarter": 3.4,
        "EPS": 850.1,
        "Non-adjusted EPS": 2091,
        "PE": 1.6,
        "Book Price": 6.1
      }
    },
    {
      "quarter": "Q1 2011",
      "income status": {
        "Net sales": 190818,
        "Cost of goods sold": 169303,
        "Gross Profit": 21515,
        "Financial expenses": 6004,
        "Of which: Interest expense": 5152,
        "Cost of sales": 4748,
        "Enterprise cost management": 7547,
        "Total Operating Expenses": 18299,
        "Total revenue financing activities": 268,
        "Net profit from business activities": 3485,
        "Profit": 325,
        "Profit before tax": 3810,
        "Present corporate income tax expenses": 953,
        "Deferred income taxes expenses": "N/A",
        "The interests of minority shareholders": "N/A",
        "Total Cost of profits": 953,
        "Profit after tax corporate income": 2858,
        "Volume": 11500000,
        "Close of Quarter": 4.1,
        "EPS": 725.3,
        "Non-adjusted EPS": 1784,
        "PE": 2.3,
        "Book Price": 5.9
      }
    }
  ]
}