{
  "ticker": "PVA",
  "data": [
    {
      "quarter": "Q4 2016",
      "income status": {
        "Net sales": 141,
        "Cost of goods sold": 182,
        "Gross Profit": -41,
        "Financial expenses": 15,
        "Of which: Interest expense": "N/A",
        "Cost of sales": "N/A",
        "Enterprise cost management": 3512,
        "Total Operating Expenses": 3527,
        "Total revenue financing activities": 131,
        "Net profit from business activities": -3437,
        "Profit": -2356,
        "Profit before tax": -5793,
        "Present corporate income tax expenses": "N/A",
        "Deferred income taxes expenses": "N/A",
        "The interests of minority shareholders": "N/A",
        "Total Cost of profits": 0,
        "Profit after tax corporate income": -5793,
        "Volume": 21846000,
        "Close of Quarter": 0.8,
        "EPS": 2495,
        "Non-adjusted EPS": 2495,
        "PE": 0.3,
        "Book Price": 2.5
      }
    },
    {
      "quarter": "Q3 2016",
      "income status": {
        "Net sales": 67270,
        "Cost of goods sold": 241,
        "Gross Profit": 67029,
        "Financial expenses": 890,
        "Of which: Interest expense": "N/A",
        "Cost of sales": "N/A",
        "Enterprise cost management": 1846,
        "Total Operating Expenses": 2736,
        "Total revenue financing activities": 545,
        "Net profit from business activities": 64838,
        "Profit": 61,
        "Profit before tax": 64898,
        "Present corporate income tax expenses": "N/A",
        "Deferred income taxes expenses": "N/A",
        "The interests of minority shareholders": "N/A",
        "Total Cost of profits": 0,
        "Profit after tax corporate income": 64898,
        "Volume": 21846000,
        "Close of Quarter": 0.5,
        "EPS": -797,
        "Non-adjusted EPS": -797,
        "PE": -0.6,
        "Book Price": 2.7
      }
    },
    {
      "quarter": "Q2 2016",
      "income status": {
        "Net sales": 512,
        "Cost of goods sold": 407,
        "Gross Profit": 105,
        "Financial expenses": 318,
        "Of which: Interest expense": 318,
        "Cost of sales": "N/A",
        "Enterprise cost management": 5095,
        "Total Operating Expenses": 5413,
        "Total revenue financing activities": "N/A",
        "Net profit from business activities": -5308,
        "Profit": 220,
        "Profit before tax": -5088,
        "Present corporate income tax expenses": "N/A",
        "Deferred income taxes expenses": "N/A",
        "The interests of minority shareholders": "N/A",
        "Total Cost of profits": 0,
        "Profit after tax corporate income": -5088,
        "Volume": 21846000,
        "Close of Quarter": 0.7,
        "EPS": -4681,
        "Non-adjusted EPS": -4681,
        "PE": -0.2,
        "Book Price": -0.2
      }
    },
    {
      "quarter": "Q1 2016",
      "income status": {
        "Net sales": "N/A",
        "Cost of goods sold": "N/A",
        "Gross Profit": "N/A",
        "Financial expenses": "N/A",
        "Of which: Interest expense": "N/A",
        "Cost of sales": "N/A",
        "Enterprise cost management": "N/A",
        "Total Operating Expenses": 0,
        "Total revenue financing activities": 1,
        "Net profit from business activities": 1,
        "Profit": 478,
        "Profit before tax": 479,
        "Present corporate income tax expenses": "N/A",
        "Deferred income taxes expenses": "N/A",
        "The interests of minority shareholders": "N/A",
        "Total Cost of profits": 0,
        "Profit after tax corporate income": 479,
        "Volume": 21846000,
        "Close of Quarter": 1.5,
        "EPS": -4850,
        "Non-adjusted EPS": -4850,
        "PE": -0.3,
        "Book Price": "N/A"
      }
    },
    {
      "quarter": "Q4 2015",
      "income status": {
        "Net sales": 5042,
        "Cost of goods sold": 877,
        "Gross Profit": 4165,
        "Financial expenses": 58229,
        "Of which: Interest expense": "N/A",
        "Cost of sales": "N/A",
        "Enterprise cost management": 22171,
        "Total Operating Expenses": 80400,
        "Total revenue financing activities": -8786,
        "Net profit from business activities": -85020,
        "Profit": 7325,
        "Profit before tax": -77695,
        "Present corporate income tax expenses": "N/A",
        "Deferred income taxes expenses": "N/A",
        "The interests of minority shareholders": "N/A",
        "Total Cost of profits": 0,
        "Profit after tax corporate income": -77695,
        "Volume": 21846000,
        "Close of Quarter": 1.6,
        "EPS": -4838,
        "Non-adjusted EPS": -4838,
        "PE": -0.3,
        "Book Price": 0.2
      }
    },
    {
      "quarter": "Q3 2015",
      "income status": {
        "Net sales": 33902,
        "Cost of goods sold": 28057,
        "Gross Profit": 5844,
        "Financial expenses": 4850,
        "Of which: Interest expense": "N/A",
        "Cost of sales": 715,
        "Enterprise cost management": 22011,
        "Total Operating Expenses": 27576,
        "Total revenue financing activities": -5644,
        "Net profit from business activities": -27375,
        "Profit": 7325,
        "Profit before tax": -20050,
        "Present corporate income tax expenses": "N/A",
        "Deferred income taxes expenses": "N/A",
        "The interests of minority shareholders": -89,
        "Total Cost of profits": -89,
        "Profit after tax corporate income": -19961,
        "Volume": 21846000,
        "Close of Quarter": 1.2,
        "EPS": -1272,
        "Non-adjusted EPS": -1272,
        "PE": -0.9,
        "Book Price": "N/A"
      }
    },
    {
      "quarter": "Q2 2015",
      "income status": {
        "Net sales": 53627,
        "Cost of goods sold": 48338,
        "Gross Profit": 5289,
        "Financial expenses": 8814,
        "Of which: Interest expense": "N/A",
        "Cost of sales": "N/A",
        "Enterprise cost management": 3053,
        "Total Operating Expenses": 11867,
        "Total revenue financing activities": 2052,
        "Net profit from business activities": -4526,
        "Profit": -4255,
        "Profit before tax": -8780,
        "Present corporate income tax expenses": "N/A",
        "Deferred income taxes expenses": "N/A",
        "The interests of minority shareholders": "N/A",
        "Total Cost of profits": 0,
        "Profit after tax corporate income": -8780,
        "Volume": 21846000,
        "Close of Quarter": 1.9,
        "EPS": -628,
        "Non-adjusted EPS": -628,
        "PE": -3.0,
        "Book Price": "N/A"
      }
    },
    {
      "quarter": "Q1 2015",
      "income status": {
        "Net sales": 22509,
        "Cost of goods sold": 20292,
        "Gross Profit": 2217,
        "Financial expenses": 4322,
        "Of which: Interest expense": "N/A",
        "Cost of sales": 485,
        "Enterprise cost management": 7834,
        "Total Operating Expenses": 12641,
        "Total revenue financing activities": 1995,
        "Net profit from business activities": -8429,
        "Profit": 10661,
        "Profit before tax": 2232,
        "Present corporate income tax expenses": 1456,
        "Deferred income taxes expenses": "N/A",
        "The interests of minority shareholders": 22,
        "Total Cost of profits": 1478,
        "Profit after tax corporate income": 754,
        "Volume": 21846000,
        "Close of Quarter": 2.1,
        "EPS": -396,
        "Non-adjusted EPS": -396,
        "PE": -5.3,
        "Book Price": "N/A"
      }
    },
    {
      "quarter": "Q1 2014",
      "income status": {
        "Net sales": 21870,
        "Cost of goods sold": 17855,
        "Gross Profit": 4016,
        "Financial expenses": 9793,
        "Of which: Interest expense": "N/A",
        "Cost of sales": 441,
        "Enterprise cost management": 8070,
        "Total Operating Expenses": 18304,
        "Total revenue financing activities": 3293,
        "Net profit from business activities": -10995,
        "Profit": 14807,
        "Profit before tax": 3812,
        "Present corporate income tax expenses": 3604,
        "Deferred income taxes expenses": 5,
        "The interests of minority shareholders": "N/A",
        "Total Cost of profits": 3609,
        "Profit after tax corporate income": 204,
        "Volume": 21846000,
        "Close of Quarter": 5,
        "EPS": -1176,
        "Non-adjusted EPS": -1176,
        "PE": -4.3,
        "Book Price": 4.3
      }
    },
    {
      "quarter": "Q4 2013",
      "income status": {
        "Net sales": 31946,
        "Cost of goods sold": 26258,
        "Gross Profit": 5688,
        "Financial expenses": 13983,
        "Of which: Interest expense": "N/A",
        "Cost of sales": 493,
        "Enterprise cost management": 10324,
        "Total Operating Expenses": 24800,
        "Total revenue financing activities": 3884,
        "Net profit from business activities": -15228,
        "Profit": 4566,
        "Profit before tax": -10662,
        "Present corporate income tax expenses": 1093,
        "Deferred income taxes expenses": "N/A",
        "The interests of minority shareholders": -5860,
        "Total Cost of profits": -4767,
        "Profit after tax corporate income": -5895,
        "Volume": 21846000,
        "Close of Quarter": 3.4,
        "EPS": -1297,
        "Non-adjusted EPS": -1297,
        "PE": -2.6,
        "Book Price": 6.9
      }
    },
    {
      "quarter": "Q3 2013",
      "income status": {
        "Net sales": 58031,
        "Cost of goods sold": 54884,
        "Gross Profit": 3148,
        "Financial expenses": 3892,
        "Of which: Interest expense": "N/A",
        "Cost of sales": 595,
        "Enterprise cost management": 6847,
        "Total Operating Expenses": 11334,
        "Total revenue financing activities": 3761,
        "Net profit from business activities": -4426,
        "Profit": -299,
        "Profit before tax": -4725,
        "Present corporate income tax expenses": 11,
        "Deferred income taxes expenses": "N/A",
        "The interests of minority shareholders": -1024,
        "Total Cost of profits": -1013,
        "Profit after tax corporate income": -3712,
        "Volume": 21846000,
        "Close of Quarter": 2.7,
        "EPS": -6367,
        "Non-adjusted EPS": -6367,
        "PE": -0.4,
        "Book Price": 5.3
      }
    },
    {
      "quarter": "Q2 2013",
      "income status": {
        "Net sales": 38561,
        "Cost of goods sold": 41161,
        "Gross Profit": -2600,
        "Financial expenses": 12413,
        "Of which: Interest expense": 33569,
        "Cost of sales": 697,
        "Enterprise cost management": 7483,
        "Total Operating Expenses": 20593,
        "Total revenue financing activities": 3960,
        "Net profit from business activities": -19233,
        "Profit": -1367,
        "Profit before tax": -20601,
        "Present corporate income tax expenses": 3428,
        "Deferred income taxes expenses": 315,
        "The interests of minority shareholders": -8054,
        "Total Cost of profits": -4311,
        "Profit after tax corporate income": -16290,
        "Volume": 21846000,
        "Close of Quarter": 4.2,
        "EPS": -6781,
        "Non-adjusted EPS": -6781,
        "PE": -0.6,
        "Book Price": 5.5
      }
    },
    {
      "quarter": "Q1 2013",
      "income status": {
        "Net sales": 63267,
        "Cost of goods sold": 59863,
        "Gross Profit": 3404,
        "Financial expenses": 21155,
        "Of which: Interest expense": "N/A",
        "Cost of sales": 621,
        "Enterprise cost management": 7098,
        "Total Operating Expenses": 28874,
        "Total revenue financing activities": 3885,
        "Net profit from business activities": -21586,
        "Profit": 14450,
        "Profit before tax": -7137,
        "Present corporate income tax expenses": "N/A",
        "Deferred income taxes expenses": "N/A",
        "The interests of minority shareholders": -4708,
        "Total Cost of profits": -4708,
        "Profit after tax corporate income": -2429,
        "Volume": 21846000,
        "Close of Quarter": 4.7,
        "EPS": -6080,
        "Non-adjusted EPS": -6080,
        "PE": -0.8,
        "Book Price": 4.7
      }
    },
    {
      "quarter": "Q4 2012",
      "income status": {
        "Net sales": 15093,
        "Cost of goods sold": 75342,
        "Gross Profit": -60248,
        "Financial expenses": 73941,
        "Of which: Interest expense": "N/A",
        "Cost of sales": 3983,
        "Enterprise cost management": 10428,
        "Total Operating Expenses": 88352,
        "Total revenue financing activities": 12965,
        "Net profit from business activities": -135635,
        "Profit": -4916,
        "Profit before tax": -140551,
        "Present corporate income tax expenses": 273,
        "Deferred income taxes expenses": "N/A",
        "The interests of minority shareholders": -24152,
        "Total Cost of profits": -23879,
        "Profit after tax corporate income": -116672,
        "Volume": 21846000,
        "Close of Quarter": 6.2,
        "EPS": -5810,
        "Non-adjusted EPS": -5810,
        "PE": -1.1,
        "Book Price": 5.5
      }
    },
    {
      "quarter": "Q3 2012",
      "income status": {
        "Net sales": 58691,
        "Cost of goods sold": 59566,
        "Gross Profit": -875,
        "Financial expenses": 8970,
        "Of which: Interest expense": "N/A",
        "Cost of sales": 1472,
        "Enterprise cost management": 6308,
        "Total Operating Expenses": 16750,
        "Total revenue financing activities": 7403,
        "Net profit from business activities": -10222,
        "Profit": -2667,
        "Profit before tax": -12890,
        "Present corporate income tax expenses": 4,
        "Deferred income taxes expenses": -32,
        "The interests of minority shareholders": -109,
        "Total Cost of profits": -137,
        "Profit after tax corporate income": -12753,
        "Volume": 21846000,
        "Close of Quarter": 5,
        "EPS": -350,
        "Non-adjusted EPS": -350,
        "PE": -14.3,
        "Book Price": 10.8
      }
    },
    {
      "quarter": "Q2 2012",
      "income status": {
        "Net sales": 135286,
        "Cost of goods sold": 126528,
        "Gross Profit": 8758,
        "Financial expenses": 7877,
        "Of which: Interest expense": 15222,
        "Cost of sales": 2751,
        "Enterprise cost management": 8253,
        "Total Operating Expenses": 18881,
        "Total revenue financing activities": 8929,
        "Net profit from business activities": -1194,
        "Profit": 372,
        "Profit before tax": -821,
        "Present corporate income tax expenses": 1616,
        "Deferred income taxes expenses": -1624,
        "The interests of minority shareholders": 166,
        "Total Cost of profits": 158,
        "Profit after tax corporate income": -980,
        "Volume": 21846000,
        "Close of Quarter": 8.8,
        "EPS": 283,
        "Non-adjusted EPS": 283,
        "PE": 31.1,
        "Book Price": 11.4
      }
    },
    {
      "quarter": "Q1 2012",
      "income status": {
        "Net sales": 81496,
        "Cost of goods sold": 74572,
        "Gross Profit": 6924,
        "Financial expenses": 7345,
        "Of which: Interest expense": "N/A",
        "Cost of sales": 1277,
        "Enterprise cost management": 5199,
        "Total Operating Expenses": 13821,
        "Total revenue financing activities": 11430,
        "Net profit from business activities": 4534,
        "Profit": -466,
        "Profit before tax": 4068,
        "Present corporate income tax expenses": -366,
        "Deferred income taxes expenses": 956,
        "The interests of minority shareholders": -1,
        "Total Cost of profits": 589,
        "Profit after tax corporate income": 3478,
        "Volume": 21846000,
        "Close of Quarter": 10.6,
        "EPS": 660,
        "Non-adjusted EPS": 660,
        "PE": 16.1,
        "Book Price": 11.8
      }
    },
    {
      "quarter": "Q4 2011",
      "income status": {
        "Net sales": 180368,
        "Cost of goods sold": 164852,
        "Gross Profit": 15516,
        "Financial expenses": 14460,
        "Of which: Interest expense": "N/A",
        "Cost of sales": 898,
        "Enterprise cost management": 15753,
        "Total Operating Expenses": 31111,
        "Total revenue financing activities": 12279,
        "Net profit from business activities": -3317,
        "Profit": 9046,
        "Profit before tax": 5729,
        "Present corporate income tax expenses": 2147,
        "Deferred income taxes expenses": -400,
        "The interests of minority shareholders": 1374,
        "Total Cost of profits": 3121,
        "Profit after tax corporate income": 2608,
        "Volume": 10000000,
        "Close of Quarter": 5.7,
        "EPS": 656.4,
        "Non-adjusted EPS": 1434,
        "PE": 4.0,
        "Book Price": 12.0
      }
    },
    {
      "quarter": "Q3 2011",
      "income status": {
        "Net sales": 98514,
        "Cost of goods sold": 92277,
        "Gross Profit": 6237,
        "Financial expenses": 9619,
        "Of which: Interest expense": "N/A",
        "Cost of sales": 1277,
        "Enterprise cost management": 8845,
        "Total Operating Expenses": 19741,
        "Total revenue financing activities": 11523,
        "Net profit from business activities": -1980,
        "Profit": 3555,
        "Profit before tax": 1575,
        "Present corporate income tax expenses": 1178,
        "Deferred income taxes expenses": -95,
        "The interests of minority shareholders": -588,
        "Total Cost of profits": 495,
        "Profit after tax corporate income": 1080,
        "Volume": 10000000,
        "Close of Quarter": 13.4,
        "EPS": 770.9,
        "Non-adjusted EPS": 1684,
        "PE": 8.0,
        "Book Price": 6.3
      }
    },
    {
      "quarter": "Q2 2011",
      "income status": {
        "Net sales": 193345,
        "Cost of goods sold": 172427,
        "Gross Profit": 20918,
        "Financial expenses": 12697,
        "Of which: Interest expense": "N/A",
        "Cost of sales": 648,
        "Enterprise cost management": 9300,
        "Total Operating Expenses": 22645,
        "Total revenue financing activities": 12149,
        "Net profit from business activities": 10422,
        "Profit": 40,
        "Profit before tax": 10462,
        "Present corporate income tax expenses": 2043,
        "Deferred income taxes expenses": 797,
        "The interests of minority shareholders": 369,
        "Total Cost of profits": 3209,
        "Profit after tax corporate income": 7253,
        "Volume": 10000000,
        "Close of Quarter": 14.9,
        "EPS": 2770.3,
        "Non-adjusted EPS": 6052,
        "PE": 2.5,
        "Book Price": 6.6
      }
    },
    {
      "quarter": "Q1 2011",
      "income status": {
        "Net sales": 109635,
        "Cost of goods sold": 102583,
        "Gross Profit": 7052,
        "Financial expenses": 6638,
        "Of which: Interest expense": "N/A",
        "Cost of sales": 447,
        "Enterprise cost management": 12339,
        "Total Operating Expenses": 19424,
        "Total revenue financing activities": 12687,
        "Net profit from business activities": 315,
        "Profit": 5584,
        "Profit before tax": 5899,
        "Present corporate income tax expenses": 3046,
        "Deferred income taxes expenses": -1286,
        "The interests of minority shareholders": 742,
        "Total Cost of profits": 2502,
        "Profit after tax corporate income": 3397,
        "Volume": 10000000,
        "Close of Quarter": 23.4,
        "EPS": 2489.7,
        "Non-adjusted EPS": 5439,
        "PE": 4.3,
        "Book Price": 8.0
      }
    }
  ]
}