{
  "ticker": "HDC",
  "data": [
    {
      "quarter": "Q4 2016",
      "income status": {
        "Net sales": 190450,
        "Cost of goods sold": 134005,
        "Gross Profit": 56444,
        "Financial expenses": 2272,
        "Of which: Interest expense": 2772,
        "Cost of sales": 2452,
        "Enterprise cost management": 9589,
        "Total Operating Expenses": 14313,
        "Total revenue financing activities": 432,
        "Net profit from business activities": 42841,
        "Profit": -1551,
        "Profit before tax": 41290,
        "Present corporate income tax expenses": 4815,
        "Deferred income taxes expenses": "N/A",
        "The interests of minority shareholders": 70,
        "Total Cost of profits": 4885,
        "Profit after tax corporate income": 36405,
        "Volume": 41112710,
        "Close of Quarter": 10.1,
        "EPS": 1296.0,
        "Non-adjusted EPS": 1421,
        "PE": 7.1,
        "Book Price": 14.8
      }
    },
    {
      "quarter": "Q3 2016",
      "income status": {
        "Net sales": 98048,
        "Cost of goods sold": 81584,
        "Gross Profit": 16464,
        "Financial expenses": 2342,
        "Of which: Interest expense": 1919,
        "Cost of sales": 943,
        "Enterprise cost management": 5899,
        "Total Operating Expenses": 9184,
        "Total revenue financing activities": 1622,
        "Net profit from business activities": 8517,
        "Profit": -44,
        "Profit before tax": 8473,
        "Present corporate income tax expenses": 1162,
        "Deferred income taxes expenses": "N/A",
        "The interests of minority shareholders": "N/A",
        "Total Cost of profits": 1162,
        "Profit after tax corporate income": 7311,
        "Volume": 41112710,
        "Close of Quarter": 11.3,
        "EPS": 1142.8,
        "Non-adjusted EPS": 1253,
        "PE": 9.0,
        "Book Price": 14.1
      }
    },
    {
      "quarter": "Q2 2016",
      "income status": {
        "Net sales": 64807,
        "Cost of goods sold": 44844,
        "Gross Profit": 19964,
        "Financial expenses": 1696,
        "Of which: Interest expense": 2120,
        "Cost of sales": 972,
        "Enterprise cost management": 4294,
        "Total Operating Expenses": 6962,
        "Total revenue financing activities": 34,
        "Net profit from business activities": 13247,
        "Profit": -63,
        "Profit before tax": 13184,
        "Present corporate income tax expenses": 1237,
        "Deferred income taxes expenses": "N/A",
        "The interests of minority shareholders": 438,
        "Total Cost of profits": 1675,
        "Profit after tax corporate income": 11509,
        "Volume": 41112710,
        "Close of Quarter": 11.6,
        "EPS": 1139.1,
        "Non-adjusted EPS": 1249,
        "PE": 9.3,
        "Book Price": 14.3
      }
    },
    {
      "quarter": "Q1 2016",
      "income status": {
        "Net sales": 125556,
        "Cost of goods sold": 112094,
        "Gross Profit": 13463,
        "Financial expenses": 1847,
        "Of which: Interest expense": 2193,
        "Cost of sales": 1019,
        "Enterprise cost management": 7436,
        "Total Operating Expenses": 10302,
        "Total revenue financing activities": 1138,
        "Net profit from business activities": 4299,
        "Profit": -55,
        "Profit before tax": 4243,
        "Present corporate income tax expenses": 559,
        "Deferred income taxes expenses": "N/A",
        "The interests of minority shareholders": 507,
        "Total Cost of profits": 1066,
        "Profit after tax corporate income": 3177,
        "Volume": 41112710,
        "Close of Quarter": 11.2,
        "EPS": 1150.1,
        "Non-adjusted EPS": 1261,
        "PE": 8.9,
        "Book Price": 14.1
      }
    },
    {
      "quarter": "Q4 2015",
      "income status": {
        "Net sales": 168563,
        "Cost of goods sold": 122541,
        "Gross Profit": 46022,
        "Financial expenses": 2007,
        "Of which: Interest expense": 2354,
        "Cost of sales": 868,
        "Enterprise cost management": 9104,
        "Total Operating Expenses": 11979,
        "Total revenue financing activities": -18,
        "Net profit from business activities": 34219,
        "Profit": 1156,
        "Profit before tax": 35376,
        "Present corporate income tax expenses": 5831,
        "Deferred income taxes expenses": 35,
        "The interests of minority shareholders": "N/A",
        "Total Cost of profits": 5866,
        "Profit after tax corporate income": 29510,
        "Volume": 41112710,
        "Close of Quarter": 11.8,
        "EPS": 1081.7,
        "Non-adjusted EPS": 1186,
        "PE": 10.0,
        "Book Price": 14.1
      }
    },
    {
      "quarter": "Q3 2015",
      "income status": {
        "Net sales": 90478,
        "Cost of goods sold": 72642,
        "Gross Profit": 17836,
        "Financial expenses": 2775,
        "Of which: Interest expense": 2081,
        "Cost of sales": 429,
        "Enterprise cost management": 5745,
        "Total Operating Expenses": 8949,
        "Total revenue financing activities": 757,
        "Net profit from business activities": 9731,
        "Profit": -365,
        "Profit before tax": 9366,
        "Present corporate income tax expenses": 1927,
        "Deferred income taxes expenses": 35,
        "The interests of minority shareholders": 234,
        "Total Cost of profits": 2196,
        "Profit after tax corporate income": 7170,
        "Volume": 41112710,
        "Close of Quarter": 10.7,
        "EPS": 541.7,
        "Non-adjusted EPS": 594,
        "PE": 18.0,
        "Book Price": 13.4
      }
    },
    {
      "quarter": "Q2 2015",
      "income status": {
        "Net sales": 71231,
        "Cost of goods sold": 54378,
        "Gross Profit": 16853,
        "Financial expenses": 3730,
        "Of which: Interest expense": 4538,
        "Cost of sales": 848,
        "Enterprise cost management": 6081,
        "Total Operating Expenses": 10659,
        "Total revenue financing activities": 865,
        "Net profit from business activities": 6697,
        "Profit": -290,
        "Profit before tax": 6407,
        "Present corporate income tax expenses": 1792,
        "Deferred income taxes expenses": 35,
        "The interests of minority shareholders": -7386,
        "Total Cost of profits": -5559,
        "Profit after tax corporate income": 11966,
        "Volume": 41112710,
        "Close of Quarter": 11.2,
        "EPS": 517.1,
        "Non-adjusted EPS": 567,
        "PE": 19.7,
        "Book Price": 13.2
      }
    },
    {
      "quarter": "Q1 2015",
      "income status": {
        "Net sales": 93279,
        "Cost of goods sold": 73595,
        "Gross Profit": 19684,
        "Financial expenses": 4113,
        "Of which: Interest expense": 4401,
        "Cost of sales": 84,
        "Enterprise cost management": 7006,
        "Total Operating Expenses": 11203,
        "Total revenue financing activities": 1498,
        "Net profit from business activities": 10020,
        "Profit": -1070,
        "Profit before tax": 8950,
        "Present corporate income tax expenses": 1749,
        "Deferred income taxes expenses": 35,
        "The interests of minority shareholders": 7035,
        "Total Cost of profits": 8819,
        "Profit after tax corporate income": 131,
        "Volume": 41112710,
        "Close of Quarter": 11.8,
        "EPS": 402.2,
        "Non-adjusted EPS": 441,
        "PE": 26.8,
        "Book Price": 13.7
      }
    },
    {
      "quarter": "Q4 2014",
      "income status": {
        "Net sales": 113273,
        "Cost of goods sold": 95260,
        "Gross Profit": 18013,
        "Financial expenses": 2142,
        "Of which: Interest expense": 2221,
        "Cost of sales": "N/A",
        "Enterprise cost management": 8311,
        "Total Operating Expenses": 10453,
        "Total revenue financing activities": 228,
        "Net profit from business activities": 7858,
        "Profit": -968,
        "Profit before tax": 6890,
        "Present corporate income tax expenses": 1239,
        "Deferred income taxes expenses": 46,
        "The interests of minority shareholders": 460,
        "Total Cost of profits": 1745,
        "Profit after tax corporate income": 5145,
        "Volume": 27409252,
        "Close of Quarter": 12.1,
        "EPS": 541.8,
        "Non-adjusted EPS": 891,
        "PE": 13.6,
        "Book Price": 13.6
      }
    },
    {
      "quarter": "Q3 2014",
      "income status": {
        "Net sales": 92216,
        "Cost of goods sold": 75649,
        "Gross Profit": 16568,
        "Financial expenses": 2835,
        "Of which: Interest expense": 2506,
        "Cost of sales": 14,
        "Enterprise cost management": 6290,
        "Total Operating Expenses": 9139,
        "Total revenue financing activities": 790,
        "Net profit from business activities": 8372,
        "Profit": -111,
        "Profit before tax": 8261,
        "Present corporate income tax expenses": 1647,
        "Deferred income taxes expenses": 46,
        "The interests of minority shareholders": 517,
        "Total Cost of profits": 2210,
        "Profit after tax corporate income": 6051,
        "Volume": 26909252,
        "Close of Quarter": 12.3,
        "EPS": 734.8,
        "Non-adjusted EPS": 1231,
        "PE": 10.0,
        "Book Price": 13.2
      }
    },
    {
      "quarter": "Q2 2014",
      "income status": {
        "Net sales": 93764,
        "Cost of goods sold": 76807,
        "Gross Profit": 16957,
        "Financial expenses": 1906,
        "Of which: Interest expense": 1602,
        "Cost of sales": 59,
        "Enterprise cost management": 6282,
        "Total Operating Expenses": 8247,
        "Total revenue financing activities": 647,
        "Net profit from business activities": 9043,
        "Profit": -109,
        "Profit before tax": 8934,
        "Present corporate income tax expenses": 1670,
        "Deferred income taxes expenses": 109,
        "The interests of minority shareholders": 361,
        "Total Cost of profits": 2140,
        "Profit after tax corporate income": 6794,
        "Volume": 26909252,
        "Close of Quarter": 12.3,
        "EPS": 657.8,
        "Non-adjusted EPS": 1102,
        "PE": 11.1,
        "Book Price": 13.1
      }
    },
    {
      "quarter": "Q1 2014",
      "income status": {
        "Net sales": 91214,
        "Cost of goods sold": 75401,
        "Gross Profit": 15813,
        "Financial expenses": 2081,
        "Of which: Interest expense": 2922,
        "Cost of sales": 157,
        "Enterprise cost management": 6283,
        "Total Operating Expenses": 8521,
        "Total revenue financing activities": 142,
        "Net profit from business activities": 7478,
        "Profit": 304,
        "Profit before tax": 7781,
        "Present corporate income tax expenses": 1604,
        "Deferred income taxes expenses": 46,
        "The interests of minority shareholders": -287,
        "Total Cost of profits": 1363,
        "Profit after tax corporate income": 6418,
        "Volume": 26909252,
        "Close of Quarter": 14.2,
        "EPS": 585.6,
        "Non-adjusted EPS": 981,
        "PE": 14.5,
        "Book Price": 12.9
      }
    },
    {
      "quarter": "Q4 2013",
      "income status": {
        "Net sales": 127347,
        "Cost of goods sold": 100181,
        "Gross Profit": 27166,
        "Financial expenses": 3611,
        "Of which: Interest expense": 3764,
        "Cost of sales": 192,
        "Enterprise cost management": 7390,
        "Total Operating Expenses": 11193,
        "Total revenue financing activities": 803,
        "Net profit from business activities": 16776,
        "Profit": 1002,
        "Profit before tax": 17837,
        "Present corporate income tax expenses": 2558,
        "Deferred income taxes expenses": 708,
        "The interests of minority shareholders": 708,
        "Total Cost of profits": 3974,
        "Profit after tax corporate income": 13863,
        "Volume": 26909252,
        "Close of Quarter": 9.7,
        "EPS": 584.4,
        "Non-adjusted EPS": 979,
        "PE": 9.9,
        "Book Price": 12.5
      }
    },
    {
      "quarter": "Q3 2013",
      "income status": {
        "Net sales": 42435,
        "Cost of goods sold": 31472,
        "Gross Profit": 10963,
        "Financial expenses": 2882,
        "Of which: Interest expense": 2844,
        "Cost of sales": 111,
        "Enterprise cost management": 4669,
        "Total Operating Expenses": 7662,
        "Total revenue financing activities": 84,
        "Net profit from business activities": 3385,
        "Profit": -111,
        "Profit before tax": 3355,
        "Present corporate income tax expenses": 775,
        "Deferred income taxes expenses": 29,
        "The interests of minority shareholders": -17,
        "Total Cost of profits": 787,
        "Profit after tax corporate income": 2568,
        "Volume": 26909252,
        "Close of Quarter": 6.5,
        "EPS": 676.3,
        "Non-adjusted EPS": 1133,
        "PE": 5.8,
        "Book Price": 12.7
      }
    },
    {
      "quarter": "Q2 2013",
      "income status": {
        "Net sales": 60468,
        "Cost of goods sold": 49037,
        "Gross Profit": 11431,
        "Financial expenses": 265,
        "Of which: Interest expense": 150,
        "Cost of sales": 173,
        "Enterprise cost management": 6233,
        "Total Operating Expenses": 6671,
        "Total revenue financing activities": 373,
        "Net profit from business activities": 5133,
        "Profit": -26,
        "Profit before tax": 4600,
        "Present corporate income tax expenses": 1238,
        "Deferred income taxes expenses": 31,
        "The interests of minority shareholders": -225,
        "Total Cost of profits": 1044,
        "Profit after tax corporate income": 3556,
        "Volume": 26909252,
        "Close of Quarter": 7.5,
        "EPS": 729.5,
        "Non-adjusted EPS": 1222,
        "PE": 6.2,
        "Book Price": 12.7
      }
    },
    {
      "quarter": "Q1 2013",
      "income status": {
        "Net sales": 42929,
        "Cost of goods sold": 21714,
        "Gross Profit": 21214,
        "Financial expenses": 7555,
        "Of which: Interest expense": 7479,
        "Cost of sales": 111,
        "Enterprise cost management": 5862,
        "Total Operating Expenses": 13528,
        "Total revenue financing activities": 191,
        "Net profit from business activities": 7877,
        "Profit": 224,
        "Profit before tax": 8253,
        "Present corporate income tax expenses": 1966,
        "Deferred income taxes expenses": 221,
        "The interests of minority shareholders": -286,
        "Total Cost of profits": 1901,
        "Profit after tax corporate income": 6352,
        "Volume": 26909252,
        "Close of Quarter": 7.7,
        "EPS": 889.4,
        "Non-adjusted EPS": 1490,
        "PE": 5.1,
        "Book Price": 12.7
      }
    },
    {
      "quarter": "Q4 2012",
      "income status": {
        "Net sales": 90707,
        "Cost of goods sold": 49784,
        "Gross Profit": 40923,
        "Financial expenses": 10931,
        "Of which: Interest expense": 10900,
        "Cost of sales": 186,
        "Enterprise cost management": 7117,
        "Total Operating Expenses": 18234,
        "Total revenue financing activities": 2196,
        "Net profit from business activities": 24885,
        "Profit": -179,
        "Profit before tax": 25017,
        "Present corporate income tax expenses": 5242,
        "Deferred income taxes expenses": 168,
        "The interests of minority shareholders": 1607,
        "Total Cost of profits": 7017,
        "Profit after tax corporate income": 18000,
        "Volume": 26909252,
        "Close of Quarter": 7.4,
        "EPS": 907.4,
        "Non-adjusted EPS": 1520,
        "PE": 4.9,
        "Book Price": 12.5
      }
    },
    {
      "quarter": "Q3 2012",
      "income status": {
        "Net sales": 76554,
        "Cost of goods sold": 59827,
        "Gross Profit": 16727,
        "Financial expenses": 4369,
        "Of which: Interest expense": 1876,
        "Cost of sales": 182,
        "Enterprise cost management": 5265,
        "Total Operating Expenses": 9816,
        "Total revenue financing activities": 1590,
        "Net profit from business activities": 8501,
        "Profit": -2364,
        "Profit before tax": 6309,
        "Present corporate income tax expenses": 1581,
        "Deferred income taxes expenses": -3,
        "The interests of minority shareholders": -237,
        "Total Cost of profits": 1341,
        "Profit after tax corporate income": 4969,
        "Volume": 26909252,
        "Close of Quarter": 7.9,
        "EPS": 1133,
        "Non-adjusted EPS": 1898,
        "PE": 4.2,
        "Book Price": 12.1
      }
    },
    {
      "quarter": "Q2 2012",
      "income status": {
        "Net sales": 55857,
        "Cost of goods sold": 31261,
        "Gross Profit": 24596,
        "Financial expenses": 2438,
        "Of which: Interest expense": 3129,
        "Cost of sales": 148,
        "Enterprise cost management": 9485,
        "Total Operating Expenses": 12071,
        "Total revenue financing activities": 1583,
        "Net profit from business activities": 14107,
        "Profit": 2045,
        "Profit before tax": 14978,
        "Present corporate income tax expenses": 4041,
        "Deferred income taxes expenses": 104,
        "The interests of minority shareholders": 47,
        "Total Cost of profits": 4192,
        "Profit after tax corporate income": 10785,
        "Volume": 23399413,
        "Close of Quarter": 8.5,
        "EPS": 1183.5,
        "Non-adjusted EPS": 2280,
        "PE": 3.7,
        "Book Price": 12.1
      }
    },
    {
      "quarter": "Q1 2012",
      "income status": {
        "Net sales": 56595,
        "Cost of goods sold": 40433,
        "Gross Profit": 16162,
        "Financial expenses": 2277,
        "Of which: Interest expense": 2277,
        "Cost of sales": 71,
        "Enterprise cost management": 6636,
        "Total Operating Expenses": 8984,
        "Total revenue financing activities": 1072,
        "Net profit from business activities": 8250,
        "Profit": -20,
        "Profit before tax": 8457,
        "Present corporate income tax expenses": 1721,
        "Deferred income taxes expenses": "N/A",
        "The interests of minority shareholders": -410,
        "Total Cost of profits": 1311,
        "Profit after tax corporate income": 7146,
        "Volume": 23399413,
        "Close of Quarter": 8.0,
        "EPS": 1932.5,
        "Non-adjusted EPS": 3723,
        "PE": 2.1,
        "Book Price": 12.4
      }
    },
    {
      "quarter": "Q4 2011",
      "income status": {
        "Net sales": 113938,
        "Cost of goods sold": 74878,
        "Gross Profit": 39060,
        "Financial expenses": 3018,
        "Of which: Interest expense": 1629,
        "Cost of sales": 149,
        "Enterprise cost management": 6202,
        "Total Operating Expenses": 9369,
        "Total revenue financing activities": 1227,
        "Net profit from business activities": 30918,
        "Profit": 1414,
        "Profit before tax": 32671,
        "Present corporate income tax expenses": 3093,
        "Deferred income taxes expenses": 574,
        "The interests of minority shareholders": 828,
        "Total Cost of profits": 4495,
        "Profit after tax corporate income": 28177,
        "Volume": 23399413,
        "Close of Quarter": 7.4,
        "EPS": 2428.3,
        "Non-adjusted EPS": 4678,
        "PE": 1.6,
        "Book Price": 12.4
      }
    },
    {
      "quarter": "Q3 2011",
      "income status": {
        "Net sales": 93183,
        "Cost of goods sold": 75269,
        "Gross Profit": 17914,
        "Financial expenses": 2571,
        "Of which: Interest expense": 2571,
        "Cost of sales": 187,
        "Enterprise cost management": 6833,
        "Total Operating Expenses": 9591,
        "Total revenue financing activities": 1540,
        "Net profit from business activities": 9862,
        "Profit": 95,
        "Profit before tax": 9957,
        "Present corporate income tax expenses": 2484,
        "Deferred income taxes expenses": "N/A",
        "The interests of minority shareholders": 220,
        "Total Cost of profits": 2704,
        "Profit after tax corporate income": 7254,
        "Volume": 23399413,
        "Close of Quarter": 8.1,
        "EPS": 2482.8,
        "Non-adjusted EPS": 4783,
        "PE": 1.7,
        "Book Price": 11.8
      }
    },
    {
      "quarter": "Q2 2011",
      "income status": {
        "Net sales": 195036,
        "Cost of goods sold": 132010,
        "Gross Profit": 63026,
        "Financial expenses": 7895,
        "Of which: Interest expense": 4217,
        "Cost of sales": 367,
        "Enterprise cost management": 12005,
        "Total Operating Expenses": 20267,
        "Total revenue financing activities": 4015,
        "Net profit from business activities": 46774,
        "Profit": 2634,
        "Profit before tax": 50313,
        "Present corporate income tax expenses": 7718,
        "Deferred income taxes expenses": -2453,
        "The interests of minority shareholders": 511,
        "Total Cost of profits": 5776,
        "Profit after tax corporate income": 44536,
        "Volume": 23399413,
        "Close of Quarter": 8.8,
        "EPS": 2700.3,
        "Non-adjusted EPS": 5202,
        "PE": 1.7,
        "Book Price": 11.6
      }
    },
    {
      "quarter": "Q1 2011",
      "income status": {
        "Net sales": 102762,
        "Cost of goods sold": 72815,
        "Gross Profit": 29947,
        "Financial expenses": 2485,
        "Of which: Interest expense": 1649,
        "Cost of sales": 205,
        "Enterprise cost management": 5813,
        "Total Operating Expenses": 8503,
        "Total revenue financing activities": 2097,
        "Net profit from business activities": 23541,
        "Profit": 12766,
        "Profit before tax": 36308,
        "Present corporate income tax expenses": 6670,
        "Deferred income taxes expenses": "N/A",
        "The interests of minority shareholders": 147,
        "Total Cost of profits": 6817,
        "Profit after tax corporate income": 29491,
        "Volume": 19499511,
        "Close of Quarter": 10.3,
        "EPS": 2324.2,
        "Non-adjusted EPS": 5373,
        "PE": 1.9,
        "Book Price": 11.3
      }
    }
  ]
}