{
  "ticker": "HRC",
  "data": [
    {
      "quarter": "Q4 2016",
      "income status": {
        "Net sales": 39120,
        "Cost of goods sold": 37203,
        "Gross Profit": 1917,
        "Financial expenses": 532,
        "Of which: Interest expense": 423,
        "Cost of sales": 980,
        "Enterprise cost management": -156,
        "Total Operating Expenses": 1356,
        "Total revenue financing activities": 72,
        "Net profit from business activities": 633,
        "Profit": 1414,
        "Profit before tax": 2047,
        "Present corporate income tax expenses": 304,
        "Deferred income taxes expenses": "N/A",
        "The interests of minority shareholders": "N/A",
        "Total Cost of profits": 304,
        "Profit after tax corporate income": 1743,
        "Volume": 30206616,
        "Close of Quarter": 38.7,
        "EPS": 309,
        "Non-adjusted EPS": 309,
        "PE": 125.2,
        "Book Price": 17.7
      }
    },
    {
      "quarter": "Q3 2016",
      "income status": {
        "Net sales": 31422,
        "Cost of goods sold": 24381,
        "Gross Profit": 7041,
        "Financial expenses": 417,
        "Of which: Interest expense": 402,
        "Cost of sales": 742,
        "Enterprise cost management": 5939,
        "Total Operating Expenses": 7098,
        "Total revenue financing activities": 37,
        "Net profit from business activities": -20,
        "Profit": 3686,
        "Profit before tax": 3665,
        "Present corporate income tax expenses": 705,
        "Deferred income taxes expenses": "N/A",
        "The interests of minority shareholders": "N/A",
        "Total Cost of profits": 705,
        "Profit after tax corporate income": 2960,
        "Volume": 30206616,
        "Close of Quarter": 36,
        "EPS": 304,
        "Non-adjusted EPS": 304,
        "PE": 118.4,
        "Book Price": 17.6
      }
    },
    {
      "quarter": "Q2 2016",
      "income status": {
        "Net sales": 1113,
        "Cost of goods sold": 551,
        "Gross Profit": 562,
        "Financial expenses": 272,
        "Of which: Interest expense": 257,
        "Cost of sales": 148,
        "Enterprise cost management": 346,
        "Total Operating Expenses": 766,
        "Total revenue financing activities": 240,
        "Net profit from business activities": 36,
        "Profit": 2021,
        "Profit before tax": 2057,
        "Present corporate income tax expenses": 368,
        "Deferred income taxes expenses": "N/A",
        "The interests of minority shareholders": "N/A",
        "Total Cost of profits": 368,
        "Profit after tax corporate income": 1689,
        "Volume": 24165360,
        "Close of Quarter": 30.2,
        "EPS": 261.6,
        "Non-adjusted EPS": 327,
        "PE": 92.5,
        "Book Price": 17.5
      }
    },
    {
      "quarter": "Q1 2016",
      "income status": {
        "Net sales": 13776,
        "Cost of goods sold": 12150,
        "Gross Profit": 1626,
        "Financial expenses": 332,
        "Of which: Interest expense": 307,
        "Cost of sales": 360,
        "Enterprise cost management": 1103,
        "Total Operating Expenses": 1795,
        "Total revenue financing activities": 53,
        "Net profit from business activities": -116,
        "Profit": 3760,
        "Profit before tax": 3645,
        "Present corporate income tax expenses": 715,
        "Deferred income taxes expenses": "N/A",
        "The interests of minority shareholders": "N/A",
        "Total Cost of profits": 715,
        "Profit after tax corporate income": 2929,
        "Volume": 24165360,
        "Close of Quarter": 30,
        "EPS": 388.8,
        "Non-adjusted EPS": 486,
        "PE": 61.7,
        "Book Price": 17.6
      }
    },
    {
      "quarter": "Q4 2015",
      "income status": {
        "Net sales": 36275,
        "Cost of goods sold": 30332,
        "Gross Profit": 5944,
        "Financial expenses": 745,
        "Of which: Interest expense": 538,
        "Cost of sales": 1382,
        "Enterprise cost management": 1565,
        "Total Operating Expenses": 3692,
        "Total revenue financing activities": 440,
        "Net profit from business activities": 2691,
        "Profit": -936,
        "Profit before tax": 1756,
        "Present corporate income tax expenses": 137,
        "Deferred income taxes expenses": "N/A",
        "The interests of minority shareholders": "N/A",
        "Total Cost of profits": 137,
        "Profit after tax corporate income": 1619,
        "Volume": 24165360,
        "Close of Quarter": 29.8,
        "EPS": 1009.6,
        "Non-adjusted EPS": 1262,
        "PE": 23.6,
        "Book Price": 17.5
      }
    },
    {
      "quarter": "Q3 2015",
      "income status": {
        "Net sales": 23740,
        "Cost of goods sold": 21970,
        "Gross Profit": 1770,
        "Financial expenses": 599,
        "Of which: Interest expense": 599,
        "Cost of sales": 786,
        "Enterprise cost management": 597,
        "Total Operating Expenses": 1982,
        "Total revenue financing activities": 6,
        "Net profit from business activities": -206,
        "Profit": 2390,
        "Profit before tax": 2184,
        "Present corporate income tax expenses": 517,
        "Deferred income taxes expenses": "N/A",
        "The interests of minority shareholders": "N/A",
        "Total Cost of profits": 517,
        "Profit after tax corporate income": 1667,
        "Volume": 24165360,
        "Close of Quarter": 35.2,
        "EPS": 1605.6,
        "Non-adjusted EPS": 2007,
        "PE": 17.5,
        "Book Price": 17.5
      }
    },
    {
      "quarter": "Q2 2015",
      "income status": {
        "Net sales": 7557,
        "Cost of goods sold": 6746,
        "Gross Profit": 811,
        "Financial expenses": 436,
        "Of which: Interest expense": 431,
        "Cost of sales": 484,
        "Enterprise cost management": 224,
        "Total Operating Expenses": 1144,
        "Total revenue financing activities": 211,
        "Net profit from business activities": -122,
        "Profit": 7184,
        "Profit before tax": 7062,
        "Present corporate income tax expenses": 1522,
        "Deferred income taxes expenses": "N/A",
        "The interests of minority shareholders": "N/A",
        "Total Cost of profits": 1522,
        "Profit after tax corporate income": 5540,
        "Volume": 17260970,
        "Close of Quarter": 26.9,
        "EPS": 1755.4,
        "Non-adjusted EPS": 3072,
        "PE": 8.7,
        "Book Price": 17.5
      }
    },
    {
      "quarter": "Q1 2015",
      "income status": {
        "Net sales": 26900,
        "Cost of goods sold": 25498,
        "Gross Profit": 1402,
        "Financial expenses": 381,
        "Of which: Interest expense": 372,
        "Cost of sales": 664,
        "Enterprise cost management": 658,
        "Total Operating Expenses": 1703,
        "Total revenue financing activities": 16,
        "Net profit from business activities": -285,
        "Profit": 28090,
        "Profit before tax": 27805,
        "Present corporate income tax expenses": 6127,
        "Deferred income taxes expenses": "N/A",
        "The interests of minority shareholders": "N/A",
        "Total Cost of profits": 6127,
        "Profit after tax corporate income": 21678,
        "Volume": 17260970,
        "Close of Quarter": 26.8,
        "EPS": 1924.0,
        "Non-adjusted EPS": 3367,
        "PE": 8.0,
        "Book Price": 17.4
      }
    },
    {
      "quarter": "Q4 2014",
      "income status": {
        "Net sales": 39523,
        "Cost of goods sold": 37482,
        "Gross Profit": 2041,
        "Financial expenses": 728,
        "Of which: Interest expense": 637,
        "Cost of sales": 867,
        "Enterprise cost management": 984,
        "Total Operating Expenses": 2579,
        "Total revenue financing activities": 207,
        "Net profit from business activities": -331,
        "Profit": 25512,
        "Profit before tax": 25181,
        "Present corporate income tax expenses": 5568,
        "Deferred income taxes expenses": "N/A",
        "The interests of minority shareholders": "N/A",
        "Total Cost of profits": 5568,
        "Profit after tax corporate income": 19613,
        "Volume": 17260970,
        "Close of Quarter": 24.9,
        "EPS": 1859.4,
        "Non-adjusted EPS": 3254,
        "PE": 7.7,
        "Book Price": 16.7
      }
    },
    {
      "quarter": "Q3 2014",
      "income status": {
        "Net sales": 33106,
        "Cost of goods sold": 31109,
        "Gross Profit": 1996,
        "Financial expenses": 164,
        "Of which: Interest expense": 223,
        "Cost of sales": 938,
        "Enterprise cost management": 1104,
        "Total Operating Expenses": 2206,
        "Total revenue financing activities": 295,
        "Net profit from business activities": 86,
        "Profit": 7868,
        "Profit before tax": 7954,
        "Present corporate income tax expenses": 1761,
        "Deferred income taxes expenses": "N/A",
        "The interests of minority shareholders": "N/A",
        "Total Cost of profits": 1761,
        "Profit after tax corporate income": 6193,
        "Volume": 17260970,
        "Close of Quarter": 22.3,
        "EPS": 1768,
        "Non-adjusted EPS": 3094,
        "PE": 7.2,
        "Book Price": 16.3
      }
    },
    {
      "quarter": "Q2 2014",
      "income status": {
        "Net sales": 42880,
        "Cost of goods sold": 41175,
        "Gross Profit": 1705,
        "Financial expenses": 1724,
        "Of which: Interest expense": 1434,
        "Cost of sales": 1200,
        "Enterprise cost management": 398,
        "Total Operating Expenses": 3322,
        "Total revenue financing activities": 927,
        "Net profit from business activities": -690,
        "Profit": 14245,
        "Profit before tax": 13555,
        "Present corporate income tax expenses": 2918,
        "Deferred income taxes expenses": "N/A",
        "The interests of minority shareholders": "N/A",
        "Total Cost of profits": 2918,
        "Profit after tax corporate income": 10637,
        "Volume": 17260970,
        "Close of Quarter": 23.6,
        "EPS": 2320.6,
        "Non-adjusted EPS": 4061,
        "PE": 5.8,
        "Book Price": 16.1
      }
    },
    {
      "quarter": "Q1 2014",
      "income status": {
        "Net sales": 45885,
        "Cost of goods sold": 44568,
        "Gross Profit": 1317,
        "Financial expenses": 670,
        "Of which: Interest expense": 728,
        "Cost of sales": 534,
        "Enterprise cost management": 775,
        "Total Operating Expenses": 1979,
        "Total revenue financing activities": 861,
        "Net profit from business activities": 200,
        "Profit": 25097,
        "Profit before tax": 25297,
        "Present corporate income tax expenses": 5576,
        "Deferred income taxes expenses": "N/A",
        "The interests of minority shareholders": "N/A",
        "Total Cost of profits": 5576,
        "Profit after tax corporate income": 19721,
        "Volume": 17260970,
        "Close of Quarter": 25.1,
        "EPS": 2765.7,
        "Non-adjusted EPS": 4840,
        "PE": 5.2,
        "Book Price": 16.6
      }
    },
    {
      "quarter": "Q4 2013",
      "income status": {
        "Net sales": 85815,
        "Cost of goods sold": 85198,
        "Gross Profit": 617,
        "Financial expenses": -122,
        "Of which: Interest expense": 356,
        "Cost of sales": 2078,
        "Enterprise cost management": -899,
        "Total Operating Expenses": 1057,
        "Total revenue financing activities": 642,
        "Net profit from business activities": 202,
        "Profit": 21055,
        "Profit before tax": 21257,
        "Present corporate income tax expenses": 4409,
        "Deferred income taxes expenses": "N/A",
        "The interests of minority shareholders": "N/A",
        "Total Cost of profits": 4409,
        "Profit after tax corporate income": 16848,
        "Volume": 17260970,
        "Close of Quarter": 25.9,
        "EPS": 2153.7,
        "Non-adjusted EPS": 3769,
        "PE": 6.9,
        "Book Price": 16.7
      }
    },
    {
      "quarter": "Q3 2013",
      "income status": {
        "Net sales": 129001,
        "Cost of goods sold": 122601,
        "Gross Profit": 6400,
        "Financial expenses": 394,
        "Of which: Interest expense": 210,
        "Cost of sales": 2783,
        "Enterprise cost management": 3364,
        "Total Operating Expenses": 6541,
        "Total revenue financing activities": 621,
        "Net profit from business activities": 482,
        "Profit": 28172,
        "Profit before tax": 28654,
        "Present corporate income tax expenses": 5758,
        "Deferred income taxes expenses": "N/A",
        "The interests of minority shareholders": "N/A",
        "Total Cost of profits": 5758,
        "Profit after tax corporate income": 22896,
        "Volume": 17260970,
        "Close of Quarter": 27.0,
        "EPS": 1842.9,
        "Non-adjusted EPS": 3225,
        "PE": 8.4,
        "Book Price": 16.3
      }
    },
    {
      "quarter": "Q2 2013",
      "income status": {
        "Net sales": 106683,
        "Cost of goods sold": 101556,
        "Gross Profit": 5126,
        "Financial expenses": 665,
        "Of which: Interest expense": 327,
        "Cost of sales": 1229,
        "Enterprise cost management": 4080,
        "Total Operating Expenses": 5974,
        "Total revenue financing activities": 1111,
        "Net profit from business activities": 263,
        "Profit": 29777,
        "Profit before tax": 30039,
        "Present corporate income tax expenses": 5962,
        "Deferred income taxes expenses": "N/A",
        "The interests of minority shareholders": "N/A",
        "Total Cost of profits": 5962,
        "Profit after tax corporate income": 24077,
        "Volume": 17260970,
        "Close of Quarter": 26.2,
        "EPS": 1793.7,
        "Non-adjusted EPS": 3139,
        "PE": 8.4,
        "Book Price": 15.5
      }
    },
    {
      "quarter": "Q1 2013",
      "income status": {
        "Net sales": 84574,
        "Cost of goods sold": 81226,
        "Gross Profit": 3348,
        "Financial expenses": 202,
        "Of which: Interest expense": 229,
        "Cost of sales": 1391,
        "Enterprise cost management": 1310,
        "Total Operating Expenses": 2903,
        "Total revenue financing activities": 947,
        "Net profit from business activities": 1393,
        "Profit": 219,
        "Profit before tax": 1612,
        "Present corporate income tax expenses": 384,
        "Deferred income taxes expenses": "N/A",
        "The interests of minority shareholders": "N/A",
        "Total Cost of profits": 384,
        "Profit after tax corporate income": 1228,
        "Volume": 17260970,
        "Close of Quarter": 25.0,
        "EPS": 1794.3,
        "Non-adjusted EPS": 3140,
        "PE": 8.0,
        "Book Price": 15.7
      }
    },
    {
      "quarter": "Q4 2012",
      "income status": {
        "Net sales": 128337,
        "Cost of goods sold": 119448,
        "Gross Profit": 8889,
        "Financial expenses": 239,
        "Of which: Interest expense": 235,
        "Cost of sales": 2273,
        "Enterprise cost management": 4341,
        "Total Operating Expenses": 6853,
        "Total revenue financing activities": 1429,
        "Net profit from business activities": 3466,
        "Profit": 5995,
        "Profit before tax": 9462,
        "Present corporate income tax expenses": 1990,
        "Deferred income taxes expenses": "N/A",
        "The interests of minority shareholders": "N/A",
        "Total Cost of profits": 1990,
        "Profit after tax corporate income": 7471,
        "Volume": 17260970,
        "Close of Quarter": 19.4,
        "EPS": 2941.7,
        "Non-adjusted EPS": 5148,
        "PE": 3.8,
        "Book Price": 16.1
      }
    },
    {
      "quarter": "Q3 2012",
      "income status": {
        "Net sales": 119010,
        "Cost of goods sold": 103967,
        "Gross Profit": 15043,
        "Financial expenses": 796,
        "Of which: Interest expense": 271,
        "Cost of sales": 2119,
        "Enterprise cost management": 3930,
        "Total Operating Expenses": 6845,
        "Total revenue financing activities": 959,
        "Net profit from business activities": 9156,
        "Profit": 12805,
        "Profit before tax": 21961,
        "Present corporate income tax expenses": 557,
        "Deferred income taxes expenses": "N/A",
        "The interests of minority shareholders": "N/A",
        "Total Cost of profits": 557,
        "Profit after tax corporate income": 21404,
        "Volume": 17260970,
        "Close of Quarter": 18.9,
        "EPS": 3614.9,
        "Non-adjusted EPS": 6326,
        "PE": 3.0,
        "Book Price": 16.7
      }
    },
    {
      "quarter": "Q2 2012",
      "income status": {
        "Net sales": 136697,
        "Cost of goods sold": 130026,
        "Gross Profit": 6671,
        "Financial expenses": -62,
        "Of which: Interest expense": 194,
        "Cost of sales": 1731,
        "Enterprise cost management": 4008,
        "Total Operating Expenses": 5677,
        "Total revenue financing activities": 2815,
        "Net profit from business activities": 3808,
        "Profit": 27736,
        "Profit before tax": 31544,
        "Present corporate income tax expenses": 7445,
        "Deferred income taxes expenses": "N/A",
        "The interests of minority shareholders": "N/A",
        "Total Cost of profits": 7445,
        "Profit after tax corporate income": 24100,
        "Volume": 17260970,
        "Close of Quarter": 18.1,
        "EPS": 3702.9,
        "Non-adjusted EPS": 6480,
        "PE": 2.8,
        "Book Price": 15.7
      }
    },
    {
      "quarter": "Q1 2012",
      "income status": {
        "Net sales": 110433,
        "Cost of goods sold": 100896,
        "Gross Profit": 9536,
        "Financial expenses": -2368,
        "Of which: Interest expense": 339,
        "Cost of sales": 1471,
        "Enterprise cost management": 2634,
        "Total Operating Expenses": 1737,
        "Total revenue financing activities": 946,
        "Net profit from business activities": 8746,
        "Profit": 38789,
        "Profit before tax": 47535,
        "Present corporate income tax expenses": 11649,
        "Deferred income taxes expenses": "N/A",
        "The interests of minority shareholders": "N/A",
        "Total Cost of profits": 11649,
        "Profit after tax corporate income": 35886,
        "Volume": 17260970,
        "Close of Quarter": 19.1,
        "EPS": 3956.0,
        "Non-adjusted EPS": 6923,
        "PE": 2.8,
        "Book Price": 16.3
      }
    },
    {
      "quarter": "Q4 2011",
      "income status": {
        "Net sales": 208317,
        "Cost of goods sold": 171983,
        "Gross Profit": 36334,
        "Financial expenses": 2066,
        "Of which: Interest expense": 172,
        "Cost of sales": 3975,
        "Enterprise cost management": 6148,
        "Total Operating Expenses": 12189,
        "Total revenue financing activities": 1627,
        "Net profit from business activities": 25771,
        "Profit": 1894,
        "Profit before tax": 27666,
        "Present corporate income tax expenses": -141,
        "Deferred income taxes expenses": "N/A",
        "The interests of minority shareholders": "N/A",
        "Total Cost of profits": -141,
        "Profit after tax corporate income": 27807,
        "Volume": 17260970,
        "Close of Quarter": 22.2,
        "EPS": 4232.6,
        "Non-adjusted EPS": 7407,
        "PE": 3,
        "Book Price": 15.1
      }
    },
    {
      "quarter": "Q3 2011",
      "income status": {
        "Net sales": 184704,
        "Cost of goods sold": 152597,
        "Gross Profit": 32106,
        "Financial expenses": 477,
        "Of which: Interest expense": 108,
        "Cost of sales": 2157,
        "Enterprise cost management": 4660,
        "Total Operating Expenses": 7294,
        "Total revenue financing activities": 789,
        "Net profit from business activities": 25602,
        "Profit": 616,
        "Profit before tax": 26218,
        "Present corporate income tax expenses": 2155,
        "Deferred income taxes expenses": "N/A",
        "The interests of minority shareholders": "N/A",
        "Total Cost of profits": 2155,
        "Profit after tax corporate income": 24063,
        "Volume": 17260970,
        "Close of Quarter": 27.2,
        "EPS": 4051.4,
        "Non-adjusted EPS": 7090,
        "PE": 3.8,
        "Book Price": 15.1
      }
    },
    {
      "quarter": "Q2 2011",
      "income status": {
        "Net sales": 104107,
        "Cost of goods sold": 86950,
        "Gross Profit": 17157,
        "Financial expenses": 2280,
        "Of which: Interest expense": "N/A",
        "Cost of sales": 1089,
        "Enterprise cost management": 4558,
        "Total Operating Expenses": 7927,
        "Total revenue financing activities": 2933,
        "Net profit from business activities": 12161,
        "Profit": 27084,
        "Profit before tax": 39245,
        "Present corporate income tax expenses": 7505,
        "Deferred income taxes expenses": "N/A",
        "The interests of minority shareholders": "N/A",
        "Total Cost of profits": 7505,
        "Profit after tax corporate income": 31740,
        "Volume": 17260970,
        "Close of Quarter": 28.1,
        "EPS": 4278.9,
        "Non-adjusted EPS": 7488,
        "PE": 3.8,
        "Book Price": 14.3
      }
    },
    {
      "quarter": "Q1 2011",
      "income status": {
        "Net sales": 191283,
        "Cost of goods sold": 142769,
        "Gross Profit": 48515,
        "Financial expenses": 2517,
        "Of which: Interest expense": "N/A",
        "Cost of sales": 1327,
        "Enterprise cost management": 3999,
        "Total Operating Expenses": 7843,
        "Total revenue financing activities": 2574,
        "Net profit from business activities": 43245,
        "Profit": 5782,
        "Profit before tax": 49027,
        "Present corporate income tax expenses": 4786,
        "Deferred income taxes expenses": "N/A",
        "The interests of minority shareholders": "N/A",
        "Total Cost of profits": 4786,
        "Profit after tax corporate income": 44242,
        "Volume": 17260970,
        "Close of Quarter": 28.5,
        "EPS": 3780.6,
        "Non-adjusted EPS": 6616,
        "PE": 4.3,
        "Book Price": 15.2
      }
    }
  ]
}