{
  "ticker": "HHG",
  "data": [
    {
      "quarter": "Q4 2016",
      "income status": {
        "Net sales": 103137,
        "Cost of goods sold": 80410,
        "Gross Profit": 22727,
        "Financial expenses": 3888,
        "Of which: Interest expense": 3888,
        "Cost of sales": "N/A",
        "Enterprise cost management": 3005,
        "Total Operating Expenses": 6893,
        "Total revenue financing activities": 2882,
        "Net profit from business activities": 18716,
        "Profit": -505,
        "Profit before tax": 18210,
        "Present corporate income tax expenses": 3680,
        "Deferred income taxes expenses": "N/A",
        "The interests of minority shareholders": "N/A",
        "Total Cost of profits": 3680,
        "Profit after tax corporate income": 14531,
        "Volume": 28840125,
        "Close of Quarter": 7.9,
        "EPS": 1408,
        "Non-adjusted EPS": 1408,
        "PE": 5.6,
        "Book Price": 11.5
      }
    },
    {
      "quarter": "Q3 2016",
      "income status": {
        "Net sales": 59106,
        "Cost of goods sold": 43816,
        "Gross Profit": 15290,
        "Financial expenses": 4153,
        "Of which: Interest expense": 4153,
        "Cost of sales": "N/A",
        "Enterprise cost management": 2940,
        "Total Operating Expenses": 7093,
        "Total revenue financing activities": 3661,
        "Net profit from business activities": 11858,
        "Profit": 7767,
        "Profit before tax": 19626,
        "Present corporate income tax expenses": 3925,
        "Deferred income taxes expenses": "N/A",
        "The interests of minority shareholders": "N/A",
        "Total Cost of profits": 3925,
        "Profit after tax corporate income": 15701,
        "Volume": 28840125,
        "Close of Quarter": 7.9,
        "EPS": 1294,
        "Non-adjusted EPS": 1294,
        "PE": 6.1,
        "Book Price": 11
      }
    },
    {
      "quarter": "Q2 2016",
      "income status": {
        "Net sales": 63580,
        "Cost of goods sold": 53329,
        "Gross Profit": 10252,
        "Financial expenses": 3223,
        "Of which: Interest expense": 3223,
        "Cost of sales": "N/A",
        "Enterprise cost management": 3567,
        "Total Operating Expenses": 6790,
        "Total revenue financing activities": 2900,
        "Net profit from business activities": 6362,
        "Profit": 134,
        "Profit before tax": 6496,
        "Present corporate income tax expenses": 1300,
        "Deferred income taxes expenses": "N/A",
        "The interests of minority shareholders": "N/A",
        "Total Cost of profits": 1300,
        "Profit after tax corporate income": 5196,
        "Volume": 25522365,
        "Close of Quarter": 9.2,
        "EPS": 1112.4,
        "Non-adjusted EPS": 1257,
        "PE": 7.3,
        "Book Price": 10.4
      }
    },
    {
      "quarter": "Q1 2016",
      "income status": {
        "Net sales": 49237,
        "Cost of goods sold": 37155,
        "Gross Profit": 12082,
        "Financial expenses": 2789,
        "Of which: Interest expense": 2789,
        "Cost of sales": "N/A",
        "Enterprise cost management": 2933,
        "Total Operating Expenses": 5722,
        "Total revenue financing activities": 232,
        "Net profit from business activities": 6593,
        "Profit": -57,
        "Profit before tax": 6536,
        "Present corporate income tax expenses": 1342,
        "Deferred income taxes expenses": "N/A",
        "The interests of minority shareholders": "N/A",
        "Total Cost of profits": 1342,
        "Profit after tax corporate income": 5193,
        "Volume": 17014910,
        "Close of Quarter": 7.3,
        "EPS": 1191.8,
        "Non-adjusted EPS": 2020,
        "PE": 3.6,
        "Book Price": 7.3
      }
    },
    {
      "quarter": "Q4 2015",
      "income status": {
        "Net sales": 43867,
        "Cost of goods sold": 31612,
        "Gross Profit": 12255,
        "Financial expenses": 3579,
        "Of which: Interest expense": 3579,
        "Cost of sales": "N/A",
        "Enterprise cost management": 3325,
        "Total Operating Expenses": 6904,
        "Total revenue financing activities": 731,
        "Net profit from business activities": 6083,
        "Profit": 8395,
        "Profit before tax": 14478,
        "Present corporate income tax expenses": 3249,
        "Deferred income taxes expenses": "N/A",
        "The interests of minority shareholders": "N/A",
        "Total Cost of profits": 3249,
        "Profit after tax corporate income": 11229,
        "Volume": 17014910,
        "Close of Quarter": 9.9,
        "EPS": 1145.7,
        "Non-adjusted EPS": 1942,
        "PE": 5.1,
        "Book Price": 7.1
      }
    },
    {
      "quarter": "Q3 2015",
      "income status": {
        "Net sales": 40894,
        "Cost of goods sold": 30962,
        "Gross Profit": 9931,
        "Financial expenses": 3164,
        "Of which: Interest expense": 3164,
        "Cost of sales": "N/A",
        "Enterprise cost management": 2562,
        "Total Operating Expenses": 5726,
        "Total revenue financing activities": 814,
        "Net profit from business activities": 5019,
        "Profit": 8383,
        "Profit before tax": 13403,
        "Present corporate income tax expenses": 2949,
        "Deferred income taxes expenses": "N/A",
        "The interests of minority shareholders": "N/A",
        "Total Cost of profits": 2949,
        "Profit after tax corporate income": 10454,
        "Volume": 17014910,
        "Close of Quarter": 8.9,
        "EPS": 822.4,
        "Non-adjusted EPS": 1394,
        "PE": 6.4,
        "Book Price": 6.7
      }
    },
    {
      "quarter": "Q2 2015",
      "income status": {
        "Net sales": 52194,
        "Cost of goods sold": 42819,
        "Gross Profit": 9376,
        "Financial expenses": 2489,
        "Of which: Interest expense": 986,
        "Cost of sales": "N/A",
        "Enterprise cost management": 2972,
        "Total Operating Expenses": 5461,
        "Total revenue financing activities": 787,
        "Net profit from business activities": 4702,
        "Profit": 4915,
        "Profit before tax": 9617,
        "Present corporate income tax expenses": 2117,
        "Deferred income taxes expenses": "N/A",
        "The interests of minority shareholders": "N/A",
        "Total Cost of profits": 2117,
        "Profit after tax corporate income": 7500,
        "Volume": 16600000,
        "Close of Quarter": 9.7,
        "EPS": 509.4,
        "Non-adjusted EPS": 885,
        "PE": 11.0,
        "Book Price": 6.3
      }
    },
    {
      "quarter": "Q1 2015",
      "income status": {
        "Net sales": 49037,
        "Cost of goods sold": 38988,
        "Gross Profit": 10050,
        "Financial expenses": 3246,
        "Of which: Interest expense": 3246,
        "Cost of sales": "N/A",
        "Enterprise cost management": 3013,
        "Total Operating Expenses": 6259,
        "Total revenue financing activities": 262,
        "Net profit from business activities": 4053,
        "Profit": 276,
        "Profit before tax": 4330,
        "Present corporate income tax expenses": 474,
        "Deferred income taxes expenses": "N/A",
        "The interests of minority shareholders": "N/A",
        "Total Cost of profits": 474,
        "Profit after tax corporate income": 3855,
        "Volume": 13600000,
        "Close of Quarter": 6.7,
        "EPS": 312.2,
        "Non-adjusted EPS": 662,
        "PE": 10.1,
        "Book Price": 5.1
      }
    },
    {
      "quarter": "Q4 2014",
      "income status": {
        "Net sales": 43768,
        "Cost of goods sold": 38017,
        "Gross Profit": 5751,
        "Financial expenses": 3618,
        "Of which: Interest expense": 3618,
        "Cost of sales": "N/A",
        "Enterprise cost management": 3223,
        "Total Operating Expenses": 6841,
        "Total revenue financing activities": 195,
        "Net profit from business activities": -895,
        "Profit": 3351,
        "Profit before tax": 2455,
        "Present corporate income tax expenses": 553,
        "Deferred income taxes expenses": "N/A",
        "The interests of minority shareholders": "N/A",
        "Total Cost of profits": 553,
        "Profit after tax corporate income": 1902,
        "Volume": 13600000,
        "Close of Quarter": 7.4,
        "EPS": 235.3,
        "Non-adjusted EPS": 499,
        "PE": 14.9,
        "Book Price": 4.8
      }
    },
    {
      "quarter": "Q3 2014",
      "income status": {
        "Net sales": 40681,
        "Cost of goods sold": 33112,
        "Gross Profit": 7568,
        "Financial expenses": 3903,
        "Of which: Interest expense": 3903,
        "Cost of sales": "N/A",
        "Enterprise cost management": 2611,
        "Total Operating Expenses": 6514,
        "Total revenue financing activities": 472,
        "Net profit from business activities": 1526,
        "Profit": 320,
        "Profit before tax": 1846,
        "Present corporate income tax expenses": 406,
        "Deferred income taxes expenses": "N/A",
        "The interests of minority shareholders": "N/A",
        "Total Cost of profits": 406,
        "Profit after tax corporate income": 1440,
        "Volume": 13600000,
        "Close of Quarter": 7.0,
        "EPS": 180.1,
        "Non-adjusted EPS": 382,
        "PE": 18.3,
        "Book Price": 4.6
      }
    },
    {
      "quarter": "Q2 2014",
      "income status": {
        "Net sales": 39843,
        "Cost of goods sold": 32708,
        "Gross Profit": 7135,
        "Financial expenses": 4694,
        "Of which: Interest expense": 3869,
        "Cost of sales": "N/A",
        "Enterprise cost management": 2690,
        "Total Operating Expenses": 7384,
        "Total revenue financing activities": 1173,
        "Net profit from business activities": 925,
        "Profit": 877,
        "Profit before tax": 1802,
        "Present corporate income tax expenses": "N/A",
        "Deferred income taxes expenses": "N/A",
        "The interests of minority shareholders": "N/A",
        "Total Cost of profits": 0,
        "Profit after tax corporate income": 1802,
        "Volume": 13600000,
        "Close of Quarter": 3.5,
        "EPS": 150.0,
        "Non-adjusted EPS": 318,
        "PE": 10.9,
        "Book Price": 4.4
      }
    },
    {
      "quarter": "Q1 2014",
      "income status": {
        "Net sales": 41143,
        "Cost of goods sold": 33151,
        "Gross Profit": 7991,
        "Financial expenses": 3803,
        "Of which: Interest expense": 3803,
        "Cost of sales": "N/A",
        "Enterprise cost management": 2907,
        "Total Operating Expenses": 6710,
        "Total revenue financing activities": 220,
        "Net profit from business activities": 1502,
        "Profit": 137,
        "Profit before tax": 1639,
        "Present corporate income tax expenses": "N/A",
        "Deferred income taxes expenses": "N/A",
        "The interests of minority shareholders": "N/A",
        "Total Cost of profits": 0,
        "Profit after tax corporate income": 1639,
        "Volume": 13600000,
        "Close of Quarter": 4.2,
        "EPS": 91.0,
        "Non-adjusted EPS": 193,
        "PE": 21.9,
        "Book Price": 4.4
      }
    },
    {
      "quarter": "Q4 2013",
      "income status": {
        "Net sales": 38534,
        "Cost of goods sold": 31343,
        "Gross Profit": 7190,
        "Financial expenses": 4097,
        "Of which: Interest expense": 4097,
        "Cost of sales": "N/A",
        "Enterprise cost management": 3247,
        "Total Operating Expenses": 7344,
        "Total revenue financing activities": 244,
        "Net profit from business activities": 91,
        "Profit": 228,
        "Profit before tax": 319,
        "Present corporate income tax expenses": "N/A",
        "Deferred income taxes expenses": "N/A",
        "The interests of minority shareholders": "N/A",
        "Total Cost of profits": 0,
        "Profit after tax corporate income": 319,
        "Volume": 13600000,
        "Close of Quarter": 2.6,
        "EPS": 71.7,
        "Non-adjusted EPS": 152,
        "PE": 17.0,
        "Book Price": 4.3
      }
    },
    {
      "quarter": "Q3 2013",
      "income status": {
        "Net sales": 38040,
        "Cost of goods sold": 32055,
        "Gross Profit": 5985,
        "Financial expenses": 4654,
        "Of which: Interest expense": 4654,
        "Cost of sales": "N/A",
        "Enterprise cost management": 2786,
        "Total Operating Expenses": 7440,
        "Total revenue financing activities": 227,
        "Net profit from business activities": -1229,
        "Profit": 1789,
        "Profit before tax": 559,
        "Present corporate income tax expenses": "N/A",
        "Deferred income taxes expenses": "N/A",
        "The interests of minority shareholders": "N/A",
        "Total Cost of profits": 0,
        "Profit after tax corporate income": 559,
        "Volume": 13600000,
        "Close of Quarter": 2.9,
        "EPS": -150.9,
        "Non-adjusted EPS": -320,
        "PE": -8.9,
        "Book Price": 4.3
      }
    },
    {
      "quarter": "Q2 2013",
      "income status": {
        "Net sales": 40123,
        "Cost of goods sold": 32864,
        "Gross Profit": 7259,
        "Financial expenses": 4597,
        "Of which: Interest expense": 4597,
        "Cost of sales": "N/A",
        "Enterprise cost management": 2769,
        "Total Operating Expenses": 7366,
        "Total revenue financing activities": 6,
        "Net profit from business activities": -101,
        "Profit": 215,
        "Profit before tax": 114,
        "Present corporate income tax expenses": "N/A",
        "Deferred income taxes expenses": "N/A",
        "The interests of minority shareholders": "N/A",
        "Total Cost of profits": 0,
        "Profit after tax corporate income": 114,
        "Volume": 13600000,
        "Close of Quarter": 3.4,
        "EPS": -195.2,
        "Non-adjusted EPS": -414,
        "PE": -8.1,
        "Book Price": 4.3
      }
    },
    {
      "quarter": "Q1 2013",
      "income status": {
        "Net sales": 42045,
        "Cost of goods sold": 32974,
        "Gross Profit": 9071,
        "Financial expenses": 5224,
        "Of which: Interest expense": 5224,
        "Cost of sales": "N/A",
        "Enterprise cost management": 3217,
        "Total Operating Expenses": 8441,
        "Total revenue financing activities": 5,
        "Net profit from business activities": 635,
        "Profit": 443,
        "Profit before tax": 1078,
        "Present corporate income tax expenses": "N/A",
        "Deferred income taxes expenses": "N/A",
        "The interests of minority shareholders": "N/A",
        "Total Cost of profits": 0,
        "Profit after tax corporate income": 1078,
        "Volume": 13600000,
        "Close of Quarter": 2.7,
        "EPS": -332.0,
        "Non-adjusted EPS": -704,
        "PE": -3.8,
        "Book Price": 4.3
      }
    },
    {
      "quarter": "Q4 2012",
      "income status": {
        "Net sales": 38531,
        "Cost of goods sold": 34759,
        "Gross Profit": 3772,
        "Financial expenses": 5921,
        "Of which: Interest expense": 5921,
        "Cost of sales": "N/A",
        "Enterprise cost management": 3932,
        "Total Operating Expenses": 9853,
        "Total revenue financing activities": 3,
        "Net profit from business activities": -6078,
        "Profit": -29,
        "Profit before tax": -6107,
        "Present corporate income tax expenses": "N/A",
        "Deferred income taxes expenses": "N/A",
        "The interests of minority shareholders": "N/A",
        "Total Cost of profits": 0,
        "Profit after tax corporate income": -6107,
        "Volume": 13600000,
        "Close of Quarter": 2.9,
        "EPS": -349.9,
        "Non-adjusted EPS": -742,
        "PE": -3.8,
        "Book Price": 4.3
      }
    },
    {
      "quarter": "Q3 2012",
      "income status": {
        "Net sales": 38017,
        "Cost of goods sold": 30347,
        "Gross Profit": 7670,
        "Financial expenses": 5946,
        "Of which: Interest expense": 5946,
        "Cost of sales": "N/A",
        "Enterprise cost management": 2538,
        "Total Operating Expenses": 8484,
        "Total revenue financing activities": 3,
        "Net profit from business activities": -812,
        "Profit": 91,
        "Profit before tax": -721,
        "Present corporate income tax expenses": "N/A",
        "Deferred income taxes expenses": "N/A",
        "The interests of minority shareholders": "N/A",
        "Total Cost of profits": 0,
        "Profit after tax corporate income": -721,
        "Volume": 13600000,
        "Close of Quarter": 1.8,
        "EPS": -234.8,
        "Non-adjusted EPS": -498,
        "PE": -3.6,
        "Book Price": 4.5
      }
    },
    {
      "quarter": "Q2 2012",
      "income status": {
        "Net sales": 37349,
        "Cost of goods sold": 32862,
        "Gross Profit": 4487,
        "Financial expenses": 6406,
        "Of which: Interest expense": 6406,
        "Cost of sales": "N/A",
        "Enterprise cost management": 3184,
        "Total Operating Expenses": 9590,
        "Total revenue financing activities": 701,
        "Net profit from business activities": -4402,
        "Profit": 399,
        "Profit before tax": -4003,
        "Present corporate income tax expenses": -184,
        "Deferred income taxes expenses": "N/A",
        "The interests of minority shareholders": "N/A",
        "Total Cost of profits": -184,
        "Profit after tax corporate income": -3819,
        "Volume": 13600000,
        "Close of Quarter": 2.7,
        "EPS": -277.3,
        "Non-adjusted EPS": -588,
        "PE": -4.6,
        "Book Price": 4.5
      }
    },
    {
      "quarter": "Q1 2012",
      "income status": {
        "Net sales": 41765,
        "Cost of goods sold": 30783,
        "Gross Profit": 10982,
        "Financial expenses": 6313,
        "Of which: Interest expense": 6313,
        "Cost of sales": "N/A",
        "Enterprise cost management": 3575,
        "Total Operating Expenses": 9888,
        "Total revenue financing activities": 5,
        "Net profit from business activities": 1099,
        "Profit": -361,
        "Profit before tax": 738,
        "Present corporate income tax expenses": 184,
        "Deferred income taxes expenses": "N/A",
        "The interests of minority shareholders": "N/A",
        "Total Cost of profits": 184,
        "Profit after tax corporate income": 553,
        "Volume": 13600000,
        "Close of Quarter": 3.1,
        "EPS": -124.0,
        "Non-adjusted EPS": -263,
        "PE": -11.8,
        "Book Price": 4.7
      }
    },
    {
      "quarter": "Q4 2011",
      "income status": {
        "Net sales": 37393,
        "Cost of goods sold": 29333,
        "Gross Profit": 8060,
        "Financial expenses": 6611,
        "Of which: Interest expense": 6611,
        "Cost of sales": "N/A",
        "Enterprise cost management": 4237,
        "Total Operating Expenses": 10848,
        "Total revenue financing activities": 1156,
        "Net profit from business activities": -1632,
        "Profit": -1149,
        "Profit before tax": -2781,
        "Present corporate income tax expenses": "N/A",
        "Deferred income taxes expenses": "N/A",
        "The interests of minority shareholders": "N/A",
        "Total Cost of profits": 0,
        "Profit after tax corporate income": -2781,
        "Volume": 13600000,
        "Close of Quarter": 3.2,
        "EPS": -103.7,
        "Non-adjusted EPS": -220,
        "PE": -14.5,
        "Book Price": 4.6
      }
    },
    {
      "quarter": "Q3 2011",
      "income status": {
        "Net sales": 37952,
        "Cost of goods sold": 30666,
        "Gross Profit": 7285,
        "Financial expenses": 4460,
        "Of which: Interest expense": 4460,
        "Cost of sales": "N/A",
        "Enterprise cost management": 4424,
        "Total Operating Expenses": 8884,
        "Total revenue financing activities": 582,
        "Net profit from business activities": -1017,
        "Profit": -930,
        "Profit before tax": -1948,
        "Present corporate income tax expenses": "N/A",
        "Deferred income taxes expenses": "N/A",
        "The interests of minority shareholders": "N/A",
        "Total Cost of profits": 0,
        "Profit after tax corporate income": -1948,
        "Volume": 13600000,
        "Close of Quarter": 4.0,
        "EPS": -3.3,
        "Non-adjusted EPS": -7,
        "PE": -567.1,
        "Book Price": 4.8
      }
    },
    {
      "quarter": "Q2 2011",
      "income status": {
        "Net sales": 36371,
        "Cost of goods sold": 28623,
        "Gross Profit": 7749,
        "Financial expenses": 2699,
        "Of which: Interest expense": 2699,
        "Cost of sales": "N/A",
        "Enterprise cost management": 4089,
        "Total Operating Expenses": 6788,
        "Total revenue financing activities": 5,
        "Net profit from business activities": 966,
        "Profit": -14,
        "Profit before tax": 953,
        "Present corporate income tax expenses": 355,
        "Deferred income taxes expenses": "N/A",
        "The interests of minority shareholders": "N/A",
        "Total Cost of profits": 355,
        "Profit after tax corporate income": 598,
        "Volume": 13600000,
        "Close of Quarter": 4.1,
        "EPS": 68.9,
        "Non-adjusted EPS": 146,
        "PE": 27.8,
        "Book Price": 4.9
      }
    },
    {
      "quarter": "Q1 2011",
      "income status": {
        "Net sales": 34289,
        "Cost of goods sold": 26486,
        "Gross Profit": 7803,
        "Financial expenses": 2477,
        "Of which: Interest expense": 2477,
        "Cost of sales": "N/A",
        "Enterprise cost management": 3529,
        "Total Operating Expenses": 6006,
        "Total revenue financing activities": 642,
        "Net profit from business activities": 2439,
        "Profit": -727,
        "Profit before tax": 1713,
        "Present corporate income tax expenses": 567,
        "Deferred income taxes expenses": "N/A",
        "The interests of minority shareholders": "N/A",
        "Total Cost of profits": 567,
        "Profit after tax corporate income": 1145,
        "Volume": 13600000,
        "Close of Quarter": 5.0,
        "EPS": 117.9,
        "Non-adjusted EPS": 250,
        "PE": 20.0,
        "Book Price": 4.9
      }
    }
  ]
}