{
  "ticker": "APP",
  "data": [
    {
      "quarter": "Q4 2016",
      "income status": {
        "Net sales": 24764,
        "Cost of goods sold": 16280,
        "Gross Profit": 8483,
        "Financial expenses": 248,
        "Of which: Interest expense": 146,
        "Cost of sales": 2493,
        "Enterprise cost management": 4317,
        "Total Operating Expenses": 7058,
        "Total revenue financing activities": 1,
        "Net profit from business activities": 1427,
        "Profit": "N/A",
        "Profit before tax": 1427,
        "Present corporate income tax expenses": 303,
        "Deferred income taxes expenses": "N/A",
        "The interests of minority shareholders": "N/A",
        "Total Cost of profits": 303,
        "Profit after tax corporate income": 1124,
        "Volume": 4201682,
        "Close of Quarter": 10.3,
        "EPS": 1324,
        "Non-adjusted EPS": 1324,
        "PE": 7.8,
        "Book Price": 12.6
      }
    },
    {
      "quarter": "Q3 2016",
      "income status": {
        "Net sales": 21580,
        "Cost of goods sold": 14139,
        "Gross Profit": 7442,
        "Financial expenses": 287,
        "Of which: Interest expense": 257,
        "Cost of sales": 2589,
        "Enterprise cost management": 3491,
        "Total Operating Expenses": 6367,
        "Total revenue financing activities": "N/A",
        "Net profit from business activities": 1075,
        "Profit": 7,
        "Profit before tax": 1082,
        "Present corporate income tax expenses": 230,
        "Deferred income taxes expenses": "N/A",
        "The interests of minority shareholders": "N/A",
        "Total Cost of profits": 230,
        "Profit after tax corporate income": 852,
        "Volume": 4201682,
        "Close of Quarter": 9.4,
        "EPS": 980,
        "Non-adjusted EPS": 980,
        "PE": 9.6,
        "Book Price": 12.3
      }
    },
    {
      "quarter": "Q2 2016",
      "income status": {
        "Net sales": 26054,
        "Cost of goods sold": 17444,
        "Gross Profit": 8610,
        "Financial expenses": 116,
        "Of which: Interest expense": 63,
        "Cost of sales": 3181,
        "Enterprise cost management": 3000,
        "Total Operating Expenses": 6297,
        "Total revenue financing activities": 32,
        "Net profit from business activities": 2345,
        "Profit": 14,
        "Profit before tax": 2359,
        "Present corporate income tax expenses": 496,
        "Deferred income taxes expenses": "N/A",
        "The interests of minority shareholders": "N/A",
        "Total Cost of profits": 496,
        "Profit after tax corporate income": 1863,
        "Volume": 3963960,
        "Close of Quarter": 10.4,
        "EPS": 1136.8,
        "Non-adjusted EPS": 1205,
        "PE": 8.6,
        "Book Price": 12.1
      }
    },
    {
      "quarter": "Q1 2016",
      "income status": {
        "Net sales": 24566,
        "Cost of goods sold": 16809,
        "Gross Profit": 7757,
        "Financial expenses": 46,
        "Of which: Interest expense": 42,
        "Cost of sales": 2726,
        "Enterprise cost management": 2846,
        "Total Operating Expenses": 5618,
        "Total revenue financing activities": 19,
        "Net profit from business activities": 2158,
        "Profit": "N/A",
        "Profit before tax": 2158,
        "Present corporate income tax expenses": 432,
        "Deferred income taxes expenses": "N/A",
        "The interests of minority shareholders": "N/A",
        "Total Cost of profits": 432,
        "Profit after tax corporate income": 1726,
        "Volume": 3963960,
        "Close of Quarter": 9.5,
        "EPS": 914.2,
        "Non-adjusted EPS": 969,
        "PE": 9.8,
        "Book Price": 12.6
      }
    },
    {
      "quarter": "Q4 2015",
      "income status": {
        "Net sales": 27227,
        "Cost of goods sold": 18908,
        "Gross Profit": 8319,
        "Financial expenses": 200,
        "Of which: Interest expense": 175,
        "Cost of sales": 3967,
        "Enterprise cost management": 4458,
        "Total Operating Expenses": 8625,
        "Total revenue financing activities": 6,
        "Net profit from business activities": -301,
        "Profit": -4,
        "Profit before tax": -306,
        "Present corporate income tax expenses": 16,
        "Deferred income taxes expenses": "N/A",
        "The interests of minority shareholders": "N/A",
        "Total Cost of profits": 16,
        "Profit after tax corporate income": -322,
        "Volume": 3963960,
        "Close of Quarter": 10.0,
        "EPS": 892.5,
        "Non-adjusted EPS": 946,
        "PE": 10.6,
        "Book Price": 12.3
      }
    },
    {
      "quarter": "Q3 2015",
      "income status": {
        "Net sales": 24419,
        "Cost of goods sold": 16359,
        "Gross Profit": 8060,
        "Financial expenses": 412,
        "Of which: Interest expense": 363,
        "Cost of sales": 3406,
        "Enterprise cost management": 2371,
        "Total Operating Expenses": 6189,
        "Total revenue financing activities": 20,
        "Net profit from business activities": 1892,
        "Profit": 59,
        "Profit before tax": 1951,
        "Present corporate income tax expenses": 440,
        "Deferred income taxes expenses": "N/A",
        "The interests of minority shareholders": "N/A",
        "Total Cost of profits": 440,
        "Profit after tax corporate income": 1511,
        "Volume": 3963960,
        "Close of Quarter": 11.0,
        "EPS": 1074.6,
        "Non-adjusted EPS": 1139,
        "PE": 9.7,
        "Book Price": 12.3
      }
    },
    {
      "quarter": "Q2 2015",
      "income status": {
        "Net sales": 26689,
        "Cost of goods sold": 18861,
        "Gross Profit": 7829,
        "Financial expenses": 403,
        "Of which: Interest expense": 296,
        "Cost of sales": 3213,
        "Enterprise cost management": 3021,
        "Total Operating Expenses": 6637,
        "Total revenue financing activities": 11,
        "Net profit from business activities": 1203,
        "Profit": 1,
        "Profit before tax": 1203,
        "Present corporate income tax expenses": 275,
        "Deferred income taxes expenses": "N/A",
        "The interests of minority shareholders": "N/A",
        "Total Cost of profits": 275,
        "Profit after tax corporate income": 928,
        "Volume": 3963960,
        "Close of Quarter": 11.8,
        "EPS": 1270.8,
        "Non-adjusted EPS": 1347,
        "PE": 8.7,
        "Book Price": 12.0
      }
    },
    {
      "quarter": "Q1 2015",
      "income status": {
        "Net sales": 25418,
        "Cost of goods sold": 17063,
        "Gross Profit": 8355,
        "Financial expenses": 331,
        "Of which: Interest expense": 320,
        "Cost of sales": 4001,
        "Enterprise cost management": 1930,
        "Total Operating Expenses": 6262,
        "Total revenue financing activities": 27,
        "Net profit from business activities": 2120,
        "Profit": -10,
        "Profit before tax": 2110,
        "Present corporate income tax expenses": 477,
        "Deferred income taxes expenses": "N/A",
        "The interests of minority shareholders": "N/A",
        "Total Cost of profits": 477,
        "Profit after tax corporate income": 1633,
        "Volume": 3963960,
        "Close of Quarter": 9.9,
        "EPS": 1405.7,
        "Non-adjusted EPS": 1490,
        "PE": 6.6,
        "Book Price": 13.3
      }
    },
    {
      "quarter": "Q4 2014",
      "income status": {
        "Net sales": 32513,
        "Cost of goods sold": 22618,
        "Gross Profit": 9895,
        "Financial expenses": 697,
        "Of which: Interest expense": 666,
        "Cost of sales": 5963,
        "Enterprise cost management": 3135,
        "Total Operating Expenses": 9795,
        "Total revenue financing activities": 139,
        "Net profit from business activities": 239,
        "Profit": 350,
        "Profit before tax": 589,
        "Present corporate income tax expenses": 147,
        "Deferred income taxes expenses": "N/A",
        "The interests of minority shareholders": "N/A",
        "Total Cost of profits": 147,
        "Profit after tax corporate income": 442,
        "Volume": 3963960,
        "Close of Quarter": 10.3,
        "EPS": 1759.5,
        "Non-adjusted EPS": 1865,
        "PE": 5.5,
        "Book Price": 12.9
      }
    },
    {
      "quarter": "Q3 2014",
      "income status": {
        "Net sales": 33395,
        "Cost of goods sold": 23234,
        "Gross Profit": 10161,
        "Financial expenses": 371,
        "Of which: Interest expense": 371,
        "Cost of sales": 3989,
        "Enterprise cost management": 2838,
        "Total Operating Expenses": 7198,
        "Total revenue financing activities": 45,
        "Net profit from business activities": 3009,
        "Profit": -11,
        "Profit before tax": 2998,
        "Present corporate income tax expenses": 659,
        "Deferred income taxes expenses": "N/A",
        "The interests of minority shareholders": "N/A",
        "Total Cost of profits": 659,
        "Profit after tax corporate income": 2338,
        "Volume": 3963960,
        "Close of Quarter": 10.8,
        "EPS": 2150.1,
        "Non-adjusted EPS": 2279,
        "PE": 4.7,
        "Book Price": 12.8
      }
    },
    {
      "quarter": "Q2 2014",
      "income status": {
        "Net sales": 37324,
        "Cost of goods sold": 26019,
        "Gross Profit": 11304,
        "Financial expenses": 425,
        "Of which: Interest expense": 282,
        "Cost of sales": 5679,
        "Enterprise cost management": 3292,
        "Total Operating Expenses": 9396,
        "Total revenue financing activities": 27,
        "Net profit from business activities": 1935,
        "Profit": 4,
        "Profit before tax": 1939,
        "Present corporate income tax expenses": 447,
        "Deferred income taxes expenses": "N/A",
        "The interests of minority shareholders": "N/A",
        "Total Cost of profits": 447,
        "Profit after tax corporate income": 1492,
        "Volume": 3963960,
        "Close of Quarter": 9.4,
        "EPS": 1931.2,
        "Non-adjusted EPS": 2047,
        "PE": 4.6,
        "Book Price": 12.3
      }
    },
    {
      "quarter": "Q1 2014",
      "income status": {
        "Net sales": 34990,
        "Cost of goods sold": 24103,
        "Gross Profit": 10887,
        "Financial expenses": 295,
        "Of which: Interest expense": 219,
        "Cost of sales": 4095,
        "Enterprise cost management": 2538,
        "Total Operating Expenses": 6928,
        "Total revenue financing activities": 31,
        "Net profit from business activities": 3990,
        "Profit": 12,
        "Profit before tax": 4002,
        "Present corporate income tax expenses": 880,
        "Deferred income taxes expenses": "N/A",
        "The interests of minority shareholders": "N/A",
        "Total Cost of profits": 880,
        "Profit after tax corporate income": 3121,
        "Volume": 3963960,
        "Close of Quarter": 9.4,
        "EPS": 2126.5,
        "Non-adjusted EPS": 2254,
        "PE": 4.2,
        "Book Price": "N/A"
      }
    },
    {
      "quarter": "Q4 2013",
      "income status": {
        "Net sales": 42399,
        "Cost of goods sold": 29290,
        "Gross Profit": 13109,
        "Financial expenses": 340,
        "Of which: Interest expense": 298,
        "Cost of sales": 7070,
        "Enterprise cost management": 3244,
        "Total Operating Expenses": 10654,
        "Total revenue financing activities": 176,
        "Net profit from business activities": 2631,
        "Profit": 154,
        "Profit before tax": 2785,
        "Present corporate income tax expenses": 700,
        "Deferred income taxes expenses": "N/A",
        "The interests of minority shareholders": "N/A",
        "Total Cost of profits": 700,
        "Profit after tax corporate income": 2084,
        "Volume": 3963960,
        "Close of Quarter": 7.7,
        "EPS": 2009.5,
        "Non-adjusted EPS": 2130,
        "PE": 3.6,
        "Book Price": 12.9
      }
    },
    {
      "quarter": "Q3 2013",
      "income status": {
        "Net sales": 34805,
        "Cost of goods sold": 23409,
        "Gross Profit": 11396,
        "Financial expenses": 531,
        "Of which: Interest expense": 270,
        "Cost of sales": 5435,
        "Enterprise cost management": 2795,
        "Total Operating Expenses": 8761,
        "Total revenue financing activities": 25,
        "Net profit from business activities": 2660,
        "Profit": -887,
        "Profit before tax": 1773,
        "Present corporate income tax expenses": 355,
        "Deferred income taxes expenses": "N/A",
        "The interests of minority shareholders": "N/A",
        "Total Cost of profits": 355,
        "Profit after tax corporate income": 1418,
        "Volume": 3963960,
        "Close of Quarter": 6.5,
        "EPS": 2066.1,
        "Non-adjusted EPS": 2190,
        "PE": 3.0,
        "Book Price": 12.5
      }
    },
    {
      "quarter": "Q2 2013",
      "income status": {
        "Net sales": 32850,
        "Cost of goods sold": 22054,
        "Gross Profit": 10796,
        "Financial expenses": 471,
        "Of which: Interest expense": 419,
        "Cost of sales": 4273,
        "Enterprise cost management": 3224,
        "Total Operating Expenses": 7968,
        "Total revenue financing activities": 62,
        "Net profit from business activities": 2891,
        "Profit": "N/A",
        "Profit before tax": 2891,
        "Present corporate income tax expenses": 578,
        "Deferred income taxes expenses": "N/A",
        "The interests of minority shareholders": "N/A",
        "Total Cost of profits": 578,
        "Profit after tax corporate income": 2313,
        "Volume": 3963960,
        "Close of Quarter": 6.7,
        "EPS": 2006.7,
        "Non-adjusted EPS": 2127,
        "PE": 3.2,
        "Book Price": 12.1
      }
    },
    {
      "quarter": "Q1 2013",
      "income status": {
        "Net sales": 34401,
        "Cost of goods sold": 23661,
        "Gross Profit": 10740,
        "Financial expenses": 352,
        "Of which: Interest expense": 215,
        "Cost of sales": 4862,
        "Enterprise cost management": 2272,
        "Total Operating Expenses": 7486,
        "Total revenue financing activities": 30,
        "Net profit from business activities": 3285,
        "Profit": "N/A",
        "Profit before tax": 3285,
        "Present corporate income tax expenses": 657,
        "Deferred income taxes expenses": "N/A",
        "The interests of minority shareholders": "N/A",
        "Total Cost of profits": 657,
        "Profit after tax corporate income": 2628,
        "Volume": 3963960,
        "Close of Quarter": 6.0,
        "EPS": 1743.4,
        "Non-adjusted EPS": 1848,
        "PE": 3.2,
        "Book Price": 13.1
      }
    },
    {
      "quarter": "Q4 2012",
      "income status": {
        "Net sales": 37909,
        "Cost of goods sold": 26301,
        "Gross Profit": 11608,
        "Financial expenses": 635,
        "Of which: Interest expense": 601,
        "Cost of sales": 5636,
        "Enterprise cost management": 2928,
        "Total Operating Expenses": 9199,
        "Total revenue financing activities": 17,
        "Net profit from business activities": 2425,
        "Profit": 316,
        "Profit before tax": 2741,
        "Present corporate income tax expenses": 420,
        "Deferred income taxes expenses": "N/A",
        "The interests of minority shareholders": "N/A",
        "Total Cost of profits": 420,
        "Profit after tax corporate income": 2321,
        "Volume": 3963960,
        "Close of Quarter": 5.2,
        "EPS": 1740.6,
        "Non-adjusted EPS": 1845,
        "PE": 2.8,
        "Book Price": 12.2
      }
    },
    {
      "quarter": "Q3 2012",
      "income status": {
        "Net sales": 33162,
        "Cost of goods sold": 22898,
        "Gross Profit": 10263,
        "Financial expenses": 1169,
        "Of which: Interest expense": 1164,
        "Cost of sales": 5369,
        "Enterprise cost management": 2400,
        "Total Operating Expenses": 8938,
        "Total revenue financing activities": 33,
        "Net profit from business activities": 1358,
        "Profit": "N/A",
        "Profit before tax": 1358,
        "Present corporate income tax expenses": 190,
        "Deferred income taxes expenses": "N/A",
        "The interests of minority shareholders": "N/A",
        "Total Cost of profits": 190,
        "Profit after tax corporate income": 1168,
        "Volume": 3963960,
        "Close of Quarter": 6.0,
        "EPS": 1697.2,
        "Non-adjusted EPS": 1799,
        "PE": 3.3,
        "Book Price": 11.6
      }
    },
    {
      "quarter": "Q2 2012",
      "income status": {
        "Net sales": 33926,
        "Cost of goods sold": 24262,
        "Gross Profit": 9664,
        "Financial expenses": 1692,
        "Of which: Interest expense": 1692,
        "Cost of sales": 4053,
        "Enterprise cost management": 2520,
        "Total Operating Expenses": 8265,
        "Total revenue financing activities": 149,
        "Net profit from business activities": 1548,
        "Profit": "N/A",
        "Profit before tax": 1548,
        "Present corporate income tax expenses": 340,
        "Deferred income taxes expenses": "N/A",
        "The interests of minority shareholders": "N/A",
        "Total Cost of profits": 340,
        "Profit after tax corporate income": 1208,
        "Volume": 3811500,
        "Close of Quarter": 6.2,
        "EPS": 2337.7,
        "Non-adjusted EPS": 2577,
        "PE": 2.4,
        "Book Price": 11.3
      }
    },
    {
      "quarter": "Q1 2012",
      "income status": {
        "Net sales": 33369,
        "Cost of goods sold": 23051,
        "Gross Profit": 10318,
        "Financial expenses": 935,
        "Of which: Interest expense": 908,
        "Cost of sales": 3927,
        "Enterprise cost management": 2231,
        "Total Operating Expenses": 7093,
        "Total revenue financing activities": 44,
        "Net profit from business activities": 3268,
        "Profit": 3,
        "Profit before tax": 3271,
        "Present corporate income tax expenses": 654,
        "Deferred income taxes expenses": "N/A",
        "The interests of minority shareholders": "N/A",
        "Total Cost of profits": 654,
        "Profit after tax corporate income": 2617,
        "Volume": 3811500,
        "Close of Quarter": 5.2,
        "EPS": 2737.7,
        "Non-adjusted EPS": 3018,
        "PE": 1.7,
        "Book Price": 13.5
      }
    },
    {
      "quarter": "Q4 2011",
      "income status": {
        "Net sales": 40673,
        "Cost of goods sold": 28737,
        "Gross Profit": 11935,
        "Financial expenses": 1023,
        "Of which: Interest expense": 942,
        "Cost of sales": 4053,
        "Enterprise cost management": 4421,
        "Total Operating Expenses": 9497,
        "Total revenue financing activities": 51,
        "Net profit from business activities": 2489,
        "Profit": 58,
        "Profit before tax": 2547,
        "Present corporate income tax expenses": 410,
        "Deferred income taxes expenses": "N/A",
        "The interests of minority shareholders": "N/A",
        "Total Cost of profits": 410,
        "Profit after tax corporate income": 2137,
        "Volume": 3811500,
        "Close of Quarter": 5.5,
        "EPS": 3022.6,
        "Non-adjusted EPS": 3332,
        "PE": 1.6,
        "Book Price": 13.1
      }
    },
    {
      "quarter": "Q3 2011",
      "income status": {
        "Net sales": 36986,
        "Cost of goods sold": 25014,
        "Gross Profit": 11971,
        "Financial expenses": 439,
        "Of which: Interest expense": 386,
        "Cost of sales": 3685,
        "Enterprise cost management": 3352,
        "Total Operating Expenses": 7476,
        "Total revenue financing activities": 336,
        "Net profit from business activities": 4831,
        "Profit": 6,
        "Profit before tax": 4837,
        "Present corporate income tax expenses": 975,
        "Deferred income taxes expenses": "N/A",
        "The interests of minority shareholders": "N/A",
        "Total Cost of profits": 975,
        "Profit after tax corporate income": 3862,
        "Volume": 3811500,
        "Close of Quarter": 5.4,
        "EPS": 3406.3,
        "Non-adjusted EPS": 3755,
        "PE": 1.5,
        "Book Price": 12.5
      }
    },
    {
      "quarter": "Q2 2011",
      "income status": {
        "Net sales": 34410,
        "Cost of goods sold": 23433,
        "Gross Profit": 10977,
        "Financial expenses": 444,
        "Of which: Interest expense": 402,
        "Cost of sales": 4532,
        "Enterprise cost management": 3161,
        "Total Operating Expenses": 8137,
        "Total revenue financing activities": 357,
        "Net profit from business activities": 3197,
        "Profit": 24,
        "Profit before tax": 3221,
        "Present corporate income tax expenses": 333,
        "Deferred income taxes expenses": "N/A",
        "The interests of minority shareholders": "N/A",
        "Total Cost of profits": 333,
        "Profit after tax corporate income": 2888,
        "Volume": 2722500,
        "Close of Quarter": 5.8,
        "EPS": 3165.9,
        "Non-adjusted EPS": 4886,
        "PE": 1.2,
        "Book Price": 11.6
      }
    },
    {
      "quarter": "Q1 2011",
      "income status": {
        "Net sales": 33752,
        "Cost of goods sold": 23548,
        "Gross Profit": 10204,
        "Financial expenses": 833,
        "Of which: Interest expense": 303,
        "Cost of sales": 1879,
        "Enterprise cost management": 3517,
        "Total Operating Expenses": 6229,
        "Total revenue financing activities": 263,
        "Net profit from business activities": 4237,
        "Profit": "N/A",
        "Profit before tax": 4237,
        "Present corporate income tax expenses": 424,
        "Deferred income taxes expenses": "N/A",
        "The interests of minority shareholders": "N/A",
        "Total Cost of profits": 424,
        "Profit after tax corporate income": 3813,
        "Volume": 2722500,
        "Close of Quarter": 6.0,
        "EPS": 3521.0,
        "Non-adjusted EPS": 5434,
        "PE": 1.1,
        "Book Price": 12.4
      }
    }
  ]
}