{
  "ticker": "CTI",
  "data": [
    {
      "quarter": "Q4 2016",
      "income status": {
        "Net sales": 237649,
        "Cost of goods sold": 121576,
        "Gross Profit": 116072,
        "Financial expenses": 51840,
        "Of which: Interest expense": 50661,
        "Cost of sales": 1592,
        "Enterprise cost management": 22473,
        "Total Operating Expenses": 75905,
        "Total revenue financing activities": 3021,
        "Net profit from business activities": 43187,
        "Profit": -4498,
        "Profit before tax": 38689,
        "Present corporate income tax expenses": 5885,
        "Deferred income taxes expenses": "N/A",
        "The interests of minority shareholders": 1704,
        "Total Cost of profits": 7589,
        "Profit after tax corporate income": 31100,
        "Volume": 42999997,
        "Close of Quarter": 25.1,
        "EPS": 2626,
        "Non-adjusted EPS": 2626,
        "PE": 9.5,
        "Book Price": 20.8
      }
    },
    {
      "quarter": "Q3 2016",
      "income status": {
        "Net sales": 254193,
        "Cost of goods sold": 154150,
        "Gross Profit": 100043,
        "Financial expenses": 48730,
        "Of which: Interest expense": 48555,
        "Cost of sales": 392,
        "Enterprise cost management": 22177,
        "Total Operating Expenses": 71299,
        "Total revenue financing activities": 4341,
        "Net profit from business activities": 33085,
        "Profit": -207,
        "Profit before tax": 32879,
        "Present corporate income tax expenses": 4041,
        "Deferred income taxes expenses": -20,
        "The interests of minority shareholders": 2027,
        "Total Cost of profits": 6048,
        "Profit after tax corporate income": 26830,
        "Volume": 42999997,
        "Close of Quarter": 28.3,
        "EPS": 2289,
        "Non-adjusted EPS": 2289,
        "PE": 12.4,
        "Book Price": 20.1
      }
    },
    {
      "quarter": "Q2 2016",
      "income status": {
        "Net sales": 299664,
        "Cost of goods sold": 195749,
        "Gross Profit": 103915,
        "Financial expenses": 48708,
        "Of which: Interest expense": 47353,
        "Cost of sales": 1263,
        "Enterprise cost management": 21608,
        "Total Operating Expenses": 71579,
        "Total revenue financing activities": 1420,
        "Net profit from business activities": 33756,
        "Profit": 705,
        "Profit before tax": 34461,
        "Present corporate income tax expenses": 5282,
        "Deferred income taxes expenses": -59,
        "The interests of minority shareholders": 1448,
        "Total Cost of profits": 6671,
        "Profit after tax corporate income": 27790,
        "Volume": 32999997,
        "Close of Quarter": 27.5,
        "EPS": 2217.1,
        "Non-adjusted EPS": 2889,
        "PE": 9.5,
        "Book Price": 14.1
      }
    },
    {
      "quarter": "Q1 2016",
      "income status": {
        "Net sales": 262082,
        "Cost of goods sold": 180384,
        "Gross Profit": 81698,
        "Financial expenses": 28786,
        "Of which: Interest expense": 28786,
        "Cost of sales": 1588,
        "Enterprise cost management": 17093,
        "Total Operating Expenses": 47467,
        "Total revenue financing activities": 54,
        "Net profit from business activities": 34160,
        "Profit": 173,
        "Profit before tax": 34333,
        "Present corporate income tax expenses": 5582,
        "Deferred income taxes expenses": 20,
        "The interests of minority shareholders": 1530,
        "Total Cost of profits": 7132,
        "Profit after tax corporate income": 27201,
        "Volume": 32999997,
        "Close of Quarter": 19.7,
        "EPS": 1873.3,
        "Non-adjusted EPS": 2441,
        "PE": 8.1,
        "Book Price": 14.7
      }
    },
    {
      "quarter": "Q4 2015",
      "income status": {
        "Net sales": 309174,
        "Cost of goods sold": 233311,
        "Gross Profit": 75864,
        "Financial expenses": 34503,
        "Of which: Interest expense": 32665,
        "Cost of sales": 3581,
        "Enterprise cost management": 17518,
        "Total Operating Expenses": 55602,
        "Total revenue financing activities": 46,
        "Net profit from business activities": 20308,
        "Profit": 1124,
        "Profit before tax": 21431,
        "Present corporate income tax expenses": 3974,
        "Deferred income taxes expenses": "N/A",
        "The interests of minority shareholders": 834,
        "Total Cost of profits": 4808,
        "Profit after tax corporate income": 16623,
        "Volume": 32999997,
        "Close of Quarter": 17.6,
        "EPS": 1573.3,
        "Non-adjusted EPS": 2050,
        "PE": 8.6,
        "Book Price": 14.2
      }
    },
    {
      "quarter": "Q3 2015",
      "income status": {
        "Net sales": 210958,
        "Cost of goods sold": 133631,
        "Gross Profit": 77327,
        "Financial expenses": 27167,
        "Of which: Interest expense": 26988,
        "Cost of sales": 2836,
        "Enterprise cost management": 18033,
        "Total Operating Expenses": 48036,
        "Total revenue financing activities": 403,
        "Net profit from business activities": 29694,
        "Profit": 67,
        "Profit before tax": 29761,
        "Present corporate income tax expenses": 4525,
        "Deferred income taxes expenses": "N/A",
        "The interests of minority shareholders": 1524,
        "Total Cost of profits": 6049,
        "Profit after tax corporate income": 23712,
        "Volume": 32999997,
        "Close of Quarter": 15.1,
        "EPS": 1446.6,
        "Non-adjusted EPS": 1885,
        "PE": 8.0,
        "Book Price": 14.4
      }
    },
    {
      "quarter": "Q2 2015",
      "income status": {
        "Net sales": 232425,
        "Cost of goods sold": 174303,
        "Gross Profit": 58121,
        "Financial expenses": 27839,
        "Of which: Interest expense": 26068,
        "Cost of sales": 4433,
        "Enterprise cost management": 16385,
        "Total Operating Expenses": 48657,
        "Total revenue financing activities": 449,
        "Net profit from business activities": 10264,
        "Profit": 3988,
        "Profit before tax": 14252,
        "Present corporate income tax expenses": 1345,
        "Deferred income taxes expenses": -47,
        "The interests of minority shareholders": -76,
        "Total Cost of profits": 1222,
        "Profit after tax corporate income": 13031,
        "Volume": 32999997,
        "Close of Quarter": 13.0,
        "EPS": 1099.0,
        "Non-adjusted EPS": 1432,
        "PE": 9.1,
        "Book Price": 13.9
      }
    },
    {
      "quarter": "Q1 2015",
      "income status": {
        "Net sales": 108507,
        "Cost of goods sold": 47904,
        "Gross Profit": 60603,
        "Financial expenses": 25449,
        "Of which: Interest expense": 25449,
        "Cost of sales": 2421,
        "Enterprise cost management": 14601,
        "Total Operating Expenses": 42471,
        "Total revenue financing activities": 1024,
        "Net profit from business activities": 19154,
        "Profit": 304,
        "Profit before tax": 19458,
        "Present corporate income tax expenses": 2029,
        "Deferred income taxes expenses": 8,
        "The interests of minority shareholders": 3136,
        "Total Cost of profits": 5173,
        "Profit after tax corporate income": 14285,
        "Volume": 32999997,
        "Close of Quarter": 9.2,
        "EPS": 849.6,
        "Non-adjusted EPS": 1107,
        "PE": 8.4,
        "Book Price": 12.1
      }
    },
    {
      "quarter": "Q4 2014",
      "income status": {
        "Net sales": 101905,
        "Cost of goods sold": 48176,
        "Gross Profit": 53729,
        "Financial expenses": 28253,
        "Of which: Interest expense": 27242,
        "Cost of sales": 3118,
        "Enterprise cost management": 17811,
        "Total Operating Expenses": 49182,
        "Total revenue financing activities": 15458,
        "Net profit from business activities": 20006,
        "Profit": -281,
        "Profit before tax": 19725,
        "Present corporate income tax expenses": 2446,
        "Deferred income taxes expenses": 6112,
        "The interests of minority shareholders": "N/A",
        "Total Cost of profits": 8558,
        "Profit after tax corporate income": 11166,
        "Volume": 15000000,
        "Close of Quarter": 9.2,
        "EPS": 532.3,
        "Non-adjusted EPS": 1526,
        "PE": 6.1,
        "Book Price": 12.5
      }
    },
    {
      "quarter": "Q3 2014",
      "income status": {
        "Net sales": 96150,
        "Cost of goods sold": 35183,
        "Gross Profit": 60967,
        "Financial expenses": 31700,
        "Of which: Interest expense": 31700,
        "Cost of sales": 2586,
        "Enterprise cost management": 13639,
        "Total Operating Expenses": 47925,
        "Total revenue financing activities": 37,
        "Net profit from business activities": 13080,
        "Profit": 49,
        "Profit before tax": 13129,
        "Present corporate income tax expenses": -1227,
        "Deferred income taxes expenses": 5575,
        "The interests of minority shareholders": "N/A",
        "Total Cost of profits": 4348,
        "Profit after tax corporate income": 8780,
        "Volume": 15000000,
        "Close of Quarter": 9.6,
        "EPS": 415.1,
        "Non-adjusted EPS": 1190,
        "PE": 8.0,
        "Book Price": 5.7
      }
    },
    {
      "quarter": "Q2 2014",
      "income status": {
        "Net sales": 90172,
        "Cost of goods sold": 73508,
        "Gross Profit": 16664,
        "Financial expenses": 6084,
        "Of which: Interest expense": 5080,
        "Cost of sales": 1341,
        "Enterprise cost management": 7121,
        "Total Operating Expenses": 14546,
        "Total revenue financing activities": 178,
        "Net profit from business activities": 2339,
        "Profit": 912,
        "Profit before tax": 3251,
        "Present corporate income tax expenses": 4214,
        "Deferred income taxes expenses": -3295,
        "The interests of minority shareholders": 23,
        "Total Cost of profits": 942,
        "Profit after tax corporate income": 2309,
        "Volume": 15000000,
        "Close of Quarter": 9.5,
        "EPS": 215.2,
        "Non-adjusted EPS": 617,
        "PE": 15.4,
        "Book Price": 5.4
      }
    },
    {
      "quarter": "Q1 2014",
      "income status": {
        "Net sales": 77808,
        "Cost of goods sold": 64218,
        "Gross Profit": 13590,
        "Financial expenses": 5926,
        "Of which: Interest expense": 5926,
        "Cost of sales": 710,
        "Enterprise cost management": 6688,
        "Total Operating Expenses": 13324,
        "Total revenue financing activities": 471,
        "Net profit from business activities": 746,
        "Profit": 57,
        "Profit before tax": 803,
        "Present corporate income tax expenses": 172,
        "Deferred income taxes expenses": "N/A",
        "The interests of minority shareholders": "N/A",
        "Total Cost of profits": 172,
        "Profit after tax corporate income": 631,
        "Volume": 15000000,
        "Close of Quarter": 9.3,
        "EPS": 151.1,
        "Non-adjusted EPS": 433,
        "PE": 21.4,
        "Book Price": 5.3
      }
    },
    {
      "quarter": "Q4 2013",
      "income status": {
        "Net sales": 94939,
        "Cost of goods sold": 75580,
        "Gross Profit": 19359,
        "Financial expenses": 6425,
        "Of which: Interest expense": 5236,
        "Cost of sales": 1048,
        "Enterprise cost management": 6033,
        "Total Operating Expenses": 13506,
        "Total revenue financing activities": 727,
        "Net profit from business activities": 6579,
        "Profit": 1085,
        "Profit before tax": 7711,
        "Present corporate income tax expenses": 6318,
        "Deferred income taxes expenses": -4732,
        "The interests of minority shareholders": "N/A",
        "Total Cost of profits": 1586,
        "Profit after tax corporate income": 6126,
        "Volume": 15000000,
        "Close of Quarter": 7.4,
        "EPS": 160.1,
        "Non-adjusted EPS": 459,
        "PE": 16.0,
        "Book Price": 7.1
      }
    },
    {
      "quarter": "Q3 2013",
      "income status": {
        "Net sales": 84584,
        "Cost of goods sold": 70991,
        "Gross Profit": 13593,
        "Financial expenses": 5637,
        "Of which: Interest expense": 5637,
        "Cost of sales": 1196,
        "Enterprise cost management": 6451,
        "Total Operating Expenses": 13284,
        "Total revenue financing activities": 8,
        "Net profit from business activities": 317,
        "Profit": -751,
        "Profit before tax": -345,
        "Present corporate income tax expenses": 493,
        "Deferred income taxes expenses": -1028,
        "The interests of minority shareholders": "N/A",
        "Total Cost of profits": -535,
        "Profit after tax corporate income": 190,
        "Volume": 15000000,
        "Close of Quarter": 4.9,
        "EPS": 187.3,
        "Non-adjusted EPS": 537,
        "PE": 9.2,
        "Book Price": 4.2
      }
    },
    {
      "quarter": "Q2 2013",
      "income status": {
        "Net sales": 95423,
        "Cost of goods sold": 81441,
        "Gross Profit": 13982,
        "Financial expenses": 7601,
        "Of which: Interest expense": 6463,
        "Cost of sales": 1157,
        "Enterprise cost management": 9171,
        "Total Operating Expenses": 17929,
        "Total revenue financing activities": 385,
        "Net profit from business activities": -3563,
        "Profit": 263,
        "Profit before tax": -1643,
        "Present corporate income tax expenses": 236,
        "Deferred income taxes expenses": -1414,
        "The interests of minority shareholders": -14,
        "Total Cost of profits": -1192,
        "Profit after tax corporate income": -451,
        "Volume": 15000000,
        "Close of Quarter": 4.6,
        "EPS": 219.4,
        "Non-adjusted EPS": 629,
        "PE": 7.3,
        "Book Price": 4.1
      }
    },
    {
      "quarter": "Q1 2013",
      "income status": {
        "Net sales": 73776,
        "Cost of goods sold": 59246,
        "Gross Profit": 14530,
        "Financial expenses": 6075,
        "Of which: Interest expense": 6075,
        "Cost of sales": 616,
        "Enterprise cost management": 6119,
        "Total Operating Expenses": 12810,
        "Total revenue financing activities": 64,
        "Net profit from business activities": 1785,
        "Profit": 27,
        "Profit before tax": 2088,
        "Present corporate income tax expenses": 1060,
        "Deferred income taxes expenses": "N/A",
        "The interests of minority shareholders": "N/A",
        "Total Cost of profits": 1060,
        "Profit after tax corporate income": 1027,
        "Volume": 15000000,
        "Close of Quarter": 4.8,
        "EPS": 55.8,
        "Non-adjusted EPS": 160,
        "PE": 29.9,
        "Book Price": 4.1
      }
    },
    {
      "quarter": "Q4 2012",
      "income status": {
        "Net sales": 134805,
        "Cost of goods sold": 110717,
        "Gross Profit": 24089,
        "Financial expenses": 8429,
        "Of which: Interest expense": 7229,
        "Cost of sales": 1915,
        "Enterprise cost management": 5975,
        "Total Operating Expenses": 16319,
        "Total revenue financing activities": 55,
        "Net profit from business activities": 7824,
        "Profit": 1087,
        "Profit before tax": 8927,
        "Present corporate income tax expenses": 1634,
        "Deferred income taxes expenses": "N/A",
        "The interests of minority shareholders": "N/A",
        "Total Cost of profits": 1634,
        "Profit after tax corporate income": 7293,
        "Volume": 15000000,
        "Close of Quarter": 5.1,
        "EPS": 101.9,
        "Non-adjusted EPS": 292,
        "PE": 17.6,
        "Book Price": 4.3
      }
    },
    {
      "quarter": "Q3 2012",
      "income status": {
        "Net sales": 73151,
        "Cost of goods sold": 57773,
        "Gross Profit": 15378,
        "Financial expenses": 7282,
        "Of which: Interest expense": 7282,
        "Cost of sales": 1250,
        "Enterprise cost management": 5581,
        "Total Operating Expenses": 14113,
        "Total revenue financing activities": 278,
        "Net profit from business activities": 1544,
        "Profit": 352,
        "Profit before tax": 1797,
        "Present corporate income tax expenses": 237,
        "Deferred income taxes expenses": "N/A",
        "The interests of minority shareholders": "N/A",
        "Total Cost of profits": 237,
        "Profit after tax corporate income": 1560,
        "Volume": 15000000,
        "Close of Quarter": 4.7,
        "EPS": -39.1,
        "Non-adjusted EPS": -112,
        "PE": -42.1,
        "Book Price": 4.1
      }
    },
    {
      "quarter": "Q2 2012",
      "income status": {
        "Net sales": 49010,
        "Cost of goods sold": 40191,
        "Gross Profit": 8819,
        "Financial expenses": 10242,
        "Of which: Interest expense": 9111,
        "Cost of sales": 1738,
        "Enterprise cost management": 6516,
        "Total Operating Expenses": 18496,
        "Total revenue financing activities": 562,
        "Net profit from business activities": -9115,
        "Profit": 1084,
        "Profit before tax": -8031,
        "Present corporate income tax expenses": -152,
        "Deferred income taxes expenses": -398,
        "The interests of minority shareholders": "N/A",
        "Total Cost of profits": -550,
        "Profit after tax corporate income": -7481,
        "Volume": 15000000,
        "Close of Quarter": 7.7,
        "EPS": -56.5,
        "Non-adjusted EPS": -162,
        "PE": -47.5,
        "Book Price": 4.3
      }
    },
    {
      "quarter": "Q1 2012",
      "income status": {
        "Net sales": 73235,
        "Cost of goods sold": 55897,
        "Gross Profit": 17338,
        "Financial expenses": 7310,
        "Of which: Interest expense": 7310,
        "Cost of sales": 1050,
        "Enterprise cost management": 5513,
        "Total Operating Expenses": 13873,
        "Total revenue financing activities": 36,
        "Net profit from business activities": 3501,
        "Profit": 63,
        "Profit before tax": 3564,
        "Present corporate income tax expenses": 550,
        "Deferred income taxes expenses": "N/A",
        "The interests of minority shareholders": "N/A",
        "Total Cost of profits": 550,
        "Profit after tax corporate income": 3014,
        "Volume": 15000000,
        "Close of Quarter": 9.4,
        "EPS": 168.5,
        "Non-adjusted EPS": 483,
        "PE": 19.5,
        "Book Price": 4.4
      }
    },
    {
      "quarter": "Q4 2011",
      "income status": {
        "Net sales": 137471,
        "Cost of goods sold": 118004,
        "Gross Profit": 19467,
        "Financial expenses": 9601,
        "Of which: Interest expense": 8014,
        "Cost of sales": 2515,
        "Enterprise cost management": 6737,
        "Total Operating Expenses": 18853,
        "Total revenue financing activities": 933,
        "Net profit from business activities": 1547,
        "Profit": -686,
        "Profit before tax": 1341,
        "Present corporate income tax expenses": 108,
        "Deferred income taxes expenses": "N/A",
        "The interests of minority shareholders": "N/A",
        "Total Cost of profits": 108,
        "Profit after tax corporate income": 1234,
        "Volume": 15000000,
        "Close of Quarter": 14.5,
        "EPS": 155.6,
        "Non-adjusted EPS": 446,
        "PE": 32.5,
        "Book Price": 4.4
      }
    },
    {
      "quarter": "Q3 2011",
      "income status": {
        "Net sales": 64673,
        "Cost of goods sold": 47289,
        "Gross Profit": 17384,
        "Financial expenses": 8710,
        "Of which: Interest expense": 8710,
        "Cost of sales": 2120,
        "Enterprise cost management": 5598,
        "Total Operating Expenses": 16428,
        "Total revenue financing activities": 11,
        "Net profit from business activities": 966,
        "Profit": 80,
        "Profit before tax": 7474,
        "Present corporate income tax expenses": 131,
        "Deferred income taxes expenses": "N/A",
        "The interests of minority shareholders": "N/A",
        "Total Cost of profits": 131,
        "Profit after tax corporate income": 805,
        "Volume": 15000000,
        "Close of Quarter": 10.5,
        "EPS": 316.1,
        "Non-adjusted EPS": 906,
        "PE": 11.6,
        "Book Price": 4.3
      }
    },
    {
      "quarter": "Q2 2011",
      "income status": {
        "Net sales": 102422,
        "Cost of goods sold": 79429,
        "Gross Profit": 22993,
        "Financial expenses": 9679,
        "Of which: Interest expense": 7130,
        "Cost of sales": 5069,
        "Enterprise cost management": 6288,
        "Total Operating Expenses": 21036,
        "Total revenue financing activities": 613,
        "Net profit from business activities": 2569,
        "Profit": 651,
        "Profit before tax": 2851,
        "Present corporate income tax expenses": 666,
        "Deferred income taxes expenses": "N/A",
        "The interests of minority shareholders": "N/A",
        "Total Cost of profits": 666,
        "Profit after tax corporate income": 2185,
        "Volume": 15000000,
        "Close of Quarter": 15.5,
        "EPS": 405,
        "Non-adjusted EPS": 1161,
        "PE": 13.4,
        "Book Price": 4.3
      }
    },
    {
      "quarter": "Q1 2011",
      "income status": {
        "Net sales": 50799,
        "Cost of goods sold": 36256,
        "Gross Profit": 14543,
        "Financial expenses": 6476,
        "Of which: Interest expense": 6476,
        "Cost of sales": 1049,
        "Enterprise cost management": 4273,
        "Total Operating Expenses": 11798,
        "Total revenue financing activities": 37,
        "Net profit from business activities": 2782,
        "Profit": 103,
        "Profit before tax": 2912,
        "Present corporate income tax expenses": 450,
        "Deferred income taxes expenses": "N/A",
        "The interests of minority shareholders": "N/A",
        "Total Cost of profits": 450,
        "Profit after tax corporate income": 2461,
        "Volume": 15000000,
        "Close of Quarter": 23.2,
        "EPS": 533.7,
        "Non-adjusted EPS": 1530,
        "PE": 15.2,
        "Book Price": 4.8
      }
    }
  ]
}