{
  "ticker": "MHL",
  "data": [
    {
      "quarter": "Q4 2016",
      "income status": {
        "Net sales": 137074,
        "Cost of goods sold": 121786,
        "Gross Profit": 15289,
        "Financial expenses": 1410,
        "Of which: Interest expense": 1025,
        "Cost of sales": 4444,
        "Enterprise cost management": 2479,
        "Total Operating Expenses": 8333,
        "Total revenue financing activities": 583,
        "Net profit from business activities": 7539,
        "Profit": 33,
        "Profit before tax": 7572,
        "Present corporate income tax expenses": 1563,
        "Deferred income taxes expenses": "N/A",
        "The interests of minority shareholders": "N/A",
        "Total Cost of profits": 1563,
        "Profit after tax corporate income": 6009,
        "Volume": 4807871,
        "Close of Quarter": 6.4,
        "EPS": 2398,
        "Non-adjusted EPS": 2398,
        "PE": 2.7,
        "Book Price": 13.1
      }
    },
    {
      "quarter": "Q3 2016",
      "income status": {
        "Net sales": 112026,
        "Cost of goods sold": 100745,
        "Gross Profit": 11281,
        "Financial expenses": 1749,
        "Of which: Interest expense": 1572,
        "Cost of sales": 3978,
        "Enterprise cost management": 2926,
        "Total Operating Expenses": 8653,
        "Total revenue financing activities": 246,
        "Net profit from business activities": 2874,
        "Profit": 33,
        "Profit before tax": 2908,
        "Present corporate income tax expenses": 681,
        "Deferred income taxes expenses": "N/A",
        "The interests of minority shareholders": "N/A",
        "Total Cost of profits": 681,
        "Profit after tax corporate income": 2226,
        "Volume": 4807871,
        "Close of Quarter": 5.2,
        "EPS": 1258,
        "Non-adjusted EPS": 1258,
        "PE": 4.1,
        "Book Price": 11.9
      }
    },
    {
      "quarter": "Q2 2016",
      "income status": {
        "Net sales": 100263,
        "Cost of goods sold": 88220,
        "Gross Profit": 12044,
        "Financial expenses": 1581,
        "Of which: Interest expense": 1441,
        "Cost of sales": 6088,
        "Enterprise cost management": 3309,
        "Total Operating Expenses": 10978,
        "Total revenue financing activities": 341,
        "Net profit from business activities": 1406,
        "Profit": 54,
        "Profit before tax": 1460,
        "Present corporate income tax expenses": 1099,
        "Deferred income taxes expenses": "N/A",
        "The interests of minority shareholders": "N/A",
        "Total Cost of profits": 1099,
        "Profit after tax corporate income": 360,
        "Volume": 4807871,
        "Close of Quarter": 6.5,
        "EPS": 1493,
        "Non-adjusted EPS": 1493,
        "PE": 4.3,
        "Book Price": 11.9
      }
    },
    {
      "quarter": "Q1 2016",
      "income status": {
        "Net sales": 113199,
        "Cost of goods sold": 101782,
        "Gross Profit": 11417,
        "Financial expenses": 1749,
        "Of which: Interest expense": 1385,
        "Cost of sales": 4125,
        "Enterprise cost management": 2101,
        "Total Operating Expenses": 7975,
        "Total revenue financing activities": 246,
        "Net profit from business activities": 3688,
        "Profit": 87,
        "Profit before tax": 3774,
        "Present corporate income tax expenses": 843,
        "Deferred income taxes expenses": "N/A",
        "The interests of minority shareholders": "N/A",
        "Total Cost of profits": 843,
        "Profit after tax corporate income": 2932,
        "Volume": 4370817,
        "Close of Quarter": 4.3,
        "EPS": 1483.6,
        "Non-adjusted EPS": 1632,
        "PE": 2.6,
        "Book Price": 12.5
      }
    },
    {
      "quarter": "Q4 2015",
      "income status": {
        "Net sales": 127601,
        "Cost of goods sold": 118184,
        "Gross Profit": 9417,
        "Financial expenses": 2170,
        "Of which: Interest expense": 1812,
        "Cost of sales": 4854,
        "Enterprise cost management": 1986,
        "Total Operating Expenses": 9010,
        "Total revenue financing activities": 424,
        "Net profit from business activities": 830,
        "Profit": 30,
        "Profit before tax": 860,
        "Present corporate income tax expenses": 330,
        "Deferred income taxes expenses": "N/A",
        "The interests of minority shareholders": "N/A",
        "Total Cost of profits": 330,
        "Profit after tax corporate income": 529,
        "Volume": 4370817,
        "Close of Quarter": 4.6,
        "EPS": 1104.6,
        "Non-adjusted EPS": 1215,
        "PE": 3.8,
        "Book Price": 12
      }
    },
    {
      "quarter": "Q3 2015",
      "income status": {
        "Net sales": 101272,
        "Cost of goods sold": 90318,
        "Gross Profit": 10955,
        "Financial expenses": 2938,
        "Of which: Interest expense": 2108,
        "Cost of sales": 3757,
        "Enterprise cost management": 2630,
        "Total Operating Expenses": 9325,
        "Total revenue financing activities": 401,
        "Net profit from business activities": 2031,
        "Profit": 2523,
        "Profit before tax": 4554,
        "Present corporate income tax expenses": 1195,
        "Deferred income taxes expenses": "N/A",
        "The interests of minority shareholders": "N/A",
        "Total Cost of profits": 1195,
        "Profit after tax corporate income": 3359,
        "Volume": 4370817,
        "Close of Quarter": 5.0,
        "EPS": 1050.9,
        "Non-adjusted EPS": 1156,
        "PE": 4.3,
        "Book Price": 11.8
      }
    },
    {
      "quarter": "Q2 2015",
      "income status": {
        "Net sales": 134295,
        "Cost of goods sold": 124929,
        "Gross Profit": 9366,
        "Financial expenses": 1639,
        "Of which: Interest expense": 1433,
        "Cost of sales": 5615,
        "Enterprise cost management": 1831,
        "Total Operating Expenses": 9085,
        "Total revenue financing activities": 388,
        "Net profit from business activities": 669,
        "Profit": 85,
        "Profit before tax": 754,
        "Present corporate income tax expenses": 442,
        "Deferred income taxes expenses": "N/A",
        "The interests of minority shareholders": "N/A",
        "Total Cost of profits": 442,
        "Profit after tax corporate income": 312,
        "Volume": 3834050,
        "Close of Quarter": 4.3,
        "EPS": 169.1,
        "Non-adjusted EPS": 212,
        "PE": 20.3,
        "Book Price": 12.7
      }
    },
    {
      "quarter": "Q1 2015",
      "income status": {
        "Net sales": 100155,
        "Cost of goods sold": 91447,
        "Gross Profit": 8708,
        "Financial expenses": 1794,
        "Of which: Interest expense": 1547,
        "Cost of sales": 3860,
        "Enterprise cost management": 1866,
        "Total Operating Expenses": 7520,
        "Total revenue financing activities": 261,
        "Net profit from business activities": 1449,
        "Profit": 30,
        "Profit before tax": 1479,
        "Present corporate income tax expenses": 368,
        "Deferred income taxes expenses": "N/A",
        "The interests of minority shareholders": "N/A",
        "Total Cost of profits": 368,
        "Profit after tax corporate income": 1112,
        "Volume": 3834050,
        "Close of Quarter": 5.5,
        "EPS": 496.0,
        "Non-adjusted EPS": 622,
        "PE": 8.9,
        "Book Price": 10.1
      }
    },
    {
      "quarter": "Q4 2014",
      "income status": {
        "Net sales": 105531,
        "Cost of goods sold": 100184,
        "Gross Profit": 5347,
        "Financial expenses": 1283,
        "Of which: Interest expense": 1186,
        "Cost of sales": 3244,
        "Enterprise cost management": 1488,
        "Total Operating Expenses": 6015,
        "Total revenue financing activities": 94,
        "Net profit from business activities": -574,
        "Profit": 984,
        "Profit before tax": 410,
        "Present corporate income tax expenses": 141,
        "Deferred income taxes expenses": "N/A",
        "The interests of minority shareholders": "N/A",
        "Total Cost of profits": 141,
        "Profit after tax corporate income": 270,
        "Volume": 3834050,
        "Close of Quarter": 5.7,
        "EPS": 307.0,
        "Non-adjusted EPS": 385,
        "PE": 14.9,
        "Book Price": 9.9
      }
    },
    {
      "quarter": "Q3 2014",
      "income status": {
        "Net sales": 91233,
        "Cost of goods sold": 86115,
        "Gross Profit": 5118,
        "Financial expenses": 1205,
        "Of which: Interest expense": 1149,
        "Cost of sales": 3664,
        "Enterprise cost management": 1652,
        "Total Operating Expenses": 6521,
        "Total revenue financing activities": 86,
        "Net profit from business activities": -1316,
        "Profit": 696,
        "Profit before tax": -620,
        "Present corporate income tax expenses": 249,
        "Deferred income taxes expenses": 14,
        "The interests of minority shareholders": "N/A",
        "Total Cost of profits": 263,
        "Profit after tax corporate income": -883,
        "Volume": 3834050,
        "Close of Quarter": 5.1,
        "EPS": 954.6,
        "Non-adjusted EPS": 1197,
        "PE": 4.2,
        "Book Price": 9.8
      }
    },
    {
      "quarter": "Q2 2014",
      "income status": {
        "Net sales": 91507,
        "Cost of goods sold": 81542,
        "Gross Profit": 9966,
        "Financial expenses": 1707,
        "Of which: Interest expense": 1692,
        "Cost of sales": 3655,
        "Enterprise cost management": 2419,
        "Total Operating Expenses": 7781,
        "Total revenue financing activities": 141,
        "Net profit from business activities": 2327,
        "Profit": 165,
        "Profit before tax": 2492,
        "Present corporate income tax expenses": 619,
        "Deferred income taxes expenses": -14,
        "The interests of minority shareholders": "N/A",
        "Total Cost of profits": 605,
        "Profit after tax corporate income": 1886,
        "Volume": 3834050,
        "Close of Quarter": 5.1,
        "EPS": 1114.8,
        "Non-adjusted EPS": 1398,
        "PE": 3.6,
        "Book Price": 10.1
      }
    },
    {
      "quarter": "Q1 2014",
      "income status": {
        "Net sales": 69499,
        "Cost of goods sold": 62386,
        "Gross Profit": 7113,
        "Financial expenses": 1796,
        "Of which: Interest expense": 1766,
        "Cost of sales": 2850,
        "Enterprise cost management": 2135,
        "Total Operating Expenses": 6781,
        "Total revenue financing activities": 95,
        "Net profit from business activities": 427,
        "Profit": 1,
        "Profit before tax": 428,
        "Present corporate income tax expenses": 241,
        "Deferred income taxes expenses": -14,
        "The interests of minority shareholders": "N/A",
        "Total Cost of profits": 227,
        "Profit after tax corporate income": 202,
        "Volume": 3834050,
        "Close of Quarter": 5.4,
        "EPS": 757.6,
        "Non-adjusted EPS": 950,
        "PE": 5.6,
        "Book Price": 9.7
      }
    },
    {
      "quarter": "Q4 2013",
      "income status": {
        "Net sales": 124560,
        "Cost of goods sold": 111243,
        "Gross Profit": 13317,
        "Financial expenses": 2047,
        "Of which: Interest expense": 1976,
        "Cost of sales": 4631,
        "Enterprise cost management": 2009,
        "Total Operating Expenses": 8687,
        "Total revenue financing activities": 91,
        "Net profit from business activities": 4720,
        "Profit": 45,
        "Profit before tax": 4766,
        "Present corporate income tax expenses": 1381,
        "Deferred income taxes expenses": "N/A",
        "The interests of minority shareholders": "N/A",
        "Total Cost of profits": 1381,
        "Profit after tax corporate income": 3385,
        "Volume": 3834050,
        "Close of Quarter": 8.1,
        "EPS": 901.1,
        "Non-adjusted EPS": 1130,
        "PE": 7.2,
        "Book Price": 9.7
      }
    },
    {
      "quarter": "Q3 2013",
      "income status": {
        "Net sales": 120214,
        "Cost of goods sold": 111247,
        "Gross Profit": 8967,
        "Financial expenses": 2443,
        "Of which: Interest expense": 1886,
        "Cost of sales": 3788,
        "Enterprise cost management": 2397,
        "Total Operating Expenses": 8628,
        "Total revenue financing activities": 172,
        "Net profit from business activities": 510,
        "Profit": -276,
        "Profit before tax": 234,
        "Present corporate income tax expenses": 348,
        "Deferred income taxes expenses": "N/A",
        "The interests of minority shareholders": "N/A",
        "Total Cost of profits": 348,
        "Profit after tax corporate income": -114,
        "Volume": 3834050,
        "Close of Quarter": 8.1,
        "EPS": 441.0,
        "Non-adjusted EPS": 553,
        "PE": 14.7,
        "Book Price": 8.9
      }
    },
    {
      "quarter": "Q2 2013",
      "income status": {
        "Net sales": 95493,
        "Cost of goods sold": 89251,
        "Gross Profit": 6243,
        "Financial expenses": 787,
        "Of which: Interest expense": 811,
        "Cost of sales": 3318,
        "Enterprise cost management": 1798,
        "Total Operating Expenses": 5903,
        "Total revenue financing activities": 94,
        "Net profit from business activities": 433,
        "Profit": 16,
        "Profit before tax": 449,
        "Present corporate income tax expenses": 278,
        "Deferred income taxes expenses": "N/A",
        "The interests of minority shareholders": "N/A",
        "Total Cost of profits": 278,
        "Profit after tax corporate income": 171,
        "Volume": 3834050,
        "Close of Quarter": 8.1,
        "EPS": 414.7,
        "Non-adjusted EPS": 520,
        "PE": 15.6,
        "Book Price": 9.0
      }
    },
    {
      "quarter": "Q1 2013",
      "income status": {
        "Net sales": 105640,
        "Cost of goods sold": 98748,
        "Gross Profit": 6892,
        "Financial expenses": 1122,
        "Of which: Interest expense": 829,
        "Cost of sales": 3500,
        "Enterprise cost management": 1774,
        "Total Operating Expenses": 6396,
        "Total revenue financing activities": 67,
        "Net profit from business activities": 563,
        "Profit": 947,
        "Profit before tax": 1509,
        "Present corporate income tax expenses": 618,
        "Deferred income taxes expenses": "N/A",
        "The interests of minority shareholders": "N/A",
        "Total Cost of profits": 618,
        "Profit after tax corporate income": 891,
        "Volume": 3834050,
        "Close of Quarter": 6.7,
        "EPS": 195.4,
        "Non-adjusted EPS": 245,
        "PE": 27.5,
        "Book Price": 8.9
      }
    },
    {
      "quarter": "Q4 2012",
      "income status": {
        "Net sales": 99510,
        "Cost of goods sold": 92073,
        "Gross Profit": 7437,
        "Financial expenses": 348,
        "Of which: Interest expense": 242,
        "Cost of sales": 2965,
        "Enterprise cost management": 2539,
        "Total Operating Expenses": 5852,
        "Total revenue financing activities": 54,
        "Net profit from business activities": 1638,
        "Profit": 92,
        "Profit before tax": 1730,
        "Present corporate income tax expenses": 557,
        "Deferred income taxes expenses": "N/A",
        "The interests of minority shareholders": "N/A",
        "Total Cost of profits": 557,
        "Profit after tax corporate income": 1173,
        "Volume": 3834050,
        "Close of Quarter": 6.7,
        "EPS": 240.0,
        "Non-adjusted EPS": 301,
        "PE": 22.2,
        "Book Price": 9.0
      }
    },
    {
      "quarter": "Q3 2012",
      "income status": {
        "Net sales": 33121,
        "Cost of goods sold": 28954,
        "Gross Profit": 4167,
        "Financial expenses": 224,
        "Of which: Interest expense": 146,
        "Cost of sales": 3963,
        "Enterprise cost management": 306,
        "Total Operating Expenses": 4493,
        "Total revenue financing activities": 61,
        "Net profit from business activities": -265,
        "Profit": 66,
        "Profit before tax": -199,
        "Present corporate income tax expenses": 41,
        "Deferred income taxes expenses": "N/A",
        "The interests of minority shareholders": "N/A",
        "Total Cost of profits": 41,
        "Profit after tax corporate income": -240,
        "Volume": 3834050,
        "Close of Quarter": 5.7,
        "EPS": 226.5,
        "Non-adjusted EPS": 284,
        "PE": 19.9,
        "Book Price": 8.8
      }
    },
    {
      "quarter": "Q2 2012",
      "income status": {
        "Net sales": 76551,
        "Cost of goods sold": 73247,
        "Gross Profit": 3304,
        "Financial expenses": 1317,
        "Of which: Interest expense": 1260,
        "Cost of sales": 1754,
        "Enterprise cost management": 1733,
        "Total Operating Expenses": 4804,
        "Total revenue financing activities": 125,
        "Net profit from business activities": -1376,
        "Profit": 27,
        "Profit before tax": -1349,
        "Present corporate income tax expenses": -467,
        "Deferred income taxes expenses": 3,
        "The interests of minority shareholders": "N/A",
        "Total Cost of profits": -464,
        "Profit after tax corporate income": -885,
        "Volume": 3834050,
        "Close of Quarter": 5.3,
        "EPS": 160.3,
        "Non-adjusted EPS": 201,
        "PE": 26.3,
        "Book Price": 8.8
      }
    },
    {
      "quarter": "Q1 2012",
      "income status": {
        "Net sales": 73746,
        "Cost of goods sold": 69065,
        "Gross Profit": 4681,
        "Financial expenses": 700,
        "Of which: Interest expense": 203,
        "Cost of sales": 2325,
        "Enterprise cost management": 1818,
        "Total Operating Expenses": 4843,
        "Total revenue financing activities": 274,
        "Net profit from business activities": 112,
        "Profit": 1560,
        "Profit before tax": 1672,
        "Present corporate income tax expenses": 567,
        "Deferred income taxes expenses": "N/A",
        "The interests of minority shareholders": "N/A",
        "Total Cost of profits": 567,
        "Profit after tax corporate income": 1106,
        "Volume": 3834050,
        "Close of Quarter": 6.5,
        "EPS": 405.1,
        "Non-adjusted EPS": 508,
        "PE": 12.8,
        "Book Price": 9.3
      }
    },
    {
      "quarter": "Q4 2011",
      "income status": {
        "Net sales": 73746,
        "Cost of goods sold": 69065,
        "Gross Profit": 4681,
        "Financial expenses": 700,
        "Of which: Interest expense": 203,
        "Cost of sales": 2325,
        "Enterprise cost management": 1818,
        "Total Operating Expenses": 4843,
        "Total revenue financing activities": 274,
        "Net profit from business activities": 112,
        "Profit": 1560,
        "Profit before tax": 1672,
        "Present corporate income tax expenses": 567,
        "Deferred income taxes expenses": "N/A",
        "The interests of minority shareholders": "N/A",
        "Total Cost of profits": 567,
        "Profit after tax corporate income": 1106,
        "Volume": 3834050,
        "Close of Quarter": 10.7,
        "EPS": 678.6,
        "Non-adjusted EPS": 851,
        "PE": 12.5,
        "Book Price": 9.3
      }
    },
    {
      "quarter": "Q3 2011",
      "income status": {
        "Net sales": 55998,
        "Cost of goods sold": 53151,
        "Gross Profit": 2847,
        "Financial expenses": 25,
        "Of which: Interest expense": "N/A",
        "Cost of sales": 1713,
        "Enterprise cost management": 1923,
        "Total Operating Expenses": 3661,
        "Total revenue financing activities": 304,
        "Net profit from business activities": -510,
        "Profit": 80,
        "Profit before tax": -429,
        "Present corporate income tax expenses": 126,
        "Deferred income taxes expenses": "N/A",
        "The interests of minority shareholders": "N/A",
        "Total Cost of profits": 126,
        "Profit after tax corporate income": -556,
        "Volume": 3976350,
        "Close of Quarter": 11.9,
        "EPS": 390.4,
        "Non-adjusted EPS": 472,
        "PE": 25.2,
        "Book Price": 9.1
      }
    },
    {
      "quarter": "Q2 2011",
      "income status": {
        "Net sales": 54895,
        "Cost of goods sold": 51004,
        "Gross Profit": 3891,
        "Financial expenses": 649,
        "Of which: Interest expense": 502,
        "Cost of sales": 1359,
        "Enterprise cost management": 1877,
        "Total Operating Expenses": 3885,
        "Total revenue financing activities": 329,
        "Net profit from business activities": 335,
        "Profit": 329,
        "Profit before tax": 664,
        "Present corporate income tax expenses": 374,
        "Deferred income taxes expenses": "N/A",
        "The interests of minority shareholders": "N/A",
        "Total Cost of profits": 374,
        "Profit after tax corporate income": 290,
        "Volume": 3976350,
        "Close of Quarter": 13.5,
        "EPS": 507.8,
        "Non-adjusted EPS": 614,
        "PE": 22.0,
        "Book Price": 9.6
      }
    },
    {
      "quarter": "Q1 2011",
      "income status": {
        "Net sales": 78261,
        "Cost of goods sold": 72753,
        "Gross Profit": 5508,
        "Financial expenses": 289,
        "Of which: Interest expense": 266,
        "Cost of sales": 1588,
        "Enterprise cost management": 1496,
        "Total Operating Expenses": 3373,
        "Total revenue financing activities": 1206,
        "Net profit from business activities": 3342,
        "Profit": 20,
        "Profit before tax": 3362,
        "Present corporate income tax expenses": 939,
        "Deferred income taxes expenses": "N/A",
        "The interests of minority shareholders": "N/A",
        "Total Cost of profits": 939,
        "Profit after tax corporate income": 2424,
        "Volume": 3976350,
        "Close of Quarter": 12.1,
        "EPS": 738.6,
        "Non-adjusted EPS": 893,
        "PE": 13.5,
        "Book Price": 10.3
      }
    }
  ]
}