{
  "ticker": "COM",
  "data": [
    {
      "quarter": "Q4 2016",
      "income status": {
        "Net sales": 926923,
        "Cost of goods sold": 852980,
        "Gross Profit": 73944,
        "Financial expenses": -1615,
        "Of which: Interest expense": "N/A",
        "Cost of sales": 30959,
        "Enterprise cost management": 2193,
        "Total Operating Expenses": 31537,
        "Total revenue financing activities": 660,
        "Net profit from business activities": 43067,
        "Profit": 285,
        "Profit before tax": 43352,
        "Present corporate income tax expenses": 8586,
        "Deferred income taxes expenses": "N/A",
        "The interests of minority shareholders": "N/A",
        "Total Cost of profits": 8586,
        "Profit after tax corporate income": 34766,
        "Volume": 13752368,
        "Close of Quarter": 51,
        "EPS": 7979,
        "Non-adjusted EPS": 7979,
        "PE": 6.4,
        "Book Price": 30.9
      }
    },
    {
      "quarter": "Q3 2016",
      "income status": {
        "Net sales": 869735,
        "Cost of goods sold": 795656,
        "Gross Profit": 74079,
        "Financial expenses": -592,
        "Of which: Interest expense": "N/A",
        "Cost of sales": 27783,
        "Enterprise cost management": 3659,
        "Total Operating Expenses": 30850,
        "Total revenue financing activities": 384,
        "Net profit from business activities": 43614,
        "Profit": 10,
        "Profit before tax": 43624,
        "Present corporate income tax expenses": 8701,
        "Deferred income taxes expenses": "N/A",
        "The interests of minority shareholders": "N/A",
        "Total Cost of profits": 8701,
        "Profit after tax corporate income": 34923,
        "Volume": 13752368,
        "Close of Quarter": 44.6,
        "EPS": 6923,
        "Non-adjusted EPS": 6923,
        "PE": 6.5,
        "Book Price": 32.5
      }
    },
    {
      "quarter": "Q2 2016",
      "income status": {
        "Net sales": 887688,
        "Cost of goods sold": 810889,
        "Gross Profit": 76798,
        "Financial expenses": -369,
        "Of which: Interest expense": "N/A",
        "Cost of sales": 35449,
        "Enterprise cost management": 7123,
        "Total Operating Expenses": 42203,
        "Total revenue financing activities": 966,
        "Net profit from business activities": 35562,
        "Profit": -218,
        "Profit before tax": 35344,
        "Present corporate income tax expenses": -2900,
        "Deferred income taxes expenses": 9806,
        "The interests of minority shareholders": "N/A",
        "Total Cost of profits": 6906,
        "Profit after tax corporate income": 28439,
        "Volume": 13752368,
        "Close of Quarter": 39.8,
        "EPS": 6498,
        "Non-adjusted EPS": 6498,
        "PE": 6.1,
        "Book Price": 31
      }
    },
    {
      "quarter": "Q1 2016",
      "income status": {
        "Net sales": 787051,
        "Cost of goods sold": 726988,
        "Gross Profit": 60063,
        "Financial expenses": 970,
        "Of which: Interest expense": "N/A",
        "Cost of sales": 41426,
        "Enterprise cost management": 3467,
        "Total Operating Expenses": 45863,
        "Total revenue financing activities": 186,
        "Net profit from business activities": 14386,
        "Profit": 115,
        "Profit before tax": 14501,
        "Present corporate income tax expenses": 2900,
        "Deferred income taxes expenses": "N/A",
        "The interests of minority shareholders": "N/A",
        "Total Cost of profits": 2900,
        "Profit after tax corporate income": 11601,
        "Volume": 13752368,
        "Close of Quarter": 41.7,
        "EPS": 7275,
        "Non-adjusted EPS": 7275,
        "PE": 5.7,
        "Book Price": 29.6
      }
    },
    {
      "quarter": "Q4 2015",
      "income status": {
        "Net sales": 942528,
        "Cost of goods sold": 886944,
        "Gross Profit": 55584,
        "Financial expenses": -407,
        "Of which: Interest expense": "N/A",
        "Cost of sales": 29249,
        "Enterprise cost management": 1568,
        "Total Operating Expenses": 30410,
        "Total revenue financing activities": 670,
        "Net profit from business activities": 25846,
        "Profit": 2,
        "Profit before tax": 25848,
        "Present corporate income tax expenses": 5599,
        "Deferred income taxes expenses": "N/A",
        "The interests of minority shareholders": "N/A",
        "Total Cost of profits": 5599,
        "Profit after tax corporate income": 20249,
        "Volume": 13752368,
        "Close of Quarter": 48.3,
        "EPS": 7272,
        "Non-adjusted EPS": 7272,
        "PE": 6.6,
        "Book Price": 28.8
      }
    },
    {
      "quarter": "Q3 2015",
      "income status": {
        "Net sales": 1217404,
        "Cost of goods sold": 1147756,
        "Gross Profit": 69648,
        "Financial expenses": 715,
        "Of which: Interest expense": "N/A",
        "Cost of sales": 31397,
        "Enterprise cost management": 1741,
        "Total Operating Expenses": 33853,
        "Total revenue financing activities": 852,
        "Net profit from business activities": 36648,
        "Profit": 479,
        "Profit before tax": 37127,
        "Present corporate income tax expenses": 8054,
        "Deferred income taxes expenses": "N/A",
        "The interests of minority shareholders": "N/A",
        "Total Cost of profits": 8054,
        "Profit after tax corporate income": 29073,
        "Volume": 13752368,
        "Close of Quarter": 32.3,
        "EPS": 6814,
        "Non-adjusted EPS": 6814,
        "PE": 4.7,
        "Book Price": 31.4
      }
    },
    {
      "quarter": "Q2 2015",
      "income status": {
        "Net sales": 1121510,
        "Cost of goods sold": 1012572,
        "Gross Profit": 108938,
        "Financial expenses": 184,
        "Of which: Interest expense": 543,
        "Cost of sales": 55418,
        "Enterprise cost management": 8347,
        "Total Operating Expenses": 63949,
        "Total revenue financing activities": 5298,
        "Net profit from business activities": 50286,
        "Profit": -237,
        "Profit before tax": 50049,
        "Present corporate income tax expenses": 10926,
        "Deferred income taxes expenses": "N/A",
        "The interests of minority shareholders": "N/A",
        "Total Cost of profits": 10926,
        "Profit after tax corporate income": 39123,
        "Volume": 13752368,
        "Close of Quarter": 29.8,
        "EPS": 5417,
        "Non-adjusted EPS": 5417,
        "PE": 5.5,
        "Book Price": 30.9
      }
    },
    {
      "quarter": "Q1 2015",
      "income status": {
        "Net sales": 927043,
        "Cost of goods sold": 865292,
        "Gross Profit": 61751,
        "Financial expenses": -35,
        "Of which: Interest expense": 30,
        "Cost of sales": 31949,
        "Enterprise cost management": 15460,
        "Total Operating Expenses": 47374,
        "Total revenue financing activities": 218,
        "Net profit from business activities": 14594,
        "Profit": 196,
        "Profit before tax": 14791,
        "Present corporate income tax expenses": 3234,
        "Deferred income taxes expenses": "N/A",
        "The interests of minority shareholders": "N/A",
        "Total Cost of profits": 3234,
        "Profit after tax corporate income": 11556,
        "Volume": 13752368,
        "Close of Quarter": 32.8,
        "EPS": 3355,
        "Non-adjusted EPS": 3355,
        "PE": 9.8,
        "Book Price": 28.3
      }
    },
    {
      "quarter": "Q4 2014",
      "income status": {
        "Net sales": 1314936,
        "Cost of goods sold": 1264053,
        "Gross Profit": 50883,
        "Financial expenses": -687,
        "Of which: Interest expense": 64,
        "Cost of sales": 33340,
        "Enterprise cost management": 3770,
        "Total Operating Expenses": 36423,
        "Total revenue financing activities": 2746,
        "Net profit from business activities": 17205,
        "Profit": -1,
        "Profit before tax": 17204,
        "Present corporate income tax expenses": 3250,
        "Deferred income taxes expenses": "N/A",
        "The interests of minority shareholders": "N/A",
        "Total Cost of profits": 3250,
        "Profit after tax corporate income": 13955,
        "Volume": 13752368,
        "Close of Quarter": 24.0,
        "EPS": 3055,
        "Non-adjusted EPS": 3055,
        "PE": 7.8,
        "Book Price": 28.3
      }
    },
    {
      "quarter": "Q3 2014",
      "income status": {
        "Net sales": 1380810,
        "Cost of goods sold": 1339571,
        "Gross Profit": 41239,
        "Financial expenses": 1085,
        "Of which: Interest expense": 669,
        "Cost of sales": 27290,
        "Enterprise cost management": 3506,
        "Total Operating Expenses": 31881,
        "Total revenue financing activities": 2597,
        "Net profit from business activities": 11956,
        "Profit": 6,
        "Profit before tax": 11962,
        "Present corporate income tax expenses": 2098,
        "Deferred income taxes expenses": "N/A",
        "The interests of minority shareholders": "N/A",
        "Total Cost of profits": 2098,
        "Profit after tax corporate income": 9864,
        "Volume": 13752368,
        "Close of Quarter": 28.4,
        "EPS": 2489,
        "Non-adjusted EPS": 2489,
        "PE": 11.4,
        "Book Price": 27.3
      }
    },
    {
      "quarter": "Q2 2014",
      "income status": {
        "Net sales": 1493401,
        "Cost of goods sold": 1450926,
        "Gross Profit": 42476,
        "Financial expenses": 1349,
        "Of which: Interest expense": 1444,
        "Cost of sales": 26970,
        "Enterprise cost management": 3562,
        "Total Operating Expenses": 31881,
        "Total revenue financing activities": 2539,
        "Net profit from business activities": 13134,
        "Profit": 2,
        "Profit before tax": 13136,
        "Present corporate income tax expenses": 2368,
        "Deferred income taxes expenses": "N/A",
        "The interests of minority shareholders": "N/A",
        "Total Cost of profits": 2368,
        "Profit after tax corporate income": 10768,
        "Volume": 13752368,
        "Close of Quarter": 25.3,
        "EPS": 2267,
        "Non-adjusted EPS": 2267,
        "PE": 11.2,
        "Book Price": 27.6
      }
    },
    {
      "quarter": "Q1 2014",
      "income status": {
        "Net sales": 1266039,
        "Cost of goods sold": 1217829,
        "Gross Profit": 48210,
        "Financial expenses": 3525,
        "Of which: Interest expense": 1224,
        "Cost of sales": 26007,
        "Enterprise cost management": 12047,
        "Total Operating Expenses": 41579,
        "Total revenue financing activities": 2314,
        "Net profit from business activities": 8946,
        "Profit": -30,
        "Profit before tax": 8916,
        "Present corporate income tax expenses": 1484,
        "Deferred income taxes expenses": "N/A",
        "The interests of minority shareholders": "N/A",
        "Total Cost of profits": 1484,
        "Profit after tax corporate income": 7431,
        "Volume": 13752368,
        "Close of Quarter": 27.6,
        "EPS": 1986,
        "Non-adjusted EPS": 1986,
        "PE": 13.9,
        "Book Price": 26.1
      }
    },
    {
      "quarter": "Q4 2013",
      "income status": {
        "Net sales": 1400976,
        "Cost of goods sold": 1361591,
        "Gross Profit": 39385,
        "Financial expenses": 2362,
        "Of which: Interest expense": 1084,
        "Cost of sales": 30682,
        "Enterprise cost management": 3546,
        "Total Operating Expenses": 36590,
        "Total revenue financing activities": 4557,
        "Net profit from business activities": 7352,
        "Profit": 231,
        "Profit before tax": 7583,
        "Present corporate income tax expenses": 1422,
        "Deferred income taxes expenses": "N/A",
        "The interests of minority shareholders": "N/A",
        "Total Cost of profits": 1422,
        "Profit after tax corporate income": 6161,
        "Volume": 13752368,
        "Close of Quarter": 20.9,
        "EPS": 1856,
        "Non-adjusted EPS": 1856,
        "PE": 11.3,
        "Book Price": 26.2
      }
    },
    {
      "quarter": "Q3 2013",
      "income status": {
        "Net sales": 1332178,
        "Cost of goods sold": 1290144,
        "Gross Profit": 42034,
        "Financial expenses": 8554,
        "Of which: Interest expense": 1364,
        "Cost of sales": 24808,
        "Enterprise cost management": 3334,
        "Total Operating Expenses": 36696,
        "Total revenue financing activities": 1783,
        "Net profit from business activities": 7120,
        "Profit": 1046,
        "Profit before tax": 8166,
        "Present corporate income tax expenses": 1353,
        "Deferred income taxes expenses": "N/A",
        "The interests of minority shareholders": "N/A",
        "Total Cost of profits": 1353,
        "Profit after tax corporate income": 6812,
        "Volume": 13752368,
        "Close of Quarter": 21.7,
        "EPS": 2028,
        "Non-adjusted EPS": 2028,
        "PE": 10.7,
        "Book Price": 25.7
      }
    },
    {
      "quarter": "Q2 2013",
      "income status": {
        "Net sales": 1300216,
        "Cost of goods sold": 1255165,
        "Gross Profit": 45050,
        "Financial expenses": 12188,
        "Of which: Interest expense": 1396,
        "Cost of sales": 21999,
        "Enterprise cost management": 2972,
        "Total Operating Expenses": 37159,
        "Total revenue financing activities": 878,
        "Net profit from business activities": 8769,
        "Profit": 53,
        "Profit before tax": 8822,
        "Present corporate income tax expenses": -1885,
        "Deferred income taxes expenses": 3802,
        "The interests of minority shareholders": "N/A",
        "Total Cost of profits": 1917,
        "Profit after tax corporate income": 6904,
        "Volume": 13752368,
        "Close of Quarter": 19.2,
        "EPS": 1573,
        "Non-adjusted EPS": 1573,
        "PE": 12.2,
        "Book Price": 26.2
      }
    },
    {
      "quarter": "Q1 2013",
      "income status": {
        "Net sales": 1197362,
        "Cost of goods sold": 1169572,
        "Gross Profit": 27790,
        "Financial expenses": 1820,
        "Of which: Interest expense": 1717,
        "Cost of sales": 17001,
        "Enterprise cost management": 1830,
        "Total Operating Expenses": 20651,
        "Total revenue financing activities": 435,
        "Net profit from business activities": 7574,
        "Profit": -36,
        "Profit before tax": 7538,
        "Present corporate income tax expenses": 1885,
        "Deferred income taxes expenses": "N/A",
        "The interests of minority shareholders": "N/A",
        "Total Cost of profits": 1885,
        "Profit after tax corporate income": 5654,
        "Volume": 13752368,
        "Close of Quarter": 22.3,
        "EPS": 1716,
        "Non-adjusted EPS": 1716,
        "PE": 13.0,
        "Book Price": 25.9
      }
    },
    {
      "quarter": "Q4 2012",
      "income status": {
        "Net sales": 1333462,
        "Cost of goods sold": 1293113,
        "Gross Profit": 40350,
        "Financial expenses": -613,
        "Of which: Interest expense": 435,
        "Cost of sales": 26396,
        "Enterprise cost management": 3591,
        "Total Operating Expenses": 29374,
        "Total revenue financing activities": 348,
        "Net profit from business activities": 11323,
        "Profit": -35,
        "Profit before tax": 11288,
        "Present corporate income tax expenses": 2768,
        "Deferred income taxes expenses": "N/A",
        "The interests of minority shareholders": "N/A",
        "Total Cost of profits": 2768,
        "Profit after tax corporate income": 8520,
        "Volume": 13752368,
        "Close of Quarter": 20.8,
        "EPS": 1783,
        "Non-adjusted EPS": 1783,
        "PE": 11.7,
        "Book Price": 26
      }
    },
    {
      "quarter": "Q3 2012",
      "income status": {
        "Net sales": 1147680,
        "Cost of goods sold": 1106051,
        "Gross Profit": 41629,
        "Financial expenses": 19306,
        "Of which: Interest expense": 1439,
        "Cost of sales": 20239,
        "Enterprise cost management": 2391,
        "Total Operating Expenses": 41936,
        "Total revenue financing activities": 689,
        "Net profit from business activities": 382,
        "Profit": 159,
        "Profit before tax": 541,
        "Present corporate income tax expenses": -18,
        "Deferred income taxes expenses": "N/A",
        "The interests of minority shareholders": "N/A",
        "Total Cost of profits": -18,
        "Profit after tax corporate income": 559,
        "Volume": 13752368,
        "Close of Quarter": 20.6,
        "EPS": 1810,
        "Non-adjusted EPS": 1810,
        "PE": 11.4,
        "Book Price": 26.1
      }
    },
    {
      "quarter": "Q2 2012",
      "income status": {
        "Net sales": 1166152,
        "Cost of goods sold": 1136485,
        "Gross Profit": 29667,
        "Financial expenses": -1191,
        "Of which: Interest expense": 1830,
        "Cost of sales": 17758,
        "Enterprise cost management": 2418,
        "Total Operating Expenses": 18985,
        "Total revenue financing activities": 906,
        "Net profit from business activities": 11588,
        "Profit": -13,
        "Profit before tax": 11575,
        "Present corporate income tax expenses": 2711,
        "Deferred income taxes expenses": "N/A",
        "The interests of minority shareholders": "N/A",
        "Total Cost of profits": 2711,
        "Profit after tax corporate income": 8864,
        "Volume": 13752368,
        "Close of Quarter": 20.0,
        "EPS": 2507,
        "Non-adjusted EPS": 2507,
        "PE": 8.0,
        "Book Price": 26
      }
    },
    {
      "quarter": "Q1 2012",
      "income status": {
        "Net sales": 1309156,
        "Cost of goods sold": 1272599,
        "Gross Profit": 36557,
        "Financial expenses": 5393,
        "Of which: Interest expense": 3200,
        "Cost of sales": 21292,
        "Enterprise cost management": 2585,
        "Total Operating Expenses": 29270,
        "Total revenue financing activities": 1254,
        "Net profit from business activities": 8542,
        "Profit": "N/A",
        "Profit before tax": 8542,
        "Present corporate income tax expenses": 1960,
        "Deferred income taxes expenses": "N/A",
        "The interests of minority shareholders": "N/A",
        "Total Cost of profits": 1960,
        "Profit after tax corporate income": 6582,
        "Volume": 13752368,
        "Close of Quarter": 17.5,
        "EPS": 2252,
        "Non-adjusted EPS": 2252,
        "PE": 7.8,
        "Book Price": 26.5
      }
    },
    {
      "quarter": "Q4 2011",
      "income status": {
        "Net sales": 1245256,
        "Cost of goods sold": 1218579,
        "Gross Profit": 26677,
        "Financial expenses": 2674,
        "Of which: Interest expense": 416,
        "Cost of sales": 12301,
        "Enterprise cost management": 1821,
        "Total Operating Expenses": 16796,
        "Total revenue financing activities": 589,
        "Net profit from business activities": 10469,
        "Profit": 730,
        "Profit before tax": 42874,
        "Present corporate income tax expenses": 2314,
        "Deferred income taxes expenses": "N/A",
        "The interests of minority shareholders": "N/A",
        "Total Cost of profits": 2314,
        "Profit after tax corporate income": 8885,
        "Volume": 13752368,
        "Close of Quarter": 18.5,
        "EPS": 2419,
        "Non-adjusted EPS": 2419,
        "PE": 7.6,
        "Book Price": 26
      }
    },
    {
      "quarter": "Q3 2011",
      "income status": {
        "Net sales": 1209020,
        "Cost of goods sold": 1175405,
        "Gross Profit": 33615,
        "Financial expenses": -5207,
        "Of which: Interest expense": 347,
        "Cost of sales": 23148,
        "Enterprise cost management": 4294,
        "Total Operating Expenses": 22235,
        "Total revenue financing activities": 1925,
        "Net profit from business activities": 13306,
        "Profit": "N/A",
        "Profit before tax": 13306,
        "Present corporate income tax expenses": 3157,
        "Deferred income taxes expenses": "N/A",
        "The interests of minority shareholders": "N/A",
        "Total Cost of profits": 3157,
        "Profit after tax corporate income": 10149,
        "Volume": 13752368,
        "Close of Quarter": 21.7,
        "EPS": 2484,
        "Non-adjusted EPS": 2484,
        "PE": 8.7,
        "Book Price": 26
      }
    },
    {
      "quarter": "Q2 2011",
      "income status": {
        "Net sales": 1209039,
        "Cost of goods sold": 1179557,
        "Gross Profit": 29482,
        "Financial expenses": 13214,
        "Of which: Interest expense": 3249,
        "Cost of sales": 10471,
        "Enterprise cost management": 1147,
        "Total Operating Expenses": 24832,
        "Total revenue financing activities": 1150,
        "Net profit from business activities": 5799,
        "Profit": 1027,
        "Profit before tax": 6826,
        "Present corporate income tax expenses": 1476,
        "Deferred income taxes expenses": "N/A",
        "The interests of minority shareholders": "N/A",
        "Total Cost of profits": 1476,
        "Profit after tax corporate income": 5350,
        "Volume": 13752368,
        "Close of Quarter": 20.4,
        "EPS": 2447,
        "Non-adjusted EPS": 2447,
        "PE": 8.3,
        "Book Price": 25.5
      }
    },
    {
      "quarter": "Q1 2011",
      "income status": {
        "Net sales": 1069333,
        "Cost of goods sold": 1027184,
        "Gross Profit": 42148,
        "Financial expenses": 2647,
        "Of which: Interest expense": 2647,
        "Cost of sales": 27309,
        "Enterprise cost management": 1874,
        "Total Operating Expenses": 31830,
        "Total revenue financing activities": 1225,
        "Net profit from business activities": 11542,
        "Profit": "N/A",
        "Profit before tax": 11542,
        "Present corporate income tax expenses": 2655,
        "Deferred income taxes expenses": "N/A",
        "The interests of minority shareholders": "N/A",
        "Total Cost of profits": 2655,
        "Profit after tax corporate income": 8887,
        "Volume": 13752368,
        "Close of Quarter": 21.8,
        "EPS": 2685,
        "Non-adjusted EPS": 2685,
        "PE": 8.1,
        "Book Price": 25.7
      }
    }
  ]
}