{
  "ticker": "SGR",
  "data": [
    {
      "quarter": "Q4 2016",
      "income status": {
        "Net sales": 612575,
        "Cost of goods sold": 314965,
        "Gross Profit": 297610,
        "Financial expenses": 375,
        "Of which: Interest expense": 375,
        "Cost of sales": 53525,
        "Enterprise cost management": 38187,
        "Total Operating Expenses": 92087,
        "Total revenue financing activities": 8041,
        "Net profit from business activities": 213853,
        "Profit": "N/A",
        "Profit before tax": 213853,
        "Present corporate income tax expenses": 42599,
        "Deferred income taxes expenses": "N/A",
        "The interests of minority shareholders": 157,
        "Total Cost of profits": 42756,
        "Profit after tax corporate income": 171097,
        "Volume": 19800000,
        "Close of Quarter": 8.5,
        "EPS": 14032,
        "Non-adjusted EPS": 14032,
        "PE": 0.6,
        "Book Price": 24.9
      }
    },
    {
      "quarter": "Q3 2016",
      "income status": {
        "Net sales": 405793,
        "Cost of goods sold": 243472,
        "Gross Profit": 162322,
        "Financial expenses": 662,
        "Of which: Interest expense": 662,
        "Cost of sales": 35338,
        "Enterprise cost management": 8630,
        "Total Operating Expenses": 44630,
        "Total revenue financing activities": 97,
        "Net profit from business activities": 117822,
        "Profit": -146,
        "Profit before tax": 117676,
        "Present corporate income tax expenses": 23418,
        "Deferred income taxes expenses": "N/A",
        "The interests of minority shareholders": 209,
        "Total Cost of profits": 23627,
        "Profit after tax corporate income": 94049,
        "Volume": 13200000,
        "Close of Quarter": 6.3,
        "EPS": 5670.7,
        "Non-adjusted EPS": 8506,
        "PE": 0.7,
        "Book Price": 16.3
      }
    },
    {
      "quarter": "Q2 2016",
      "income status": {
        "Net sales": 34805,
        "Cost of goods sold": 15372,
        "Gross Profit": 19433,
        "Financial expenses": 682,
        "Of which: Interest expense": 682,
        "Cost of sales": 6,
        "Enterprise cost management": 4862,
        "Total Operating Expenses": 5550,
        "Total revenue financing activities": 548,
        "Net profit from business activities": 14368,
        "Profit": 194,
        "Profit before tax": 14562,
        "Present corporate income tax expenses": 2886,
        "Deferred income taxes expenses": "N/A",
        "The interests of minority shareholders": 87,
        "Total Cost of profits": 2973,
        "Profit after tax corporate income": 11590,
        "Volume": 13200000,
        "Close of Quarter": 4.3,
        "EPS": 1501.3,
        "Non-adjusted EPS": 2252,
        "PE": 1.9,
        "Book Price": 11.5
      }
    },
    {
      "quarter": "Q1 2016",
      "income status": {
        "Net sales": 25587,
        "Cost of goods sold": 19706,
        "Gross Profit": 5881,
        "Financial expenses": 1033,
        "Of which: Interest expense": 1033,
        "Cost of sales": "N/A",
        "Enterprise cost management": 3861,
        "Total Operating Expenses": 4894,
        "Total revenue financing activities": 360,
        "Net profit from business activities": 1187,
        "Profit": "N/A",
        "Profit before tax": 1187,
        "Present corporate income tax expenses": 306,
        "Deferred income taxes expenses": "N/A",
        "The interests of minority shareholders": -209,
        "Total Cost of profits": 97,
        "Profit after tax corporate income": 1090,
        "Volume": 13200000,
        "Close of Quarter": 3.1,
        "EPS": 1049.3,
        "Non-adjusted EPS": 1574,
        "PE": 2.0,
        "Book Price": 10.9
      }
    },
    {
      "quarter": "Q4 2015",
      "income status": {
        "Net sales": 74445,
        "Cost of goods sold": 63269,
        "Gross Profit": 11176,
        "Financial expenses": 759,
        "Of which: Interest expense": 759,
        "Cost of sales": 186,
        "Enterprise cost management": 5228,
        "Total Operating Expenses": 6173,
        "Total revenue financing activities": 1350,
        "Net profit from business activities": 6780,
        "Profit": 28,
        "Profit before tax": 6808,
        "Present corporate income tax expenses": 1561,
        "Deferred income taxes expenses": "N/A",
        "The interests of minority shareholders": -297,
        "Total Cost of profits": 1264,
        "Profit after tax corporate income": 5544,
        "Volume": 13200000,
        "Close of Quarter": 3.2,
        "EPS": 1000.7,
        "Non-adjusted EPS": 1501,
        "PE": 2.1,
        "Book Price": 10.9
      }
    },
    {
      "quarter": "Q3 2015",
      "income status": {
        "Net sales": 28041,
        "Cost of goods sold": 2821,
        "Gross Profit": 25220,
        "Financial expenses": 2112,
        "Of which: Interest expense": 590,
        "Cost of sales": 113,
        "Enterprise cost management": 4382,
        "Total Operating Expenses": 6607,
        "Total revenue financing activities": 335,
        "Net profit from business activities": 18708,
        "Profit": -2907,
        "Profit before tax": 15801,
        "Present corporate income tax expenses": 3785,
        "Deferred income taxes expenses": "N/A",
        "The interests of minority shareholders": 508,
        "Total Cost of profits": 4293,
        "Profit after tax corporate income": 11508,
        "Volume": 13200000,
        "Close of Quarter": 3.4,
        "EPS": 798.7,
        "Non-adjusted EPS": 1198,
        "PE": 2.8,
        "Book Price": "N/A"
      }
    },
    {
      "quarter": "Q2 2015",
      "income status": {
        "Net sales": 22675,
        "Cost of goods sold": 14294,
        "Gross Profit": 8381,
        "Financial expenses": 778,
        "Of which: Interest expense": 778,
        "Cost of sales": "N/A",
        "Enterprise cost management": 4566,
        "Total Operating Expenses": 5344,
        "Total revenue financing activities": 344,
        "Net profit from business activities": 3367,
        "Profit": 1,
        "Profit before tax": 3368,
        "Present corporate income tax expenses": 831,
        "Deferred income taxes expenses": "N/A",
        "The interests of minority shareholders": -95,
        "Total Cost of profits": 736,
        "Profit after tax corporate income": 2632,
        "Volume": 13200000,
        "Close of Quarter": 3.3,
        "EPS": 466,
        "Non-adjusted EPS": 699,
        "PE": 4.8,
        "Book Price": "N/A"
      }
    },
    {
      "quarter": "Q1 2015",
      "income status": {
        "Net sales": 3128,
        "Cost of goods sold": 2058,
        "Gross Profit": 1070,
        "Financial expenses": 736,
        "Of which: Interest expense": 736,
        "Cost of sales": "N/A",
        "Enterprise cost management": 3183,
        "Total Operating Expenses": 3919,
        "Total revenue financing activities": 58,
        "Net profit from business activities": -2890,
        "Profit": 3048,
        "Profit before tax": 158,
        "Present corporate income tax expenses": 129,
        "Deferred income taxes expenses": "N/A",
        "The interests of minority shareholders": -102,
        "Total Cost of profits": 27,
        "Profit after tax corporate income": 131,
        "Volume": 13200000,
        "Close of Quarter": "N/A",
        "EPS": 452,
        "Non-adjusted EPS": 678,
        "PE": "N/A",
        "Book Price": "N/A"
      }
    },
    {
      "quarter": "Q2 2011",
      "income status": {
        "Net sales": 38218,
        "Cost of goods sold": 33199,
        "Gross Profit": 5019,
        "Financial expenses": 60,
        "Of which: Interest expense": 60,
        "Cost of sales": "N/A",
        "Enterprise cost management": 3003,
        "Total Operating Expenses": 3063,
        "Total revenue financing activities": 229,
        "Net profit from business activities": 2184,
        "Profit": -131,
        "Profit before tax": 2054,
        "Present corporate income tax expenses": 513,
        "Deferred income taxes expenses": "N/A",
        "The interests of minority shareholders": "N/A",
        "Total Cost of profits": 513,
        "Profit after tax corporate income": 1540,
        "Volume": 13200000,
        "Close of Quarter": "N/A",
        "EPS": 445.3,
        "Non-adjusted EPS": 668,
        "PE": "N/A",
        "Book Price": 9.7
      }
    },
    {
      "quarter": "Q1 2011",
      "income status": {
        "Net sales": 52878,
        "Cost of goods sold": 44678,
        "Gross Profit": 8200,
        "Financial expenses": 93,
        "Of which: Interest expense": 93,
        "Cost of sales": "N/A",
        "Enterprise cost management": 2653,
        "Total Operating Expenses": 2746,
        "Total revenue financing activities": 612,
        "Net profit from business activities": 6066,
        "Profit": 341,
        "Profit before tax": 6407,
        "Present corporate income tax expenses": 1489,
        "Deferred income taxes expenses": "N/A",
        "The interests of minority shareholders": "N/A",
        "Total Cost of profits": 1489,
        "Profit after tax corporate income": 4918,
        "Volume": 13200000,
        "Close of Quarter": "N/A",
        "EPS": 367.3,
        "Non-adjusted EPS": 551,
        "PE": "N/A",
        "Book Price": "N/A"
      }
    }
  ]
}