{
  "ticker": "TVC",
  "data": [
    {
      "quarter": "Q4 2016",
      "income status": {
        "Net sales": 13293,
        "Cost of goods sold": 1321,
        "Gross Profit": 11973,
        "Financial expenses": 7656,
        "Of which: Interest expense": 4802,
        "Cost of sales": 436,
        "Enterprise cost management": 3130,
        "Total Operating Expenses": 11222,
        "Total revenue financing activities": 17739,
        "Net profit from business activities": 18489,
        "Profit": 3215,
        "Profit before tax": 21704,
        "Present corporate income tax expenses": 5378,
        "Deferred income taxes expenses": "N/A",
        "The interests of minority shareholders": 2165,
        "Total Cost of profits": 7543,
        "Profit after tax corporate income": 14161,
        "Volume": 36888630,
        "Close of Quarter": 12.6,
        "EPS": 1052,
        "Non-adjusted EPS": 1052,
        "PE": 12.0,
        "Book Price": 12.3
      }
    },
    {
      "quarter": "Q3 2016",
      "income status": {
        "Net sales": 9994,
        "Cost of goods sold": 1125,
        "Gross Profit": 8869,
        "Financial expenses": 4520,
        "Of which: Interest expense": 4291,
        "Cost of sales": 498,
        "Enterprise cost management": 2900,
        "Total Operating Expenses": 7918,
        "Total revenue financing activities": 13055,
        "Net profit from business activities": 14006,
        "Profit": -2,
        "Profit before tax": 14004,
        "Present corporate income tax expenses": 1797,
        "Deferred income taxes expenses": "N/A",
        "The interests of minority shareholders": 2163,
        "Total Cost of profits": 3960,
        "Profit after tax corporate income": 10043,
        "Volume": 24096860,
        "Close of Quarter": 11.7,
        "EPS": 578.1,
        "Non-adjusted EPS": 885,
        "PE": 13.2,
        "Book Price": 11.6
      }
    },
    {
      "quarter": "Q2 2016",
      "income status": {
        "Net sales": 8622,
        "Cost of goods sold": -773,
        "Gross Profit": 9396,
        "Financial expenses": 4158,
        "Of which: Interest expense": 3960,
        "Cost of sales": 210,
        "Enterprise cost management": 4883,
        "Total Operating Expenses": 9251,
        "Total revenue financing activities": 11844,
        "Net profit from business activities": 11988,
        "Profit": 1025,
        "Profit before tax": 13014,
        "Present corporate income tax expenses": 1670,
        "Deferred income taxes expenses": "N/A",
        "The interests of minority shareholders": 1839,
        "Total Cost of profits": 3509,
        "Profit after tax corporate income": 9505,
        "Volume": 24096860,
        "Close of Quarter": 11.0,
        "EPS": 342.3,
        "Non-adjusted EPS": 524,
        "PE": 21.0,
        "Book Price": 8.1
      }
    },
    {
      "quarter": "Q1 2016",
      "income status": {
        "Net sales": 11323,
        "Cost of goods sold": 3857,
        "Gross Profit": 7466,
        "Financial expenses": 1597,
        "Of which: Interest expense": 853,
        "Cost of sales": 343,
        "Enterprise cost management": 772,
        "Total Operating Expenses": 2712,
        "Total revenue financing activities": 2700,
        "Net profit from business activities": 7454,
        "Profit": -26,
        "Profit before tax": 7429,
        "Present corporate income tax expenses": 644,
        "Deferred income taxes expenses": "N/A",
        "The interests of minority shareholders": 1674,
        "Total Cost of profits": 2318,
        "Profit after tax corporate income": 5111,
        "Volume": 24096860,
        "Close of Quarter": 12.0,
        "EPS": 226.0,
        "Non-adjusted EPS": 346,
        "PE": 34.6,
        "Book Price": 7.8
      }
    },
    {
      "quarter": "Q4 2015",
      "income status": {
        "Net sales": 4163,
        "Cost of goods sold": 928,
        "Gross Profit": 3235,
        "Financial expenses": 2492,
        "Of which: Interest expense": 2354,
        "Cost of sales": 126,
        "Enterprise cost management": 7873,
        "Total Operating Expenses": 10491,
        "Total revenue financing activities": 4841,
        "Net profit from business activities": -2414,
        "Profit": -335,
        "Profit before tax": -2749,
        "Present corporate income tax expenses": 573,
        "Deferred income taxes expenses": "N/A",
        "The interests of minority shareholders": "N/A",
        "Total Cost of profits": 573,
        "Profit after tax corporate income": -3322,
        "Volume": 14145000,
        "Close of Quarter": 16.1,
        "EPS": 83.6,
        "Non-adjusted EPS": 218,
        "PE": 73.9,
        "Book Price": 4.8
      }
    },
    {
      "quarter": "Q3 2015",
      "income status": {
        "Net sales": 5925,
        "Cost of goods sold": 828,
        "Gross Profit": 5096,
        "Financial expenses": 1094,
        "Of which: Interest expense": 545,
        "Cost of sales": 26,
        "Enterprise cost management": 3215,
        "Total Operating Expenses": 4335,
        "Total revenue financing activities": 1864,
        "Net profit from business activities": 2625,
        "Profit": -33,
        "Profit before tax": 2593,
        "Present corporate income tax expenses": 5,
        "Deferred income taxes expenses": "N/A",
        "The interests of minority shareholders": 1264,
        "Total Cost of profits": 1269,
        "Profit after tax corporate income": 1324,
        "Volume": 14145000,
        "Close of Quarter": 9.5,
        "EPS": 241.6,
        "Non-adjusted EPS": 630,
        "PE": 15.0,
        "Book Price": 5.4
      }
    },
    {
      "quarter": "Q2 2015",
      "income status": {
        "Net sales": 3103,
        "Cost of goods sold": 573,
        "Gross Profit": 2531,
        "Financial expenses": 1294,
        "Of which: Interest expense": 1104,
        "Cost of sales": 472,
        "Enterprise cost management": 2324,
        "Total Operating Expenses": 4090,
        "Total revenue financing activities": 78,
        "Net profit from business activities": 11856,
        "Profit": 783,
        "Profit before tax": 12640,
        "Present corporate income tax expenses": 2568,
        "Deferred income taxes expenses": "N/A",
        "The interests of minority shareholders": 4849,
        "Total Cost of profits": 7417,
        "Profit after tax corporate income": 5222,
        "Volume": 6900000,
        "Close of Quarter": 14.0,
        "EPS": 274.6,
        "Non-adjusted EPS": 1468,
        "PE": 9.5,
        "Book Price": 3.4
      }
    },
    {
      "quarter": "Q1 2015",
      "income status": {
        "Net sales": 3262,
        "Cost of goods sold": 467,
        "Gross Profit": 2794,
        "Financial expenses": 1725,
        "Of which: Interest expense": 1053,
        "Cost of sales": 119,
        "Enterprise cost management": 1941,
        "Total Operating Expenses": 3785,
        "Total revenue financing activities": 568,
        "Net profit from business activities": -422,
        "Profit": 275,
        "Profit before tax": -147,
        "Present corporate income tax expenses": "N/A",
        "Deferred income taxes expenses": "N/A",
        "The interests of minority shareholders": "N/A",
        "Total Cost of profits": 0,
        "Profit after tax corporate income": -147,
        "Volume": 6900000,
        "Close of Quarter": 15.8,
        "EPS": 95.0,
        "Non-adjusted EPS": 508,
        "PE": 31.0,
        "Book Price": 2.7
      }
    },
    {
      "quarter": "Q4 2014",
      "income status": {
        "Net sales": 3801,
        "Cost of goods sold": 1037,
        "Gross Profit": 2764,
        "Financial expenses": 1944,
        "Of which: Interest expense": 358,
        "Cost of sales": 159,
        "Enterprise cost management": 1799,
        "Total Operating Expenses": 3902,
        "Total revenue financing activities": 1984,
        "Net profit from business activities": 846,
        "Profit": 2760,
        "Profit before tax": 3606,
        "Present corporate income tax expenses": -256,
        "Deferred income taxes expenses": "N/A",
        "The interests of minority shareholders": 1346,
        "Total Cost of profits": 1090,
        "Profit after tax corporate income": 2516,
        "Volume": 6900000,
        "Close of Quarter": 15.5,
        "EPS": 229.7,
        "Non-adjusted EPS": 1228,
        "PE": 12.6,
        "Book Price": 2.7
      }
    },
    {
      "quarter": "Q3 2014",
      "income status": {
        "Net sales": 850,
        "Cost of goods sold": 275,
        "Gross Profit": 575,
        "Financial expenses": 74,
        "Of which: Interest expense": "N/A",
        "Cost of sales": 125,
        "Enterprise cost management": 596,
        "Total Operating Expenses": 795,
        "Total revenue financing activities": 3469,
        "Net profit from business activities": 3249,
        "Profit": -62,
        "Profit before tax": 3187,
        "Present corporate income tax expenses": 650,
        "Deferred income taxes expenses": "N/A",
        "The interests of minority shareholders": "N/A",
        "Total Cost of profits": 650,
        "Profit after tax corporate income": 2537,
        "Volume": 6900000,
        "Close of Quarter": 15.0,
        "EPS": 74.6,
        "Non-adjusted EPS": 399,
        "PE": 37.5,
        "Book Price": 2.1
      }
    },
    {
      "quarter": "Q2 2014",
      "income status": {
        "Net sales": 1490,
        "Cost of goods sold": 779,
        "Gross Profit": 711,
        "Financial expenses": 6124,
        "Of which: Interest expense": 490,
        "Cost of sales": "N/A",
        "Enterprise cost management": 418,
        "Total Operating Expenses": 6542,
        "Total revenue financing activities": 4004,
        "Net profit from business activities": -1828,
        "Profit": 77,
        "Profit before tax": -1751,
        "Present corporate income tax expenses": -347,
        "Deferred income taxes expenses": "N/A",
        "The interests of minority shareholders": "N/A",
        "Total Cost of profits": -347,
        "Profit after tax corporate income": -1403,
        "Volume": 6900000,
        "Close of Quarter": "N/A",
        "EPS": 5.8,
        "Non-adjusted EPS": 31,
        "PE": "N/A",
        "Book Price": 2
      }
    },
    {
      "quarter": "Q1 2014",
      "income status": {
        "Net sales": 404,
        "Cost of goods sold": 203,
        "Gross Profit": 200,
        "Financial expenses": 1361,
        "Of which: Interest expense": 464,
        "Cost of sales": "N/A",
        "Enterprise cost management": 223,
        "Total Operating Expenses": 1584,
        "Total revenue financing activities": 7469,
        "Net profit from business activities": 6086,
        "Profit": -48,
        "Profit before tax": 6038,
        "Present corporate income tax expenses": 1217,
        "Deferred income taxes expenses": "N/A",
        "The interests of minority shareholders": "N/A",
        "Total Cost of profits": 1217,
        "Profit after tax corporate income": 4821,
        "Volume": 6900000,
        "Close of Quarter": "N/A",
        "EPS": 43.8,
        "Non-adjusted EPS": 234,
        "PE": "N/A",
        "Book Price": 2.0
      }
    },
    {
      "quarter": "Q3 2013",
      "income status": {
        "Net sales": "N/A",
        "Cost of goods sold": "N/A",
        "Gross Profit": "N/A",
        "Financial expenses": 2973,
        "Of which: Interest expense": "N/A",
        "Cost of sales": "N/A",
        "Enterprise cost management": 249,
        "Total Operating Expenses": 3222,
        "Total revenue financing activities": 17,
        "Net profit from business activities": -3205,
        "Profit": "N/A",
        "Profit before tax": -3205,
        "Present corporate income tax expenses": "N/A",
        "Deferred income taxes expenses": "N/A",
        "The interests of minority shareholders": "N/A",
        "Total Cost of profits": 0,
        "Profit after tax corporate income": -3205,
        "Volume": 6900000,
        "Close of Quarter": "N/A",
        "EPS": -86.8,
        "Non-adjusted EPS": -464,
        "PE": "N/A",
        "Book Price": "N/A"
      }
    }
  ]
}