{
  "ticker": "TMT",
  "data": [
    {
      "quarter": "Q4 2016",
      "income status": {
        "Net sales": 523731,
        "Cost of goods sold": 489409,
        "Gross Profit": 34323,
        "Financial expenses": 25776,
        "Of which: Interest expense": 24913,
        "Cost of sales": 4271,
        "Enterprise cost management": 8071,
        "Total Operating Expenses": 38118,
        "Total revenue financing activities": 30,
        "Net profit from business activities": -3765,
        "Profit": 5644,
        "Profit before tax": 1880,
        "Present corporate income tax expenses": 691,
        "Deferred income taxes expenses": -84,
        "The interests of minority shareholders": 163,
        "Total Cost of profits": 770,
        "Profit after tax corporate income": 1110,
        "Volume": 36877980,
        "Close of Quarter": 14.3,
        "EPS": 1315,
        "Non-adjusted EPS": 1315,
        "PE": 10.9,
        "Book Price": 11.7
      }
    },
    {
      "quarter": "Q3 2016",
      "income status": {
        "Net sales": 527058,
        "Cost of goods sold": 466013,
        "Gross Profit": 61045,
        "Financial expenses": 28633,
        "Of which: Interest expense": 28040,
        "Cost of sales": 16621,
        "Enterprise cost management": 15042,
        "Total Operating Expenses": 60296,
        "Total revenue financing activities": 1179,
        "Net profit from business activities": 1929,
        "Profit": -714,
        "Profit before tax": 1215,
        "Present corporate income tax expenses": 683,
        "Deferred income taxes expenses": "N/A",
        "The interests of minority shareholders": 235,
        "Total Cost of profits": 918,
        "Profit after tax corporate income": 297,
        "Volume": 33525706,
        "Close of Quarter": 21,
        "EPS": 1318.2,
        "Non-adjusted EPS": 1450,
        "PE": 14.5,
        "Book Price": 11.6
      }
    },
    {
      "quarter": "Q2 2016",
      "income status": {
        "Net sales": 732737,
        "Cost of goods sold": 634116,
        "Gross Profit": 98622,
        "Financial expenses": 24122,
        "Of which: Interest expense": 22917,
        "Cost of sales": 22020,
        "Enterprise cost management": 16495,
        "Total Operating Expenses": 62637,
        "Total revenue financing activities": 898,
        "Net profit from business activities": 36883,
        "Profit": 255,
        "Profit before tax": 37138,
        "Present corporate income tax expenses": 7432,
        "Deferred income taxes expenses": "N/A",
        "The interests of minority shareholders": 433,
        "Total Cost of profits": 7865,
        "Profit after tax corporate income": 29274,
        "Volume": 31929417,
        "Close of Quarter": 35.3,
        "EPS": 2429.5,
        "Non-adjusted EPS": 2806,
        "PE": 12.6,
        "Book Price": 11.6
      }
    },
    {
      "quarter": "Q1 2016",
      "income status": {
        "Net sales": 744425,
        "Cost of goods sold": 652859,
        "Gross Profit": 91565,
        "Financial expenses": 27416,
        "Of which: Interest expense": 26408,
        "Cost of sales": 27288,
        "Enterprise cost management": 15419,
        "Total Operating Expenses": 70123,
        "Total revenue financing activities": 1066,
        "Net profit from business activities": 22509,
        "Profit": 29,
        "Profit before tax": 22537,
        "Present corporate income tax expenses": 4820,
        "Deferred income taxes expenses": 71,
        "The interests of minority shareholders": -183,
        "Total Cost of profits": 4708,
        "Profit after tax corporate income": 17829,
        "Volume": 31929417,
        "Close of Quarter": 37.2,
        "EPS": 4292.7,
        "Non-adjusted EPS": 4958,
        "PE": 7.5,
        "Book Price": 11.1
      }
    },
    {
      "quarter": "Q4 2015",
      "income status": {
        "Net sales": 532385,
        "Cost of goods sold": 457794,
        "Gross Profit": 74591,
        "Financial expenses": 19926,
        "Of which: Interest expense": 18295,
        "Cost of sales": 24778,
        "Enterprise cost management": 17773,
        "Total Operating Expenses": 62477,
        "Total revenue financing activities": 1245,
        "Net profit from business activities": 13358,
        "Profit": -3818,
        "Profit before tax": 9540,
        "Present corporate income tax expenses": 1458,
        "Deferred income taxes expenses": 12,
        "The interests of minority shareholders": 6846,
        "Total Cost of profits": 8316,
        "Profit after tax corporate income": 1224,
        "Volume": 30429417,
        "Close of Quarter": 44.2,
        "EPS": 4907.9,
        "Non-adjusted EPS": 5948,
        "PE": 7.4,
        "Book Price": 10.6
      }
    },
    {
      "quarter": "Q3 2015",
      "income status": {
        "Net sales": 882215,
        "Cost of goods sold": 761392,
        "Gross Profit": 120823,
        "Financial expenses": 37170,
        "Of which: Interest expense": 8919,
        "Cost of sales": 16576,
        "Enterprise cost management": 16546,
        "Total Operating Expenses": 70292,
        "Total revenue financing activities": 367,
        "Net profit from business activities": 50899,
        "Profit": -153,
        "Profit before tax": 50745,
        "Present corporate income tax expenses": 10158,
        "Deferred income taxes expenses": 89,
        "The interests of minority shareholders": -765,
        "Total Cost of profits": 9482,
        "Profit after tax corporate income": 41263,
        "Volume": 30429417,
        "Close of Quarter": 38.1,
        "EPS": 5672.8,
        "Non-adjusted EPS": 6875,
        "PE": 5.5,
        "Book Price": 10.4
      }
    },
    {
      "quarter": "Q2 2015",
      "income status": {
        "Net sales": 1169113,
        "Cost of goods sold": 996006,
        "Gross Profit": 173108,
        "Financial expenses": 17321,
        "Of which: Interest expense": 5265,
        "Cost of sales": 20937,
        "Enterprise cost management": 15861,
        "Total Operating Expenses": 54119,
        "Total revenue financing activities": 1289,
        "Net profit from business activities": 120278,
        "Profit": 1077,
        "Profit before tax": 121356,
        "Present corporate income tax expenses": 24873,
        "Deferred income taxes expenses": -173,
        "The interests of minority shareholders": -1330,
        "Total Cost of profits": 23370,
        "Profit after tax corporate income": 97986,
        "Volume": 30429417,
        "Close of Quarter": 33.6,
        "EPS": 4922.8,
        "Non-adjusted EPS": 5966,
        "PE": 5.6,
        "Book Price": 12.5
      }
    },
    {
      "quarter": "Q1 2015",
      "income status": {
        "Net sales": 781335,
        "Cost of goods sold": 684018,
        "Gross Profit": 97318,
        "Financial expenses": 12884,
        "Of which: Interest expense": 6699,
        "Cost of sales": 14690,
        "Enterprise cost management": 16286,
        "Total Operating Expenses": 43860,
        "Total revenue financing activities": 163,
        "Net profit from business activities": 53621,
        "Profit": -656,
        "Profit before tax": 52965,
        "Present corporate income tax expenses": 11411,
        "Deferred income taxes expenses": "N/A",
        "The interests of minority shareholders": 1024,
        "Total Cost of profits": 12435,
        "Profit after tax corporate income": 40530,
        "Volume": 30429417,
        "Close of Quarter": 21.2,
        "EPS": 2531.5,
        "Non-adjusted EPS": 3068,
        "PE": 6.9,
        "Book Price": 9.8
      }
    },
    {
      "quarter": "Q4 2014",
      "income status": {
        "Net sales": 534163,
        "Cost of goods sold": 470234,
        "Gross Profit": 63928,
        "Financial expenses": 11042,
        "Of which: Interest expense": 3075,
        "Cost of sales": 4730,
        "Enterprise cost management": 11162,
        "Total Operating Expenses": 26934,
        "Total revenue financing activities": 965,
        "Net profit from business activities": 37959,
        "Profit": -1409,
        "Profit before tax": 36550,
        "Present corporate income tax expenses": 6588,
        "Deferred income taxes expenses": "N/A",
        "The interests of minority shareholders": 549,
        "Total Cost of profits": 7137,
        "Profit after tax corporate income": 29413,
        "Volume": 30429417,
        "Close of Quarter": 13.5,
        "EPS": 1686.6,
        "Non-adjusted EPS": 2044,
        "PE": 6.6,
        "Book Price": 8.8
      }
    },
    {
      "quarter": "Q3 2014",
      "income status": {
        "Net sales": 340144,
        "Cost of goods sold": 299886,
        "Gross Profit": 40259,
        "Financial expenses": 6777,
        "Of which: Interest expense": 2798,
        "Cost of sales": 2717,
        "Enterprise cost management": 8593,
        "Total Operating Expenses": 18087,
        "Total revenue financing activities": 945,
        "Net profit from business activities": 23117,
        "Profit": -3861,
        "Profit before tax": 19256,
        "Present corporate income tax expenses": 5080,
        "Deferred income taxes expenses": "N/A",
        "The interests of minority shareholders": 570,
        "Total Cost of profits": 5650,
        "Profit after tax corporate income": 13606,
        "Volume": 30429417,
        "Close of Quarter": 9.9,
        "EPS": 1226.2,
        "Non-adjusted EPS": 1486,
        "PE": 6.7,
        "Book Price": 9.1
      }
    },
    {
      "quarter": "Q2 2014",
      "income status": {
        "Net sales": 261560,
        "Cost of goods sold": 231152,
        "Gross Profit": 30408,
        "Financial expenses": 3900,
        "Of which: Interest expense": 321,
        "Cost of sales": 6691,
        "Enterprise cost management": 9210,
        "Total Operating Expenses": 19801,
        "Total revenue financing activities": 709,
        "Net profit from business activities": 11316,
        "Profit": 1915,
        "Profit before tax": 13231,
        "Present corporate income tax expenses": 2987,
        "Deferred income taxes expenses": "N/A",
        "The interests of minority shareholders": 433,
        "Total Cost of profits": 3420,
        "Profit after tax corporate income": 9811,
        "Volume": 28040536,
        "Close of Quarter": 5.3,
        "EPS": 940.6,
        "Non-adjusted EPS": 1237,
        "PE": 4.3,
        "Book Price": 9.1
      }
    },
    {
      "quarter": "Q1 2014",
      "income status": {
        "Net sales": 230505,
        "Cost of goods sold": 201291,
        "Gross Profit": 29215,
        "Financial expenses": 2562,
        "Of which: Interest expense": 1270,
        "Cost of sales": 7770,
        "Enterprise cost management": 7373,
        "Total Operating Expenses": 17705,
        "Total revenue financing activities": 701,
        "Net profit from business activities": 12210,
        "Profit": 2,
        "Profit before tax": 12213,
        "Present corporate income tax expenses": 2531,
        "Deferred income taxes expenses": "N/A",
        "The interests of minority shareholders": 303,
        "Total Cost of profits": 2834,
        "Profit after tax corporate income": 9379,
        "Volume": 28040536,
        "Close of Quarter": 4.4,
        "EPS": 618.9,
        "Non-adjusted EPS": 814,
        "PE": 5.4,
        "Book Price": 9.3
      }
    },
    {
      "quarter": "Q4 2013",
      "income status": {
        "Net sales": 186853,
        "Cost of goods sold": 166373,
        "Gross Profit": 20480,
        "Financial expenses": 1974,
        "Of which: Interest expense": 1420,
        "Cost of sales": 4863,
        "Enterprise cost management": 8193,
        "Total Operating Expenses": 15030,
        "Total revenue financing activities": 7736,
        "Net profit from business activities": 13186,
        "Profit": 59,
        "Profit before tax": 13245,
        "Present corporate income tax expenses": 994,
        "Deferred income taxes expenses": -393,
        "The interests of minority shareholders": 213,
        "Total Cost of profits": 814,
        "Profit after tax corporate income": 12431,
        "Volume": 28040536,
        "Close of Quarter": 3.1,
        "EPS": 133.1,
        "Non-adjusted EPS": 175,
        "PE": 17.5,
        "Book Price": 8.7
      }
    },
    {
      "quarter": "Q3 2013",
      "income status": {
        "Net sales": 112721,
        "Cost of goods sold": 99805,
        "Gross Profit": 12916,
        "Financial expenses": 818,
        "Of which: Interest expense": 362,
        "Cost of sales": 2396,
        "Enterprise cost management": 6560,
        "Total Operating Expenses": 9774,
        "Total revenue financing activities": 432,
        "Net profit from business activities": 3573,
        "Profit": 1,
        "Profit before tax": 3574,
        "Present corporate income tax expenses": 213,
        "Deferred income taxes expenses": "N/A",
        "The interests of minority shareholders": 293,
        "Total Cost of profits": 506,
        "Profit after tax corporate income": 3067,
        "Volume": 28040536,
        "Close of Quarter": 3.2,
        "EPS": 111.0,
        "Non-adjusted EPS": 146,
        "PE": 22.2,
        "Book Price": 8.3
      }
    },
    {
      "quarter": "Q2 2013",
      "income status": {
        "Net sales": 131543,
        "Cost of goods sold": 116002,
        "Gross Profit": 15541,
        "Financial expenses": 2612,
        "Of which: Interest expense": 2202,
        "Cost of sales": 8436,
        "Enterprise cost management": 6266,
        "Total Operating Expenses": 17314,
        "Total revenue financing activities": 524,
        "Net profit from business activities": -1249,
        "Profit": 24,
        "Profit before tax": -1225,
        "Present corporate income tax expenses": 342,
        "Deferred income taxes expenses": "N/A",
        "The interests of minority shareholders": 471,
        "Total Cost of profits": 813,
        "Profit after tax corporate income": -2039,
        "Volume": 28040536,
        "Close of Quarter": 3.7,
        "EPS": 218.2,
        "Non-adjusted EPS": 287,
        "PE": 12.8,
        "Book Price": 8.2
      }
    },
    {
      "quarter": "Q1 2013",
      "income status": {
        "Net sales": 71587,
        "Cost of goods sold": 64399,
        "Gross Profit": 7188,
        "Financial expenses": 4440,
        "Of which: Interest expense": 4471,
        "Cost of sales": 5322,
        "Enterprise cost management": 6152,
        "Total Operating Expenses": 15914,
        "Total revenue financing activities": 768,
        "Net profit from business activities": -7959,
        "Profit": -233,
        "Profit before tax": -8193,
        "Present corporate income tax expenses": 148,
        "Deferred income taxes expenses": "N/A",
        "The interests of minority shareholders": 204,
        "Total Cost of profits": 352,
        "Profit after tax corporate income": -8545,
        "Volume": 28040536,
        "Close of Quarter": 3.8,
        "EPS": 229.6,
        "Non-adjusted EPS": 302,
        "PE": 12.6,
        "Book Price": 8.3
      }
    },
    {
      "quarter": "Q4 2012",
      "income status": {
        "Net sales": 210348,
        "Cost of goods sold": 187323,
        "Gross Profit": 23025,
        "Financial expenses": 7936,
        "Of which: Interest expense": 2772,
        "Cost of sales": 1414,
        "Enterprise cost management": 3687,
        "Total Operating Expenses": 13037,
        "Total revenue financing activities": 456,
        "Net profit from business activities": 10444,
        "Profit": 1636,
        "Profit before tax": 12081,
        "Present corporate income tax expenses": 131,
        "Deferred income taxes expenses": "N/A",
        "The interests of minority shareholders": 350,
        "Total Cost of profits": 481,
        "Profit after tax corporate income": 11599,
        "Volume": 28040536,
        "Close of Quarter": 2.9,
        "EPS": -0.8,
        "Non-adjusted EPS": -1,
        "PE": -2870,
        "Book Price": 8.5
      }
    },
    {
      "quarter": "Q3 2012",
      "income status": {
        "Net sales": 70943,
        "Cost of goods sold": 65718,
        "Gross Profit": 5225,
        "Financial expenses": -581,
        "Of which: Interest expense": 1408,
        "Cost of sales": 1295,
        "Enterprise cost management": -2612,
        "Total Operating Expenses": -1898,
        "Total revenue financing activities": 179,
        "Net profit from business activities": 7302,
        "Profit": 63,
        "Profit before tax": 7365,
        "Present corporate income tax expenses": 135,
        "Deferred income taxes expenses": "N/A",
        "The interests of minority shareholders": 186,
        "Total Cost of profits": 321,
        "Profit after tax corporate income": 7044,
        "Volume": 28040536,
        "Close of Quarter": 2.8,
        "EPS": -406.8,
        "Non-adjusted EPS": -535,
        "PE": -5.1,
        "Book Price": 8.5
      }
    },
    {
      "quarter": "Q2 2012",
      "income status": {
        "Net sales": 104388,
        "Cost of goods sold": 94282,
        "Gross Profit": 10107,
        "Financial expenses": 2922,
        "Of which: Interest expense": 1836,
        "Cost of sales": 1511,
        "Enterprise cost management": 7490,
        "Total Operating Expenses": 11923,
        "Total revenue financing activities": 532,
        "Net profit from business activities": -1285,
        "Profit": 109,
        "Profit before tax": -1176,
        "Present corporate income tax expenses": 180,
        "Deferred income taxes expenses": "N/A",
        "The interests of minority shareholders": 261,
        "Total Cost of profits": 441,
        "Profit after tax corporate income": -1618,
        "Volume": 28040536,
        "Close of Quarter": 3.2,
        "EPS": -567.2,
        "Non-adjusted EPS": -746,
        "PE": -4.3,
        "Book Price": 8.3
      }
    },
    {
      "quarter": "Q1 2012",
      "income status": {
        "Net sales": 102791,
        "Cost of goods sold": 94788,
        "Gross Profit": 8003,
        "Financial expenses": 6055,
        "Of which: Interest expense": 2872,
        "Cost of sales": 10602,
        "Enterprise cost management": 8347,
        "Total Operating Expenses": 25004,
        "Total revenue financing activities": 310,
        "Net profit from business activities": -16690,
        "Profit": "N/A",
        "Profit before tax": -16690,
        "Present corporate income tax expenses": 150,
        "Deferred income taxes expenses": "N/A",
        "The interests of minority shareholders": 206,
        "Total Cost of profits": 356,
        "Profit after tax corporate income": -17046,
        "Volume": 28040536,
        "Close of Quarter": 3.5,
        "EPS": -441.8,
        "Non-adjusted EPS": -581,
        "PE": -6.0,
        "Book Price": 8.4
      }
    },
    {
      "quarter": "Q4 2011",
      "income status": {
        "Net sales": 256898,
        "Cost of goods sold": 232256,
        "Gross Profit": 24642,
        "Financial expenses": 6481,
        "Of which: Interest expense": 825,
        "Cost of sales": 2738,
        "Enterprise cost management": 5415,
        "Total Operating Expenses": 14634,
        "Total revenue financing activities": 381,
        "Net profit from business activities": 10388,
        "Profit": -14691,
        "Profit before tax": -4303,
        "Present corporate income tax expenses": -1369,
        "Deferred income taxes expenses": 135,
        "The interests of minority shareholders": 304,
        "Total Cost of profits": -930,
        "Profit after tax corporate income": -3374,
        "Volume": 28040536,
        "Close of Quarter": 4.0,
        "EPS": 41.8,
        "Non-adjusted EPS": 55,
        "PE": 73.5,
        "Book Price": 8.8
      }
    },
    {
      "quarter": "Q3 2011",
      "income status": {
        "Net sales": 139059,
        "Cost of goods sold": 126665,
        "Gross Profit": 12394,
        "Financial expenses": 5729,
        "Of which: Interest expense": 2649,
        "Cost of sales": 4382,
        "Enterprise cost management": 6852,
        "Total Operating Expenses": 16963,
        "Total revenue financing activities": 4464,
        "Net profit from business activities": -104,
        "Profit": 1437,
        "Profit before tax": 1333,
        "Present corporate income tax expenses": 93,
        "Deferred income taxes expenses": "N/A",
        "The interests of minority shareholders": 124,
        "Total Cost of profits": 217,
        "Profit after tax corporate income": 1116,
        "Volume": 28040536,
        "Close of Quarter": 3.4,
        "EPS": 386.3,
        "Non-adjusted EPS": 508,
        "PE": 6.7,
        "Book Price": 8.9
      }
    },
    {
      "quarter": "Q2 2011",
      "income status": {
        "Net sales": 249132,
        "Cost of goods sold": 219340,
        "Gross Profit": 29792,
        "Financial expenses": 16119,
        "Of which: Interest expense": 9685,
        "Cost of sales": 5321,
        "Enterprise cost management": 12923,
        "Total Operating Expenses": 34363,
        "Total revenue financing activities": 10212,
        "Net profit from business activities": 5641,
        "Profit": -1736,
        "Profit before tax": 3905,
        "Present corporate income tax expenses": 612,
        "Deferred income taxes expenses": "N/A",
        "The interests of minority shareholders": 278,
        "Total Cost of profits": 890,
        "Profit after tax corporate income": 3016,
        "Volume": 28040536,
        "Close of Quarter": 4.8,
        "EPS": 463.1,
        "Non-adjusted EPS": 609,
        "PE": 7.8,
        "Book Price": 8.9
      }
    },
    {
      "quarter": "Q1 2011",
      "income status": {
        "Net sales": 238117,
        "Cost of goods sold": 208603,
        "Gross Profit": 29514,
        "Financial expenses": 12770,
        "Of which: Interest expense": 8814,
        "Cost of sales": 4979,
        "Enterprise cost management": 11143,
        "Total Operating Expenses": 28892,
        "Total revenue financing activities": 802,
        "Net profit from business activities": 1424,
        "Profit": 190,
        "Profit before tax": 1614,
        "Present corporate income tax expenses": 420,
        "Deferred income taxes expenses": "N/A",
        "The interests of minority shareholders": 397,
        "Total Cost of profits": 817,
        "Profit after tax corporate income": 797,
        "Volume": 28040536,
        "Close of Quarter": 5.7,
        "EPS": 860.0,
        "Non-adjusted EPS": 1131,
        "PE": 5.0,
        "Book Price": 9.7
      }
    }
  ]
}