{
  "ticker": "MCC",
  "data": [
    {
      "quarter": "Q4 2016",
      "income status": {
        "Net sales": 13297,
        "Cost of goods sold": 8625,
        "Gross Profit": 4671,
        "Financial expenses": "N/A",
        "Of which: Interest expense": "N/A",
        "Cost of sales": 353,
        "Enterprise cost management": 1498,
        "Total Operating Expenses": 1851,
        "Total revenue financing activities": 258,
        "Net profit from business activities": 3078,
        "Profit": 135,
        "Profit before tax": 3213,
        "Present corporate income tax expenses": 749,
        "Deferred income taxes expenses": -106,
        "The interests of minority shareholders": "N/A",
        "Total Cost of profits": 643,
        "Profit after tax corporate income": 2570,
        "Volume": 4986124,
        "Close of Quarter": 15.1,
        "EPS": 2340,
        "Non-adjusted EPS": 2340,
        "PE": 6.4,
        "Book Price": 13.4
      }
    },
    {
      "quarter": "Q3 2016",
      "income status": {
        "Net sales": 13094,
        "Cost of goods sold": 8105,
        "Gross Profit": 4989,
        "Financial expenses": "N/A",
        "Of which: Interest expense": "N/A",
        "Cost of sales": 47,
        "Enterprise cost management": 1208,
        "Total Operating Expenses": 1255,
        "Total revenue financing activities": 88,
        "Net profit from business activities": 3822,
        "Profit": 64,
        "Profit before tax": 3886,
        "Present corporate income tax expenses": 288,
        "Deferred income taxes expenses": 489,
        "The interests of minority shareholders": "N/A",
        "Total Cost of profits": 777,
        "Profit after tax corporate income": 3109,
        "Volume": 4986124,
        "Close of Quarter": 17.2,
        "EPS": 2497,
        "Non-adjusted EPS": 2497,
        "PE": 6.9,
        "Book Price": 12.9
      }
    },
    {
      "quarter": "Q2 2016",
      "income status": {
        "Net sales": 17104,
        "Cost of goods sold": 9959,
        "Gross Profit": 7145,
        "Financial expenses": "N/A",
        "Of which: Interest expense": "N/A",
        "Cost of sales": 22,
        "Enterprise cost management": 1138,
        "Total Operating Expenses": 1160,
        "Total revenue financing activities": 90,
        "Net profit from business activities": 6076,
        "Profit": -1008,
        "Profit before tax": 5068,
        "Present corporate income tax expenses": 1152,
        "Deferred income taxes expenses": -138,
        "The interests of minority shareholders": "N/A",
        "Total Cost of profits": 1014,
        "Profit after tax corporate income": 4054,
        "Volume": 4638300,
        "Close of Quarter": 15.4,
        "EPS": 2509.8,
        "Non-adjusted EPS": 2698,
        "PE": 5.7,
        "Book Price": 12.4
      }
    },
    {
      "quarter": "Q1 2016",
      "income status": {
        "Net sales": 10883,
        "Cost of goods sold": 7019,
        "Gross Profit": 3864,
        "Financial expenses": "N/A",
        "Of which: Interest expense": "N/A",
        "Cost of sales": 31,
        "Enterprise cost management": 1478,
        "Total Operating Expenses": 1509,
        "Total revenue financing activities": 66,
        "Net profit from business activities": 2421,
        "Profit": "N/A",
        "Profit before tax": 2421,
        "Present corporate income tax expenses": 490,
        "Deferred income taxes expenses": -5,
        "The interests of minority shareholders": "N/A",
        "Total Cost of profits": 485,
        "Profit after tax corporate income": 1937,
        "Volume": 4638300,
        "Close of Quarter": 11.7,
        "EPS": 2250.3,
        "Non-adjusted EPS": 2419,
        "PE": 4.8,
        "Book Price": 11.7
      }
    },
    {
      "quarter": "Q4 2015",
      "income status": {
        "Net sales": 13110,
        "Cost of goods sold": 7794,
        "Gross Profit": 5316,
        "Financial expenses": "N/A",
        "Of which: Interest expense": "N/A",
        "Cost of sales": 270,
        "Enterprise cost management": 982,
        "Total Operating Expenses": 1252,
        "Total revenue financing activities": 105,
        "Net profit from business activities": 4168,
        "Profit": 107,
        "Profit before tax": 4275,
        "Present corporate income tax expenses": 714,
        "Deferred income taxes expenses": 211,
        "The interests of minority shareholders": "N/A",
        "Total Cost of profits": 925,
        "Profit after tax corporate income": 3349,
        "Volume": 4638300,
        "Close of Quarter": 10.8,
        "EPS": 2240.0,
        "Non-adjusted EPS": 2408,
        "PE": 4.5,
        "Book Price": 12.1
      }
    },
    {
      "quarter": "Q3 2015",
      "income status": {
        "Net sales": 11982,
        "Cost of goods sold": 6800,
        "Gross Profit": 5182,
        "Financial expenses": "N/A",
        "Of which: Interest expense": "N/A",
        "Cost of sales": 23,
        "Enterprise cost management": 1144,
        "Total Operating Expenses": 1167,
        "Total revenue financing activities": 61,
        "Net profit from business activities": 4077,
        "Profit": 1,
        "Profit before tax": 4078,
        "Present corporate income tax expenses": 984,
        "Deferred income taxes expenses": -80,
        "The interests of minority shareholders": "N/A",
        "Total Cost of profits": 904,
        "Profit after tax corporate income": 3173,
        "Volume": 4638300,
        "Close of Quarter": 12.5,
        "EPS": 1810.3,
        "Non-adjusted EPS": 1946,
        "PE": 6.4,
        "Book Price": 11.5
      }
    },
    {
      "quarter": "Q2 2015",
      "income status": {
        "Net sales": 15380,
        "Cost of goods sold": 10298,
        "Gross Profit": 5083,
        "Financial expenses": "N/A",
        "Of which: Interest expense": "N/A",
        "Cost of sales": 262,
        "Enterprise cost management": 1090,
        "Total Operating Expenses": 1352,
        "Total revenue financing activities": 67,
        "Net profit from business activities": 3797,
        "Profit": -183,
        "Profit before tax": 3615,
        "Present corporate income tax expenses": 869,
        "Deferred income taxes expenses": -13,
        "The interests of minority shareholders": "N/A",
        "Total Cost of profits": 856,
        "Profit after tax corporate income": 2759,
        "Volume": 4638300,
        "Close of Quarter": 12.2,
        "EPS": 1504.2,
        "Non-adjusted EPS": 1617,
        "PE": 7.6,
        "Book Price": 11.0
      }
    },
    {
      "quarter": "Q1 2015",
      "income status": {
        "Net sales": 9567,
        "Cost of goods sold": 6197,
        "Gross Profit": 3370,
        "Financial expenses": "N/A",
        "Of which: Interest expense": "N/A",
        "Cost of sales": 46,
        "Enterprise cost management": 925,
        "Total Operating Expenses": 971,
        "Total revenue financing activities": 38,
        "Net profit from business activities": 2437,
        "Profit": "N/A",
        "Profit before tax": 2437,
        "Present corporate income tax expenses": 625,
        "Deferred income taxes expenses": -76,
        "The interests of minority shareholders": "N/A",
        "Total Cost of profits": 549,
        "Profit after tax corporate income": 1888,
        "Volume": 4638300,
        "Close of Quarter": 10.8,
        "EPS": 1432.6,
        "Non-adjusted EPS": 1540,
        "PE": 7.0,
        "Book Price": 11.2
      }
    },
    {
      "quarter": "Q4 2014",
      "income status": {
        "Net sales": 8633,
        "Cost of goods sold": 6574,
        "Gross Profit": 2059,
        "Financial expenses": 1,
        "Of which: Interest expense": 1,
        "Cost of sales": 111,
        "Enterprise cost management": 1020,
        "Total Operating Expenses": 1132,
        "Total revenue financing activities": 165,
        "Net profit from business activities": 1093,
        "Profit": 455,
        "Profit before tax": 1548,
        "Present corporate income tax expenses": 342,
        "Deferred income taxes expenses": -1,
        "The interests of minority shareholders": "N/A",
        "Total Cost of profits": 341,
        "Profit after tax corporate income": 1207,
        "Volume": 4638300,
        "Close of Quarter": 9.9,
        "EPS": 2076.3,
        "Non-adjusted EPS": 2232,
        "PE": 4.4,
        "Book Price": 10.9
      }
    },
    {
      "quarter": "Q3 2014",
      "income status": {
        "Net sales": 10728,
        "Cost of goods sold": 7664,
        "Gross Profit": 3064,
        "Financial expenses": "N/A",
        "Of which: Interest expense": "N/A",
        "Cost of sales": 100,
        "Enterprise cost management": 944,
        "Total Operating Expenses": 1044,
        "Total revenue financing activities": 90,
        "Net profit from business activities": 2110,
        "Profit": -2,
        "Profit before tax": 2108,
        "Present corporate income tax expenses": 480,
        "Deferred income taxes expenses": -16,
        "The interests of minority shareholders": "N/A",
        "Total Cost of profits": 464,
        "Profit after tax corporate income": 1644,
        "Volume": 4638300,
        "Close of Quarter": 9.5,
        "EPS": 2163.7,
        "Non-adjusted EPS": 2326,
        "PE": 4.1,
        "Book Price": 11.4
      }
    },
    {
      "quarter": "Q2 2014",
      "income status": {
        "Net sales": 15551,
        "Cost of goods sold": 11156,
        "Gross Profit": 4395,
        "Financial expenses": "N/A",
        "Of which: Interest expense": "N/A",
        "Cost of sales": 256,
        "Enterprise cost management": 1264,
        "Total Operating Expenses": 1520,
        "Total revenue financing activities": 203,
        "Net profit from business activities": 3079,
        "Profit": "N/A",
        "Profit before tax": 3079,
        "Present corporate income tax expenses": 821,
        "Deferred income taxes expenses": -144,
        "The interests of minority shareholders": "N/A",
        "Total Cost of profits": 677,
        "Profit after tax corporate income": 2402,
        "Volume": 4638300,
        "Close of Quarter": 10.2,
        "EPS": 2058.6,
        "Non-adjusted EPS": 2213,
        "PE": 4.6,
        "Book Price": 11.1
      }
    },
    {
      "quarter": "Q1 2014",
      "income status": {
        "Net sales": 15480,
        "Cost of goods sold": 7585,
        "Gross Profit": 7895,
        "Financial expenses": "N/A",
        "Of which: Interest expense": "N/A",
        "Cost of sales": 24,
        "Enterprise cost management": 1461,
        "Total Operating Expenses": 1485,
        "Total revenue financing activities": 148,
        "Net profit from business activities": 6558,
        "Profit": 2,
        "Profit before tax": 6560,
        "Present corporate income tax expenses": 1555,
        "Deferred income taxes expenses": -95,
        "The interests of minority shareholders": "N/A",
        "Total Cost of profits": 1460,
        "Profit after tax corporate income": 5100,
        "Volume": 4638300,
        "Close of Quarter": 8.5,
        "EPS": 2059.6,
        "Non-adjusted EPS": 2214,
        "PE": 3.8,
        "Book Price": 11.6
      }
    },
    {
      "quarter": "Q4 2013",
      "income status": {
        "Net sales": 8441,
        "Cost of goods sold": 5678,
        "Gross Profit": 2763,
        "Financial expenses": 1,
        "Of which: Interest expense": 1,
        "Cost of sales": 332,
        "Enterprise cost management": 750,
        "Total Operating Expenses": 1083,
        "Total revenue financing activities": 313,
        "Net profit from business activities": 1993,
        "Profit": 200,
        "Profit before tax": 2193,
        "Present corporate income tax expenses": 536,
        "Deferred income taxes expenses": 13,
        "The interests of minority shareholders": "N/A",
        "Total Cost of profits": 549,
        "Profit after tax corporate income": 1645,
        "Volume": 4638300,
        "Close of Quarter": 10.9,
        "EPS": 1362.8,
        "Non-adjusted EPS": 1465,
        "PE": 7.4,
        "Book Price": 10.8
      }
    },
    {
      "quarter": "Q3 2013",
      "income status": {
        "Net sales": 7514,
        "Cost of goods sold": 5285,
        "Gross Profit": 2229,
        "Financial expenses": "N/A",
        "Of which: Interest expense": "N/A",
        "Cost of sales": 56,
        "Enterprise cost management": 863,
        "Total Operating Expenses": 919,
        "Total revenue financing activities": 177,
        "Net profit from business activities": 1487,
        "Profit": 2,
        "Profit before tax": 1489,
        "Present corporate income tax expenses": 373,
        "Deferred income taxes expenses": "N/A",
        "The interests of minority shareholders": "N/A",
        "Total Cost of profits": 373,
        "Profit after tax corporate income": 1117,
        "Volume": 4638300,
        "Close of Quarter": 11.2,
        "EPS": 1430.7,
        "Non-adjusted EPS": 1538,
        "PE": 7.3,
        "Book Price": 10.5
      }
    },
    {
      "quarter": "Q2 2013",
      "income status": {
        "Net sales": 13892,
        "Cost of goods sold": 9724,
        "Gross Profit": 4168,
        "Financial expenses": "N/A",
        "Of which: Interest expense": "N/A",
        "Cost of sales": 151,
        "Enterprise cost management": 1091,
        "Total Operating Expenses": 1242,
        "Total revenue financing activities": 259,
        "Net profit from business activities": 3185,
        "Profit": -17,
        "Profit before tax": 3167,
        "Present corporate income tax expenses": 855,
        "Deferred income taxes expenses": -93,
        "The interests of minority shareholders": "N/A",
        "Total Cost of profits": 762,
        "Profit after tax corporate income": 2405,
        "Volume": 4638300,
        "Close of Quarter": 11.2,
        "EPS": 1919.1,
        "Non-adjusted EPS": 2063,
        "PE": 5.4,
        "Book Price": 11.2
      }
    },
    {
      "quarter": "Q1 2013",
      "income status": {
        "Net sales": 9612,
        "Cost of goods sold": 6369,
        "Gross Profit": 3243,
        "Financial expenses": "N/A",
        "Of which: Interest expense": "N/A",
        "Cost of sales": 144,
        "Enterprise cost management": 1114,
        "Total Operating Expenses": 1258,
        "Total revenue financing activities": 201,
        "Net profit from business activities": 2186,
        "Profit": "N/A",
        "Profit before tax": 2186,
        "Present corporate income tax expenses": 563,
        "Deferred income taxes expenses": -6,
        "The interests of minority shareholders": "N/A",
        "Total Cost of profits": 557,
        "Profit after tax corporate income": 1629,
        "Volume": 4638300,
        "Close of Quarter": 6.3,
        "EPS": 1945.1,
        "Non-adjusted EPS": 2091,
        "PE": 3,
        "Book Price": 10.8
      }
    },
    {
      "quarter": "Q4 2012",
      "income status": {
        "Net sales": 10422,
        "Cost of goods sold": 7671,
        "Gross Profit": 2752,
        "Financial expenses": "N/A",
        "Of which: Interest expense": "N/A",
        "Cost of sales": 182,
        "Enterprise cost management": 1181,
        "Total Operating Expenses": 1363,
        "Total revenue financing activities": 417,
        "Net profit from business activities": 1804,
        "Profit": 297,
        "Profit before tax": 2102,
        "Present corporate income tax expenses": 119,
        "Deferred income taxes expenses": -2,
        "The interests of minority shareholders": "N/A",
        "Total Cost of profits": 117,
        "Profit after tax corporate income": 1985,
        "Volume": 4638300,
        "Close of Quarter": 8.1,
        "EPS": 1911.7,
        "Non-adjusted EPS": 2055,
        "PE": 3.9,
        "Book Price": 10.5
      }
    },
    {
      "quarter": "Q3 2012",
      "income status": {
        "Net sales": 11032,
        "Cost of goods sold": 7699,
        "Gross Profit": 3332,
        "Financial expenses": "N/A",
        "Of which: Interest expense": "N/A",
        "Cost of sales": 172,
        "Enterprise cost management": 982,
        "Total Operating Expenses": 1154,
        "Total revenue financing activities": 288,
        "Net profit from business activities": 2466,
        "Profit": 1684,
        "Profit before tax": 4151,
        "Present corporate income tax expenses": 588,
        "Deferred income taxes expenses": 13,
        "The interests of minority shareholders": "N/A",
        "Total Cost of profits": 601,
        "Profit after tax corporate income": 3550,
        "Volume": 4638300,
        "Close of Quarter": 8.4,
        "EPS": 1683.7,
        "Non-adjusted EPS": 1810,
        "PE": 4.6,
        "Book Price": 11.4
      }
    },
    {
      "quarter": "Q2 2012",
      "income status": {
        "Net sales": 12631,
        "Cost of goods sold": 8518,
        "Gross Profit": 4113,
        "Financial expenses": "N/A",
        "Of which: Interest expense": "N/A",
        "Cost of sales": 174,
        "Enterprise cost management": 1020,
        "Total Operating Expenses": 1194,
        "Total revenue financing activities": 461,
        "Net profit from business activities": 3379,
        "Profit": "N/A",
        "Profit before tax": 3379,
        "Present corporate income tax expenses": 846,
        "Deferred income taxes expenses": -1,
        "The interests of minority shareholders": "N/A",
        "Total Cost of profits": 845,
        "Profit after tax corporate income": 2534,
        "Volume": 4638300,
        "Close of Quarter": 7.0,
        "EPS": 1448.4,
        "Non-adjusted EPS": 1557,
        "PE": 4.5,
        "Book Price": 10.7
      }
    },
    {
      "quarter": "Q1 2012",
      "income status": {
        "Net sales": 9041,
        "Cost of goods sold": 6612,
        "Gross Profit": 2428,
        "Financial expenses": "N/A",
        "Of which: Interest expense": "N/A",
        "Cost of sales": 60,
        "Enterprise cost management": 748,
        "Total Operating Expenses": 808,
        "Total revenue financing activities": 320,
        "Net profit from business activities": 1940,
        "Profit": 14,
        "Profit before tax": 1954,
        "Present corporate income tax expenses": 490,
        "Deferred income taxes expenses": -1,
        "The interests of minority shareholders": "N/A",
        "Total Cost of profits": 489,
        "Profit after tax corporate income": 1465,
        "Volume": 4638300,
        "Close of Quarter": 6.4,
        "EPS": 1561.0,
        "Non-adjusted EPS": 1678,
        "PE": 3.8,
        "Book Price": 11.1
      }
    },
    {
      "quarter": "Q4 2011",
      "income status": {
        "Net sales": 9610,
        "Cost of goods sold": 7816,
        "Gross Profit": 1794,
        "Financial expenses": 2,
        "Of which: Interest expense": 2,
        "Cost of sales": 426,
        "Enterprise cost management": 1402,
        "Total Operating Expenses": 1830,
        "Total revenue financing activities": 538,
        "Net profit from business activities": 503,
        "Profit": 481,
        "Profit before tax": 983,
        "Present corporate income tax expenses": 142,
        "Deferred income taxes expenses": -4,
        "The interests of minority shareholders": "N/A",
        "Total Cost of profits": 138,
        "Profit after tax corporate income": 845,
        "Volume": 4638300,
        "Close of Quarter": 10,
        "EPS": 1599.1,
        "Non-adjusted EPS": 1719,
        "PE": 5.8,
        "Book Price": 10.8
      }
    },
    {
      "quarter": "Q3 2011",
      "income status": {
        "Net sales": 13046,
        "Cost of goods sold": 9530,
        "Gross Profit": 3516,
        "Financial expenses": "N/A",
        "Of which: Interest expense": "N/A",
        "Cost of sales": 95,
        "Enterprise cost management": 877,
        "Total Operating Expenses": 972,
        "Total revenue financing activities": 590,
        "Net profit from business activities": 3133,
        "Profit": 13,
        "Profit before tax": 3147,
        "Present corporate income tax expenses": 787,
        "Deferred income taxes expenses": -17,
        "The interests of minority shareholders": "N/A",
        "Total Cost of profits": 770,
        "Profit after tax corporate income": 2377,
        "Volume": 4638300,
        "Close of Quarter": 7.4,
        "EPS": 2014.9,
        "Non-adjusted EPS": 2166,
        "PE": 3.4,
        "Book Price": 10.7
      }
    },
    {
      "quarter": "Q2 2011",
      "income status": {
        "Net sales": 13534,
        "Cost of goods sold": 8893,
        "Gross Profit": 4642,
        "Financial expenses": 1,
        "Of which: Interest expense": 1,
        "Cost of sales": 101,
        "Enterprise cost management": 802,
        "Total Operating Expenses": 904,
        "Total revenue financing activities": 382,
        "Net profit from business activities": 4120,
        "Profit": 6,
        "Profit before tax": 4126,
        "Present corporate income tax expenses": 1032,
        "Deferred income taxes expenses": "N/A",
        "The interests of minority shareholders": "N/A",
        "Total Cost of profits": 1032,
        "Profit after tax corporate income": 3095,
        "Volume": 4638300,
        "Close of Quarter": 11.7,
        "EPS": 1976.8,
        "Non-adjusted EPS": 2125,
        "PE": 5.5,
        "Book Price": 11.0
      }
    },
    {
      "quarter": "Q1 2011",
      "income status": {
        "Net sales": 8147,
        "Cost of goods sold": 5383,
        "Gross Profit": 2763,
        "Financial expenses": 17,
        "Of which: Interest expense": 17,
        "Cost of sales": 96,
        "Enterprise cost management": 801,
        "Total Operating Expenses": 914,
        "Total revenue financing activities": 368,
        "Net profit from business activities": 2217,
        "Profit": -7,
        "Profit before tax": 2210,
        "Present corporate income tax expenses": 553,
        "Deferred income taxes expenses": "N/A",
        "The interests of minority shareholders": "N/A",
        "Total Cost of profits": 553,
        "Profit after tax corporate income": 1658,
        "Volume": 4638300,
        "Close of Quarter": 10.6,
        "EPS": 2029.8,
        "Non-adjusted EPS": 2182,
        "PE": 4.9,
        "Book Price": 10.4
      }
    }
  ]
}