{
  "ticker": "MCG",
  "data": [
    {
      "quarter": "Q4 2016",
      "income status": {
        "Net sales": 85937,
        "Cost of goods sold": 83055,
        "Gross Profit": 2882,
        "Financial expenses": -3139,
        "Of which: Interest expense": 336,
        "Cost of sales": 5,
        "Enterprise cost management": 1728,
        "Total Operating Expenses": -1406,
        "Total revenue financing activities": 414,
        "Net profit from business activities": 4597,
        "Profit": -2706,
        "Profit before tax": 1891,
        "Present corporate income tax expenses": 2,
        "Deferred income taxes expenses": "N/A",
        "The interests of minority shareholders": "N/A",
        "Total Cost of profits": 2,
        "Profit after tax corporate income": 1889,
        "Volume": 52050000,
        "Close of Quarter": 2.0,
        "EPS": 174,
        "Non-adjusted EPS": 174,
        "PE": 11.7,
        "Book Price": 11.7
      }
    },
    {
      "quarter": "Q3 2016",
      "income status": {
        "Net sales": 74925,
        "Cost of goods sold": 65147,
        "Gross Profit": 9779,
        "Financial expenses": 5397,
        "Of which: Interest expense": 4531,
        "Cost of sales": 9,
        "Enterprise cost management": 1975,
        "Total Operating Expenses": 7381,
        "Total revenue financing activities": 15,
        "Net profit from business activities": 2307,
        "Profit": -1256,
        "Profit before tax": 1052,
        "Present corporate income tax expenses": 406,
        "Deferred income taxes expenses": "N/A",
        "The interests of minority shareholders": 101,
        "Total Cost of profits": 507,
        "Profit after tax corporate income": 544,
        "Volume": 52050000,
        "Close of Quarter": 2.2,
        "EPS": 367,
        "Non-adjusted EPS": 367,
        "PE": 6.1,
        "Book Price": 11.6
      }
    },
    {
      "quarter": "Q2 2016",
      "income status": {
        "Net sales": 108780,
        "Cost of goods sold": 94540,
        "Gross Profit": 14240,
        "Financial expenses": 7917,
        "Of which: Interest expense": 10082,
        "Cost of sales": 17,
        "Enterprise cost management": 2309,
        "Total Operating Expenses": 10243,
        "Total revenue financing activities": 329,
        "Net profit from business activities": 4221,
        "Profit": 287,
        "Profit before tax": 4509,
        "Present corporate income tax expenses": 216,
        "Deferred income taxes expenses": "N/A",
        "The interests of minority shareholders": 18,
        "Total Cost of profits": 234,
        "Profit after tax corporate income": 4274,
        "Volume": 52050000,
        "Close of Quarter": 2.9,
        "EPS": 364,
        "Non-adjusted EPS": 364,
        "PE": 8.0,
        "Book Price": 11.6
      }
    },
    {
      "quarter": "Q1 2016",
      "income status": {
        "Net sales": 60070,
        "Cost of goods sold": 55711,
        "Gross Profit": 4360,
        "Financial expenses": 157,
        "Of which: Interest expense": 1513,
        "Cost of sales": 17,
        "Enterprise cost management": 2128,
        "Total Operating Expenses": 2302,
        "Total revenue financing activities": 420,
        "Net profit from business activities": 2372,
        "Profit": -6,
        "Profit before tax": 2366,
        "Present corporate income tax expenses": 8,
        "Deferred income taxes expenses": "N/A",
        "The interests of minority shareholders": 6,
        "Total Cost of profits": 14,
        "Profit after tax corporate income": 2353,
        "Volume": 52050000,
        "Close of Quarter": 3.5,
        "EPS": 298,
        "Non-adjusted EPS": 298,
        "PE": 11.7,
        "Book Price": 11.5
      }
    },
    {
      "quarter": "Q4 2015",
      "income status": {
        "Net sales": 78304,
        "Cost of goods sold": 46638,
        "Gross Profit": 31666,
        "Financial expenses": 41591,
        "Of which: Interest expense": 39201,
        "Cost of sales": 17,
        "Enterprise cost management": 2112,
        "Total Operating Expenses": 43720,
        "Total revenue financing activities": 38799,
        "Net profit from business activities": 22856,
        "Profit": -10706,
        "Profit before tax": 12150,
        "Present corporate income tax expenses": 204,
        "Deferred income taxes expenses": "N/A",
        "The interests of minority shareholders": 1,
        "Total Cost of profits": 205,
        "Profit after tax corporate income": 11945,
        "Volume": 52050000,
        "Close of Quarter": 4.1,
        "EPS": 435,
        "Non-adjusted EPS": 435,
        "PE": 9.4,
        "Book Price": 11.5
      }
    },
    {
      "quarter": "Q3 2015",
      "income status": {
        "Net sales": 59020,
        "Cost of goods sold": 49295,
        "Gross Profit": 9725,
        "Financial expenses": 7611,
        "Of which: Interest expense": 7930,
        "Cost of sales": 18,
        "Enterprise cost management": 1752,
        "Total Operating Expenses": 9381,
        "Total revenue financing activities": 22,
        "Net profit from business activities": 221,
        "Profit": 146,
        "Profit before tax": 367,
        "Present corporate income tax expenses": 6,
        "Deferred income taxes expenses": "N/A",
        "The interests of minority shareholders": 6,
        "Total Cost of profits": 12,
        "Profit after tax corporate income": 355,
        "Volume": 52050000,
        "Close of Quarter": 4,
        "EPS": 297,
        "Non-adjusted EPS": 297,
        "PE": 13.5,
        "Book Price": 11.3
      }
    },
    {
      "quarter": "Q2 2015",
      "income status": {
        "Net sales": 87008,
        "Cost of goods sold": 70396,
        "Gross Profit": 16612,
        "Financial expenses": 16161,
        "Of which: Interest expense": 15703,
        "Cost of sales": 26,
        "Enterprise cost management": 1442,
        "Total Operating Expenses": 17629,
        "Total revenue financing activities": 5516,
        "Net profit from business activities": 3086,
        "Profit": -23,
        "Profit before tax": 3063,
        "Present corporate income tax expenses": 1764,
        "Deferred income taxes expenses": "N/A",
        "The interests of minority shareholders": 425,
        "Total Cost of profits": 2189,
        "Profit after tax corporate income": 874,
        "Volume": 52050000,
        "Close of Quarter": 5.6,
        "EPS": 297,
        "Non-adjusted EPS": 297,
        "PE": 18.9,
        "Book Price": 11.3
      }
    },
    {
      "quarter": "Q1 2015",
      "income status": {
        "Net sales": 151802,
        "Cost of goods sold": 129849,
        "Gross Profit": 21954,
        "Financial expenses": 9998,
        "Of which: Interest expense": 13380,
        "Cost of sales": 34,
        "Enterprise cost management": 1261,
        "Total Operating Expenses": 11293,
        "Total revenue financing activities": 141,
        "Net profit from business activities": 10801,
        "Profit": 651,
        "Profit before tax": 11452,
        "Present corporate income tax expenses": 1996,
        "Deferred income taxes expenses": "N/A",
        "The interests of minority shareholders": "N/A",
        "Total Cost of profits": 1996,
        "Profit after tax corporate income": 9456,
        "Volume": 52050000,
        "Close of Quarter": 6.4,
        "EPS": 721,
        "Non-adjusted EPS": 721,
        "PE": 8.9,
        "Book Price": 11.2
      }
    },
    {
      "quarter": "Q4 2014",
      "income status": {
        "Net sales": 504601,
        "Cost of goods sold": 479864,
        "Gross Profit": 24737,
        "Financial expenses": 15906,
        "Of which: Interest expense": 16211,
        "Cost of sales": 124,
        "Enterprise cost management": 2942,
        "Total Operating Expenses": 18972,
        "Total revenue financing activities": 72,
        "Net profit from business activities": 6709,
        "Profit": -1364,
        "Profit before tax": 5345,
        "Present corporate income tax expenses": 501,
        "Deferred income taxes expenses": "N/A",
        "The interests of minority shareholders": 61,
        "Total Cost of profits": 562,
        "Profit after tax corporate income": 4783,
        "Volume": 52050000,
        "Close of Quarter": 6.4,
        "EPS": 641,
        "Non-adjusted EPS": 641,
        "PE": 10.0,
        "Book Price": 11
      }
    },
    {
      "quarter": "Q3 2014",
      "income status": {
        "Net sales": 278605,
        "Cost of goods sold": 255798,
        "Gross Profit": 22807,
        "Financial expenses": 14256,
        "Of which: Interest expense": 18119,
        "Cost of sales": 140,
        "Enterprise cost management": 7250,
        "Total Operating Expenses": 21646,
        "Total revenue financing activities": 255,
        "Net profit from business activities": 1253,
        "Profit": -187,
        "Profit before tax": 1066,
        "Present corporate income tax expenses": 725,
        "Deferred income taxes expenses": "N/A",
        "The interests of minority shareholders": 13,
        "Total Cost of profits": 738,
        "Profit after tax corporate income": 329,
        "Volume": 52050000,
        "Close of Quarter": 8,
        "EPS": -2756,
        "Non-adjusted EPS": -2756,
        "PE": -2.9,
        "Book Price": 11
      }
    },
    {
      "quarter": "Q2 2014",
      "income status": {
        "Net sales": 269263,
        "Cost of goods sold": 241516,
        "Gross Profit": 27747,
        "Financial expenses": 16858,
        "Of which: Interest expense": 13021,
        "Cost of sales": 901,
        "Enterprise cost management": 1947,
        "Total Operating Expenses": 19706,
        "Total revenue financing activities": 4860,
        "Net profit from business activities": 23781,
        "Profit": 1524,
        "Profit before tax": 25306,
        "Present corporate income tax expenses": 2313,
        "Deferred income taxes expenses": "N/A",
        "The interests of minority shareholders": 8,
        "Total Cost of profits": 2321,
        "Profit after tax corporate income": 22985,
        "Volume": 52050000,
        "Close of Quarter": 6.7,
        "EPS": -2776,
        "Non-adjusted EPS": -2776,
        "PE": -2.4,
        "Book Price": 10.9
      }
    },
    {
      "quarter": "Q1 2014",
      "income status": {
        "Net sales": 146945,
        "Cost of goods sold": 145533,
        "Gross Profit": 1413,
        "Financial expenses": -4762,
        "Of which: Interest expense": 1284,
        "Cost of sales": 40,
        "Enterprise cost management": 1743,
        "Total Operating Expenses": -2979,
        "Total revenue financing activities": 332,
        "Net profit from business activities": 4724,
        "Profit": 551,
        "Profit before tax": 5275,
        "Present corporate income tax expenses": 20,
        "Deferred income taxes expenses": "N/A",
        "The interests of minority shareholders": 7,
        "Total Cost of profits": 27,
        "Profit after tax corporate income": 5247,
        "Volume": 52050000,
        "Close of Quarter": 8.3,
        "EPS": -3210,
        "Non-adjusted EPS": -3210,
        "PE": -2.6,
        "Book Price": 10.3
      }
    },
    {
      "quarter": "Q4 2013",
      "income status": {
        "Net sales": 197341,
        "Cost of goods sold": 302613,
        "Gross Profit": -105272,
        "Financial expenses": 79440,
        "Of which: Interest expense": 43150,
        "Cost of sales": 62,
        "Enterprise cost management": 1523,
        "Total Operating Expenses": 81025,
        "Total revenue financing activities": 958,
        "Net profit from business activities": -185339,
        "Profit": 914,
        "Profit before tax": -172858,
        "Present corporate income tax expenses": -878,
        "Deferred income taxes expenses": "N/A",
        "The interests of minority shareholders": 15,
        "Total Cost of profits": -863,
        "Profit after tax corporate income": -171995,
        "Volume": 52050000,
        "Close of Quarter": 5.4,
        "EPS": -3303,
        "Non-adjusted EPS": -3303,
        "PE": -1.6,
        "Book Price": 10.2
      }
    },
    {
      "quarter": "Q3 2013",
      "income status": {
        "Net sales": 101726,
        "Cost of goods sold": 100919,
        "Gross Profit": 807,
        "Financial expenses": 4894,
        "Of which: Interest expense": 4894,
        "Cost of sales": 70,
        "Enterprise cost management": 1359,
        "Total Operating Expenses": 6323,
        "Total revenue financing activities": 6740,
        "Net profit from business activities": 1225,
        "Profit": -830,
        "Profit before tax": -744,
        "Present corporate income tax expenses": -38,
        "Deferred income taxes expenses": 1,
        "The interests of minority shareholders": 2,
        "Total Cost of profits": -35,
        "Profit after tax corporate income": -709,
        "Volume": 52050000,
        "Close of Quarter": 3.8,
        "EPS": 42,
        "Non-adjusted EPS": 42,
        "PE": 90.5,
        "Book Price": 13.5
      }
    },
    {
      "quarter": "Q2 2013",
      "income status": {
        "Net sales": 223193,
        "Cost of goods sold": 221058,
        "Gross Profit": 2135,
        "Financial expenses": 8036,
        "Of which: Interest expense": 7836,
        "Cost of sales": 195,
        "Enterprise cost management": 639,
        "Total Operating Expenses": 8870,
        "Total revenue financing activities": 8565,
        "Net profit from business activities": 1829,
        "Profit": 1711,
        "Profit before tax": 1263,
        "Present corporate income tax expenses": 901,
        "Deferred income taxes expenses": 1,
        "The interests of minority shareholders": 4,
        "Total Cost of profits": 906,
        "Profit after tax corporate income": 357,
        "Volume": 52050000,
        "Close of Quarter": 4,
        "EPS": 41,
        "Non-adjusted EPS": 41,
        "PE": 97.6,
        "Book Price": 13.5
      }
    },
    {
      "quarter": "Q1 2013",
      "income status": {
        "Net sales": 279992,
        "Cost of goods sold": 278444,
        "Gross Profit": 1548,
        "Financial expenses": 14076,
        "Of which: Interest expense": 13900,
        "Cost of sales": 281,
        "Enterprise cost management": 1383,
        "Total Operating Expenses": 15740,
        "Total revenue financing activities": 14326,
        "Net profit from business activities": 133,
        "Profit": 384,
        "Profit before tax": 517,
        "Present corporate income tax expenses": 108,
        "Deferred income taxes expenses": 1,
        "The interests of minority shareholders": 1,
        "Total Cost of profits": 110,
        "Profit after tax corporate income": 406,
        "Volume": 52050000,
        "Close of Quarter": 3.9,
        "EPS": 48,
        "Non-adjusted EPS": 48,
        "PE": 81.3,
        "Book Price": 13.5
      }
    },
    {
      "quarter": "Q4 2012",
      "income status": {
        "Net sales": 650239,
        "Cost of goods sold": 636829,
        "Gross Profit": 13410,
        "Financial expenses": 24189,
        "Of which: Interest expense": 23440,
        "Cost of sales": 1310,
        "Enterprise cost management": -1336,
        "Total Operating Expenses": 24163,
        "Total revenue financing activities": 9095,
        "Net profit from business activities": -1659,
        "Profit": 4399,
        "Profit before tax": 1602,
        "Present corporate income tax expenses": -551,
        "Deferred income taxes expenses": 1,
        "The interests of minority shareholders": 1,
        "Total Cost of profits": -549,
        "Profit after tax corporate income": 2150,
        "Volume": 52050000,
        "Close of Quarter": 3.8,
        "EPS": 50,
        "Non-adjusted EPS": 50,
        "PE": 76,
        "Book Price": 13.6
      }
    },
    {
      "quarter": "Q3 2012",
      "income status": {
        "Net sales": 430455,
        "Cost of goods sold": 426819,
        "Gross Profit": 3636,
        "Financial expenses": 17332,
        "Of which: Interest expense": 17322,
        "Cost of sales": 693,
        "Enterprise cost management": 1541,
        "Total Operating Expenses": 19566,
        "Total revenue financing activities": 15015,
        "Net profit from business activities": -916,
        "Profit": 1433,
        "Profit before tax": -622,
        "Present corporate income tax expenses": 132,
        "Deferred income taxes expenses": 1,
        "The interests of minority shareholders": "N/A",
        "Total Cost of profits": 133,
        "Profit after tax corporate income": -755,
        "Volume": 52050000,
        "Close of Quarter": 4.3,
        "EPS": 1,
        "Non-adjusted EPS": 1,
        "PE": 4300,
        "Book Price": 13.5
      }
    },
    {
      "quarter": "Q2 2012",
      "income status": {
        "Net sales": 486713,
        "Cost of goods sold": 476371,
        "Gross Profit": 10342,
        "Financial expenses": 24020,
        "Of which: Interest expense": 27752,
        "Cost of sales": 1117,
        "Enterprise cost management": 3048,
        "Total Operating Expenses": 28185,
        "Total revenue financing activities": 17104,
        "Net profit from business activities": -739,
        "Profit": 3057,
        "Profit before tax": 1172,
        "Present corporate income tax expenses": 484,
        "Deferred income taxes expenses": 1,
        "The interests of minority shareholders": "N/A",
        "Total Cost of profits": 485,
        "Profit after tax corporate income": 687,
        "Volume": 52050000,
        "Close of Quarter": 5.9,
        "EPS": 22,
        "Non-adjusted EPS": 22,
        "PE": 268.2,
        "Book Price": 13.6
      }
    },
    {
      "quarter": "Q1 2012",
      "income status": {
        "Net sales": 340743,
        "Cost of goods sold": 335851,
        "Gross Profit": 4892,
        "Financial expenses": 22089,
        "Of which: Interest expense": 22089,
        "Cost of sales": 940,
        "Enterprise cost management": 1952,
        "Total Operating Expenses": 24981,
        "Total revenue financing activities": 21901,
        "Net profit from business activities": 1811,
        "Profit": 11,
        "Profit before tax": 691,
        "Present corporate income tax expenses": 146,
        "Deferred income taxes expenses": 1,
        "The interests of minority shareholders": "N/A",
        "Total Cost of profits": 147,
        "Profit after tax corporate income": 543,
        "Volume": 52050000,
        "Close of Quarter": 6.6,
        "EPS": -143,
        "Non-adjusted EPS": -143,
        "PE": -46.2,
        "Book Price": 13.5
      }
    },
    {
      "quarter": "Q4 2011",
      "income status": {
        "Net sales": 351919,
        "Cost of goods sold": 347023,
        "Gross Profit": 4896,
        "Financial expenses": 13875,
        "Of which: Interest expense": 20891,
        "Cost of sales": 576,
        "Enterprise cost management": 1757,
        "Total Operating Expenses": 16208,
        "Total revenue financing activities": 11571,
        "Net profit from business activities": 259,
        "Profit": 483,
        "Profit before tax": 15482,
        "Present corporate income tax expenses": 121,
        "Deferred income taxes expenses": 1,
        "The interests of minority shareholders": "N/A",
        "Total Cost of profits": 122,
        "Profit after tax corporate income": -413,
        "Volume": 52050000,
        "Close of Quarter": 6.9,
        "EPS": 198,
        "Non-adjusted EPS": 198,
        "PE": 34.9,
        "Book Price": 13.7
      }
    },
    {
      "quarter": "Q3 2011",
      "income status": {
        "Net sales": 529347,
        "Cost of goods sold": 518290,
        "Gross Profit": 11057,
        "Financial expenses": 21679,
        "Of which: Interest expense": 20251,
        "Cost of sales": 394,
        "Enterprise cost management": 3544,
        "Total Operating Expenses": 25617,
        "Total revenue financing activities": 16363,
        "Net profit from business activities": 1802,
        "Profit": 2,
        "Profit before tax": 770,
        "Present corporate income tax expenses": 444,
        "Deferred income taxes expenses": 1,
        "The interests of minority shareholders": "N/A",
        "Total Cost of profits": 445,
        "Profit after tax corporate income": 325,
        "Volume": 52050000,
        "Close of Quarter": 10.4,
        "EPS": 358,
        "Non-adjusted EPS": 358,
        "PE": 29.1,
        "Book Price": 13.7
      }
    },
    {
      "quarter": "Q2 2011",
      "income status": {
        "Net sales": 336858,
        "Cost of goods sold": 331684,
        "Gross Profit": 5174,
        "Financial expenses": 39001,
        "Of which: Interest expense": 19939,
        "Cost of sales": 539,
        "Enterprise cost management": 3532,
        "Total Operating Expenses": 43072,
        "Total revenue financing activities": 28722,
        "Net profit from business activities": -9176,
        "Profit": 27,
        "Profit before tax": -10182,
        "Present corporate income tax expenses": -2309,
        "Deferred income taxes expenses": 1,
        "The interests of minority shareholders": "N/A",
        "Total Cost of profits": -2308,
        "Profit after tax corporate income": -7874,
        "Volume": 51330000,
        "Close of Quarter": 12.2,
        "EPS": 500.0,
        "Non-adjusted EPS": 507,
        "PE": 24.1,
        "Book Price": 13.9
      }
    },
    {
      "quarter": "Q1 2011",
      "income status": {
        "Net sales": 352241,
        "Cost of goods sold": 321496,
        "Gross Profit": 30745,
        "Financial expenses": 18718,
        "Of which: Interest expense": 18161,
        "Cost of sales": 1534,
        "Enterprise cost management": 2347,
        "Total Operating Expenses": 22599,
        "Total revenue financing activities": 18543,
        "Net profit from business activities": 26688,
        "Profit": -471,
        "Profit before tax": 25184,
        "Present corporate income tax expenses": 6901,
        "Deferred income taxes expenses": 1,
        "The interests of minority shareholders": "N/A",
        "Total Cost of profits": 6902,
        "Profit after tax corporate income": 18282,
        "Volume": 54600000,
        "Close of Quarter": 13.7,
        "EPS": 934.7,
        "Non-adjusted EPS": 891,
        "PE": 15.4,
        "Book Price": 14.6
      }
    }
  ]
}