{
  "ticker": "DRH",
  "data": [
    {
      "quarter": "Q4 2016",
      "income status": {
        "Net sales": 32538,
        "Cost of goods sold": 29245,
        "Gross Profit": 3292,
        "Financial expenses": -1923,
        "Of which: Interest expense": 7176,
        "Cost of sales": "N/A",
        "Enterprise cost management": 9926,
        "Total Operating Expenses": 8003,
        "Total revenue financing activities": 53290,
        "Net profit from business activities": 48580,
        "Profit": -11,
        "Profit before tax": 48568,
        "Present corporate income tax expenses": 8698,
        "Deferred income taxes expenses": "N/A",
        "The interests of minority shareholders": "N/A",
        "Total Cost of profits": 8698,
        "Profit after tax corporate income": 39870,
        "Volume": 48714150,
        "Close of Quarter": 26,
        "EPS": 1183,
        "Non-adjusted EPS": 1183,
        "PE": 22.0,
        "Book Price": 12.6
      }
    },
    {
      "quarter": "Q3 2016",
      "income status": {
        "Net sales": 9402,
        "Cost of goods sold": 6751,
        "Gross Profit": 2651,
        "Financial expenses": 5343,
        "Of which: Interest expense": 5337,
        "Cost of sales": "N/A",
        "Enterprise cost management": 9258,
        "Total Operating Expenses": 14601,
        "Total revenue financing activities": 11896,
        "Net profit from business activities": -53,
        "Profit": 2526,
        "Profit before tax": 2473,
        "Present corporate income tax expenses": "N/A",
        "Deferred income taxes expenses": "N/A",
        "The interests of minority shareholders": "N/A",
        "Total Cost of profits": 0,
        "Profit after tax corporate income": 2473,
        "Volume": 48714150,
        "Close of Quarter": 22.7,
        "EPS": 472,
        "Non-adjusted EPS": 472,
        "PE": 48.1,
        "Book Price": 11.7
      }
    },
    {
      "quarter": "Q2 2016",
      "income status": {
        "Net sales": 36738,
        "Cost of goods sold": 33556,
        "Gross Profit": 3182,
        "Financial expenses": 754,
        "Of which: Interest expense": 3668,
        "Cost of sales": "N/A",
        "Enterprise cost management": 4714,
        "Total Operating Expenses": 5468,
        "Total revenue financing activities": 18,
        "Net profit from business activities": -2267,
        "Profit": 17381,
        "Profit before tax": 15114,
        "Present corporate income tax expenses": 2950,
        "Deferred income taxes expenses": "N/A",
        "The interests of minority shareholders": "N/A",
        "Total Cost of profits": 2950,
        "Profit after tax corporate income": 12163,
        "Volume": 48714150,
        "Close of Quarter": 60,
        "EPS": 557,
        "Non-adjusted EPS": 557,
        "PE": 107.7,
        "Book Price": 11.7
      }
    },
    {
      "quarter": "Q1 2016",
      "income status": {
        "Net sales": 30339,
        "Cost of goods sold": 19920,
        "Gross Profit": 10419,
        "Financial expenses": 1028,
        "Of which: Interest expense": 1028,
        "Cost of sales": "N/A",
        "Enterprise cost management": 4866,
        "Total Operating Expenses": 5894,
        "Total revenue financing activities": 2,
        "Net profit from business activities": 4527,
        "Profit": "N/A",
        "Profit before tax": 4527,
        "Present corporate income tax expenses": 1400,
        "Deferred income taxes expenses": "N/A",
        "The interests of minority shareholders": "N/A",
        "Total Cost of profits": 1400,
        "Profit after tax corporate income": 3127,
        "Volume": 18113852,
        "Close of Quarter": 31.5,
        "EPS": 347.3,
        "Non-adjusted EPS": 934,
        "PE": 33.7,
        "Book Price": 4.6
      }
    },
    {
      "quarter": "Q4 2015",
      "income status": {
        "Net sales": 68104,
        "Cost of goods sold": 51839,
        "Gross Profit": 16265,
        "Financial expenses": 7195,
        "Of which: Interest expense": 1900,
        "Cost of sales": "N/A",
        "Enterprise cost management": 1904,
        "Total Operating Expenses": 9099,
        "Total revenue financing activities": 2,
        "Net profit from business activities": 7167,
        "Profit": "N/A",
        "Profit before tax": 7167,
        "Present corporate income tax expenses": 1941,
        "Deferred income taxes expenses": "N/A",
        "The interests of minority shareholders": "N/A",
        "Total Cost of profits": 1941,
        "Profit after tax corporate income": 5226,
        "Volume": 18113852,
        "Close of Quarter": 20.2,
        "EPS": 288.9,
        "Non-adjusted EPS": 777,
        "PE": 26,
        "Book Price": 4.5
      }
    },
    {
      "quarter": "Q3 2015",
      "income status": {
        "Net sales": 31378,
        "Cost of goods sold": 19706,
        "Gross Profit": 11672,
        "Financial expenses": 1524,
        "Of which: Interest expense": 1471,
        "Cost of sales": "N/A",
        "Enterprise cost management": 1094,
        "Total Operating Expenses": 2618,
        "Total revenue financing activities": 2,
        "Net profit from business activities": 9056,
        "Profit": "N/A",
        "Profit before tax": 9056,
        "Present corporate income tax expenses": 2455,
        "Deferred income taxes expenses": "N/A",
        "The interests of minority shareholders": "N/A",
        "Total Cost of profits": 2455,
        "Profit after tax corporate income": 6601,
        "Volume": 18113852,
        "Close of Quarter": 7,
        "EPS": 329.1,
        "Non-adjusted EPS": 885,
        "PE": 7.9,
        "Book Price": 4.4
      }
    },
    {
      "quarter": "Q2 2015",
      "income status": {
        "Net sales": 68100,
        "Cost of goods sold": 61793,
        "Gross Profit": 6308,
        "Financial expenses": 2522,
        "Of which: Interest expense": 2518,
        "Cost of sales": "N/A",
        "Enterprise cost management": 962,
        "Total Operating Expenses": 3484,
        "Total revenue financing activities": 3,
        "Net profit from business activities": 2828,
        "Profit": "N/A",
        "Profit before tax": 2828,
        "Present corporate income tax expenses": 858,
        "Deferred income taxes expenses": "N/A",
        "The interests of minority shareholders": "N/A",
        "Total Cost of profits": 858,
        "Profit after tax corporate income": 1969,
        "Volume": 18113852,
        "Close of Quarter": 6.4,
        "EPS": 231.3,
        "Non-adjusted EPS": 622,
        "PE": 10.3,
        "Book Price": 4.2
      }
    },
    {
      "quarter": "Q1 2015",
      "income status": {
        "Net sales": 17425,
        "Cost of goods sold": 14863,
        "Gross Profit": 2562,
        "Financial expenses": 1264,
        "Of which: Interest expense": 1264,
        "Cost of sales": "N/A",
        "Enterprise cost management": 816,
        "Total Operating Expenses": 2080,
        "Total revenue financing activities": 6,
        "Net profit from business activities": 488,
        "Profit": "N/A",
        "Profit before tax": 488,
        "Present corporate income tax expenses": 216,
        "Deferred income taxes expenses": "N/A",
        "The interests of minority shareholders": "N/A",
        "Total Cost of profits": 216,
        "Profit after tax corporate income": 272,
        "Volume": 18113852,
        "Close of Quarter": 5.9,
        "EPS": 209.4,
        "Non-adjusted EPS": 563,
        "PE": 10.5,
        "Book Price": 4.2
      }
    },
    {
      "quarter": "Q4 2014",
      "income status": {
        "Net sales": 66487,
        "Cost of goods sold": 60895,
        "Gross Profit": 5592,
        "Financial expenses": 258,
        "Of which: Interest expense": 2639,
        "Cost of sales": "N/A",
        "Enterprise cost management": 943,
        "Total Operating Expenses": 1201,
        "Total revenue financing activities": 2816,
        "Net profit from business activities": 7207,
        "Profit": "N/A",
        "Profit before tax": 7207,
        "Present corporate income tax expenses": 19,
        "Deferred income taxes expenses": "N/A",
        "The interests of minority shareholders": "N/A",
        "Total Cost of profits": 19,
        "Profit after tax corporate income": 7188,
        "Volume": 18113852,
        "Close of Quarter": 5.8,
        "EPS": 210.5,
        "Non-adjusted EPS": 566,
        "PE": 10.3,
        "Book Price": 4.1
      }
    },
    {
      "quarter": "Q3 2014",
      "income status": {
        "Net sales": 52814,
        "Cost of goods sold": 47808,
        "Gross Profit": 5006,
        "Financial expenses": 1781,
        "Of which: Interest expense": 1781,
        "Cost of sales": "N/A",
        "Enterprise cost management": 691,
        "Total Operating Expenses": 2472,
        "Total revenue financing activities": 12,
        "Net profit from business activities": 2546,
        "Profit": "N/A",
        "Profit before tax": 2546,
        "Present corporate income tax expenses": 713,
        "Deferred income taxes expenses": "N/A",
        "The interests of minority shareholders": "N/A",
        "Total Cost of profits": 713,
        "Profit after tax corporate income": 1833,
        "Volume": 18113852,
        "Close of Quarter": 4.1,
        "EPS": 22.7,
        "Non-adjusted EPS": 61,
        "PE": 67.2,
        "Book Price": 4.0
      }
    },
    {
      "quarter": "Q2 2014",
      "income status": {
        "Net sales": 52216,
        "Cost of goods sold": 47839,
        "Gross Profit": 4377,
        "Financial expenses": 2469,
        "Of which: Interest expense": 2469,
        "Cost of sales": "N/A",
        "Enterprise cost management": 854,
        "Total Operating Expenses": 3323,
        "Total revenue financing activities": 3,
        "Net profit from business activities": 1057,
        "Profit": 387,
        "Profit before tax": 1444,
        "Present corporate income tax expenses": 542,
        "Deferred income taxes expenses": "N/A",
        "The interests of minority shareholders": "N/A",
        "Total Cost of profits": 542,
        "Profit after tax corporate income": 902,
        "Volume": 18113852,
        "Close of Quarter": 3.4,
        "EPS": -12.6,
        "Non-adjusted EPS": -34,
        "PE": -100,
        "Book Price": 3.9
      }
    },
    {
      "quarter": "Q1 2014",
      "income status": {
        "Net sales": 27711,
        "Cost of goods sold": 24430,
        "Gross Profit": 3281,
        "Financial expenses": 1877,
        "Of which: Interest expense": 1877,
        "Cost of sales": "N/A",
        "Enterprise cost management": 770,
        "Total Operating Expenses": 2647,
        "Total revenue financing activities": 6,
        "Net profit from business activities": 640,
        "Profit": "N/A",
        "Profit before tax": 640,
        "Present corporate income tax expenses": 302,
        "Deferred income taxes expenses": "N/A",
        "The interests of minority shareholders": "N/A",
        "Total Cost of profits": 302,
        "Profit after tax corporate income": 338,
        "Volume": 18113852,
        "Close of Quarter": 4.9,
        "EPS": -29.4,
        "Non-adjusted EPS": -79,
        "PE": -62.0,
        "Book Price": 3.7
      }
    },
    {
      "quarter": "Q4 2013",
      "income status": {
        "Net sales": 66407,
        "Cost of goods sold": 62913,
        "Gross Profit": 3494,
        "Financial expenses": 5777,
        "Of which: Interest expense": 2460,
        "Cost of sales": "N/A",
        "Enterprise cost management": 800,
        "Total Operating Expenses": 6577,
        "Total revenue financing activities": 8,
        "Net profit from business activities": -3074,
        "Profit": 1100,
        "Profit before tax": -1974,
        "Present corporate income tax expenses": "N/A",
        "Deferred income taxes expenses": "N/A",
        "The interests of minority shareholders": "N/A",
        "Total Cost of profits": 0,
        "Profit after tax corporate income": -1974,
        "Volume": 18113852,
        "Close of Quarter": 2.3,
        "EPS": -30.1,
        "Non-adjusted EPS": -81,
        "PE": -28.4,
        "Book Price": 3.6
      }
    },
    {
      "quarter": "Q3 2013",
      "income status": {
        "Net sales": 28260,
        "Cost of goods sold": 26661,
        "Gross Profit": 1599,
        "Financial expenses": 2124,
        "Of which: Interest expense": 2124,
        "Cost of sales": "N/A",
        "Enterprise cost management": 717,
        "Total Operating Expenses": 2841,
        "Total revenue financing activities": 15,
        "Net profit from business activities": -1228,
        "Profit": 2100,
        "Profit before tax": 872,
        "Present corporate income tax expenses": 749,
        "Deferred income taxes expenses": "N/A",
        "The interests of minority shareholders": "N/A",
        "Total Cost of profits": 749,
        "Profit after tax corporate income": 123,
        "Volume": 18113852,
        "Close of Quarter": 2.2,
        "EPS": -187.4,
        "Non-adjusted EPS": -504,
        "PE": -4.4,
        "Book Price": 3.6
      }
    },
    {
      "quarter": "Q2 2013",
      "income status": {
        "Net sales": 45434,
        "Cost of goods sold": 41554,
        "Gross Profit": 3880,
        "Financial expenses": 2773,
        "Of which: Interest expense": 2772,
        "Cost of sales": "N/A",
        "Enterprise cost management": -1194,
        "Total Operating Expenses": 1579,
        "Total revenue financing activities": 18,
        "Net profit from business activities": 2320,
        "Profit": -500,
        "Profit before tax": 1820,
        "Present corporate income tax expenses": 1745,
        "Deferred income taxes expenses": "N/A",
        "The interests of minority shareholders": "N/A",
        "Total Cost of profits": 1745,
        "Profit after tax corporate income": 74,
        "Volume": 18113852,
        "Close of Quarter": 1.6,
        "EPS": -232.8,
        "Non-adjusted EPS": -626,
        "PE": -2.6,
        "Book Price": 3.6
      }
    },
    {
      "quarter": "Q1 2013",
      "income status": {
        "Net sales": 32718,
        "Cost of goods sold": 29335,
        "Gross Profit": 3383,
        "Financial expenses": 2186,
        "Of which: Interest expense": 2186,
        "Cost of sales": "N/A",
        "Enterprise cost management": 1307,
        "Total Operating Expenses": 3493,
        "Total revenue financing activities": 17,
        "Net profit from business activities": -93,
        "Profit": 500,
        "Profit before tax": 407,
        "Present corporate income tax expenses": 102,
        "Deferred income taxes expenses": "N/A",
        "The interests of minority shareholders": "N/A",
        "Total Cost of profits": 102,
        "Profit after tax corporate income": 306,
        "Volume": 18113852,
        "Close of Quarter": 2.1,
        "EPS": -227.2,
        "Non-adjusted EPS": -611,
        "PE": -3.4,
        "Book Price": 3.6
      }
    },
    {
      "quarter": "Q4 2012",
      "income status": {
        "Net sales": 69115,
        "Cost of goods sold": 66492,
        "Gross Profit": 2623,
        "Financial expenses": 11799,
        "Of which: Interest expense": 3113,
        "Cost of sales": "N/A",
        "Enterprise cost management": 928,
        "Total Operating Expenses": 12727,
        "Total revenue financing activities": 463,
        "Net profit from business activities": -9641,
        "Profit": "N/A",
        "Profit before tax": -9641,
        "Present corporate income tax expenses": "N/A",
        "Deferred income taxes expenses": "N/A",
        "The interests of minority shareholders": "N/A",
        "Total Cost of profits": 0,
        "Profit after tax corporate income": -9641,
        "Volume": 18113852,
        "Close of Quarter": 2.5,
        "EPS": -229.1,
        "Non-adjusted EPS": -616,
        "PE": -4.1,
        "Book Price": 3.9
      }
    },
    {
      "quarter": "Q3 2012",
      "income status": {
        "Net sales": 21978,
        "Cost of goods sold": 20782,
        "Gross Profit": 1196,
        "Financial expenses": 2385,
        "Of which: Interest expense": 2385,
        "Cost of sales": "N/A",
        "Enterprise cost management": 784,
        "Total Operating Expenses": 3169,
        "Total revenue financing activities": 7,
        "Net profit from business activities": -1966,
        "Profit": "N/A",
        "Profit before tax": -1966,
        "Present corporate income tax expenses": 105,
        "Deferred income taxes expenses": "N/A",
        "The interests of minority shareholders": "N/A",
        "Total Cost of profits": 105,
        "Profit after tax corporate income": -2071,
        "Volume": 18113852,
        "Close of Quarter": 2.5,
        "EPS": -16.7,
        "Non-adjusted EPS": -45,
        "PE": -55.6,
        "Book Price": 4.1
      }
    },
    {
      "quarter": "Q2 2012",
      "income status": {
        "Net sales": 75296,
        "Cost of goods sold": 73812,
        "Gross Profit": 1484,
        "Financial expenses": 15,
        "Of which: Interest expense": 3970,
        "Cost of sales": 10,
        "Enterprise cost management": 2116,
        "Total Operating Expenses": 2141,
        "Total revenue financing activities": 3011,
        "Net profit from business activities": 2354,
        "Profit": "N/A",
        "Profit before tax": 2354,
        "Present corporate income tax expenses": 2020,
        "Deferred income taxes expenses": "N/A",
        "The interests of minority shareholders": "N/A",
        "Total Cost of profits": 2020,
        "Profit after tax corporate income": 334,
        "Volume": 18113852,
        "Close of Quarter": 3.7,
        "EPS": 29.8,
        "Non-adjusted EPS": 80,
        "PE": 46.3,
        "Book Price": 4.1
      }
    },
    {
      "quarter": "Q1 2012",
      "income status": {
        "Net sales": 54905,
        "Cost of goods sold": 52677,
        "Gross Profit": 2228,
        "Financial expenses": 1350,
        "Of which: Interest expense": 1350,
        "Cost of sales": 48,
        "Enterprise cost management": 781,
        "Total Operating Expenses": 2179,
        "Total revenue financing activities": 236,
        "Net profit from business activities": 285,
        "Profit": "N/A",
        "Profit before tax": 285,
        "Present corporate income tax expenses": 71,
        "Deferred income taxes expenses": "N/A",
        "The interests of minority shareholders": "N/A",
        "Total Cost of profits": 71,
        "Profit after tax corporate income": 214,
        "Volume": 16937852,
        "Close of Quarter": 3.9,
        "EPS": 24.0,
        "Non-adjusted EPS": 69,
        "PE": 56.5,
        "Book Price": 3.9
      }
    },
    {
      "quarter": "Q4 2011",
      "income status": {
        "Net sales": 16169,
        "Cost of goods sold": 15665,
        "Gross Profit": 504,
        "Financial expenses": 10812,
        "Of which: Interest expense": 2440,
        "Cost of sales": 1,
        "Enterprise cost management": 1096,
        "Total Operating Expenses": 11909,
        "Total revenue financing activities": 13187,
        "Net profit from business activities": 1782,
        "Profit": "N/A",
        "Profit before tax": 1782,
        "Present corporate income tax expenses": 1079,
        "Deferred income taxes expenses": "N/A",
        "The interests of minority shareholders": "N/A",
        "Total Cost of profits": 1079,
        "Profit after tax corporate income": 703,
        "Volume": 16937852,
        "Close of Quarter": 3,
        "EPS": 31.6,
        "Non-adjusted EPS": 91,
        "PE": 33.0,
        "Book Price": 4.0
      }
    },
    {
      "quarter": "Q3 2011",
      "income status": {
        "Net sales": 46379,
        "Cost of goods sold": 43480,
        "Gross Profit": 2898,
        "Financial expenses": 2145,
        "Of which: Interest expense": 2145,
        "Cost of sales": "N/A",
        "Enterprise cost management": 1479,
        "Total Operating Expenses": 3624,
        "Total revenue financing activities": 252,
        "Net profit from business activities": -473,
        "Profit": 1566,
        "Profit before tax": 1093,
        "Present corporate income tax expenses": 891,
        "Deferred income taxes expenses": "N/A",
        "The interests of minority shareholders": "N/A",
        "Total Cost of profits": 891,
        "Profit after tax corporate income": 202,
        "Volume": 16937852,
        "Close of Quarter": 5.3,
        "EPS": 18.1,
        "Non-adjusted EPS": 52,
        "PE": 101.9,
        "Book Price": 4.0
      }
    },
    {
      "quarter": "Q2 2011",
      "income status": {
        "Net sales": 35178,
        "Cost of goods sold": 31021,
        "Gross Profit": 4158,
        "Financial expenses": 3713,
        "Of which: Interest expense": 2593,
        "Cost of sales": 18,
        "Enterprise cost management": 1727,
        "Total Operating Expenses": 5458,
        "Total revenue financing activities": 1612,
        "Net profit from business activities": 312,
        "Profit": 704,
        "Profit before tax": 1016,
        "Present corporate income tax expenses": 971,
        "Deferred income taxes expenses": "N/A",
        "The interests of minority shareholders": "N/A",
        "Total Cost of profits": 971,
        "Profit after tax corporate income": 45,
        "Volume": 17233692,
        "Close of Quarter": 5.5,
        "EPS": 129.8,
        "Non-adjusted EPS": 367,
        "PE": 15.0,
        "Book Price": 4
      }
    },
    {
      "quarter": "Q1 2011",
      "income status": {
        "Net sales": 4100,
        "Cost of goods sold": 4134,
        "Gross Profit": -34,
        "Financial expenses": 694,
        "Of which: Interest expense": 692,
        "Cost of sales": 54,
        "Enterprise cost management": 1207,
        "Total Operating Expenses": 1955,
        "Total revenue financing activities": 2971,
        "Net profit from business activities": 981,
        "Profit": "N/A",
        "Profit before tax": 981,
        "Present corporate income tax expenses": 398,
        "Deferred income taxes expenses": "N/A",
        "The interests of minority shareholders": "N/A",
        "Total Cost of profits": 398,
        "Profit after tax corporate income": 583,
        "Volume": 17233692,
        "Close of Quarter": 7.5,
        "EPS": 351.7,
        "Non-adjusted EPS": 994,
        "PE": 7.6,
        "Book Price": 4.5
      }
    }
  ]
}