{
  "ticker": "VTB",
  "data": [
    {
      "quarter": "Q4 2016",
      "income status": {
        "Net sales": 387898,
        "Cost of goods sold": 364538,
        "Gross Profit": 23361,
        "Financial expenses": 476,
        "Of which: Interest expense": 125,
        "Cost of sales": 13518,
        "Enterprise cost management": 5352,
        "Total Operating Expenses": 19346,
        "Total revenue financing activities": 11265,
        "Net profit from business activities": 15279,
        "Profit": -930,
        "Profit before tax": 14348,
        "Present corporate income tax expenses": 3398,
        "Deferred income taxes expenses": -842,
        "The interests of minority shareholders": -35,
        "Total Cost of profits": 2521,
        "Profit after tax corporate income": 11827,
        "Volume": 10892660,
        "Close of Quarter": 11.3,
        "EPS": 1454,
        "Non-adjusted EPS": 1454,
        "PE": 7.8,
        "Book Price": 19.7
      }
    },
    {
      "quarter": "Q3 2016",
      "income status": {
        "Net sales": 159922,
        "Cost of goods sold": 144475,
        "Gross Profit": 15447,
        "Financial expenses": 143,
        "Of which: Interest expense": 81,
        "Cost of sales": 11859,
        "Enterprise cost management": 2855,
        "Total Operating Expenses": 14857,
        "Total revenue financing activities": 1077,
        "Net profit from business activities": 1668,
        "Profit": 1269,
        "Profit before tax": 2937,
        "Present corporate income tax expenses": 182,
        "Deferred income taxes expenses": 430,
        "The interests of minority shareholders": 308,
        "Total Cost of profits": 920,
        "Profit after tax corporate income": 2017,
        "Volume": 10892660,
        "Close of Quarter": 10.8,
        "EPS": 930,
        "Non-adjusted EPS": 930,
        "PE": 11.6,
        "Book Price": 18.8
      }
    },
    {
      "quarter": "Q2 2016",
      "income status": {
        "Net sales": 142979,
        "Cost of goods sold": 126758,
        "Gross Profit": 16221,
        "Financial expenses": 148,
        "Of which: Interest expense": 91,
        "Cost of sales": 11029,
        "Enterprise cost management": 3745,
        "Total Operating Expenses": 14922,
        "Total revenue financing activities": 900,
        "Net profit from business activities": 2199,
        "Profit": -121,
        "Profit before tax": 2078,
        "Present corporate income tax expenses": 528,
        "Deferred income taxes expenses": 163,
        "The interests of minority shareholders": 68,
        "Total Cost of profits": 759,
        "Profit after tax corporate income": 1319,
        "Volume": 10892660,
        "Close of Quarter": 12.4,
        "EPS": 967,
        "Non-adjusted EPS": 967,
        "PE": 12.8,
        "Book Price": 19.5
      }
    },
    {
      "quarter": "Q1 2016",
      "income status": {
        "Net sales": 67493,
        "Cost of goods sold": 52837,
        "Gross Profit": 14656,
        "Financial expenses": 638,
        "Of which: Interest expense": 261,
        "Cost of sales": 10155,
        "Enterprise cost management": 3476,
        "Total Operating Expenses": 14269,
        "Total revenue financing activities": 639,
        "Net profit from business activities": 1026,
        "Profit": 116,
        "Profit before tax": 1142,
        "Present corporate income tax expenses": 242,
        "Deferred income taxes expenses": 111,
        "The interests of minority shareholders": 116,
        "Total Cost of profits": 469,
        "Profit after tax corporate income": 674,
        "Volume": 10892660,
        "Close of Quarter": 10.5,
        "EPS": 984,
        "Non-adjusted EPS": 984,
        "PE": 10.7,
        "Book Price": 19.5
      }
    },
    {
      "quarter": "Q4 2015",
      "income status": {
        "Net sales": 119629,
        "Cost of goods sold": 99474,
        "Gross Profit": 20155,
        "Financial expenses": 1451,
        "Of which: Interest expense": 452,
        "Cost of sales": 9331,
        "Enterprise cost management": 3144,
        "Total Operating Expenses": 13926,
        "Total revenue financing activities": 942,
        "Net profit from business activities": 7170,
        "Profit": -1,
        "Profit before tax": 7169,
        "Present corporate income tax expenses": 1864,
        "Deferred income taxes expenses": -1036,
        "The interests of minority shareholders": 217,
        "Total Cost of profits": 1045,
        "Profit after tax corporate income": 6124,
        "Volume": 10892660,
        "Close of Quarter": 10.7,
        "EPS": 1173,
        "Non-adjusted EPS": 1173,
        "PE": 9.1,
        "Book Price": 19.5
      }
    },
    {
      "quarter": "Q3 2015",
      "income status": {
        "Net sales": 115011,
        "Cost of goods sold": 96548,
        "Gross Profit": 18463,
        "Financial expenses": 675,
        "Of which: Interest expense": 186,
        "Cost of sales": 12497,
        "Enterprise cost management": 3200,
        "Total Operating Expenses": 16372,
        "Total revenue financing activities": 985,
        "Net profit from business activities": 3076,
        "Profit": 113,
        "Profit before tax": 3190,
        "Present corporate income tax expenses": 317,
        "Deferred income taxes expenses": 435,
        "The interests of minority shareholders": 22,
        "Total Cost of profits": 774,
        "Profit after tax corporate income": 2415,
        "Volume": 10892660,
        "Close of Quarter": 10.4,
        "EPS": 987,
        "Non-adjusted EPS": 987,
        "PE": 10.6,
        "Book Price": 19
      }
    },
    {
      "quarter": "Q2 2015",
      "income status": {
        "Net sales": 51307,
        "Cost of goods sold": 37486,
        "Gross Profit": 13821,
        "Financial expenses": 214,
        "Of which: Interest expense": 45,
        "Cost of sales": 10169,
        "Enterprise cost management": 3537,
        "Total Operating Expenses": 13920,
        "Total revenue financing activities": 1743,
        "Net profit from business activities": 1643,
        "Profit": 502,
        "Profit before tax": 2145,
        "Present corporate income tax expenses": 364,
        "Deferred income taxes expenses": 178,
        "The interests of minority shareholders": 95,
        "Total Cost of profits": 637,
        "Profit after tax corporate income": 1508,
        "Volume": 10892660,
        "Close of Quarter": 10.7,
        "EPS": 1061,
        "Non-adjusted EPS": 1061,
        "PE": 10.1,
        "Book Price": 18.7
      }
    },
    {
      "quarter": "Q1 2015",
      "income status": {
        "Net sales": 67530,
        "Cost of goods sold": 50070,
        "Gross Profit": 17460,
        "Financial expenses": 254,
        "Of which: Interest expense": 243,
        "Cost of sales": 11042,
        "Enterprise cost management": 4182,
        "Total Operating Expenses": 15478,
        "Total revenue financing activities": 1790,
        "Net profit from business activities": 3772,
        "Profit": 47,
        "Profit before tax": 3819,
        "Present corporate income tax expenses": 358,
        "Deferred income taxes expenses": 409,
        "The interests of minority shareholders": 323,
        "Total Cost of profits": 1090,
        "Profit after tax corporate income": 2728,
        "Volume": 10892660,
        "Close of Quarter": 9.4,
        "EPS": 1188,
        "Non-adjusted EPS": 1188,
        "PE": 7.9,
        "Book Price": 19.7
      }
    },
    {
      "quarter": "Q4 2014",
      "income status": {
        "Net sales": 73140,
        "Cost of goods sold": 54289,
        "Gross Profit": 18851,
        "Financial expenses": 807,
        "Of which: Interest expense": 179,
        "Cost of sales": 11047,
        "Enterprise cost management": 6056,
        "Total Operating Expenses": 17910,
        "Total revenue financing activities": 2894,
        "Net profit from business activities": 3835,
        "Profit": 681,
        "Profit before tax": 4517,
        "Present corporate income tax expenses": 1059,
        "Deferred income taxes expenses": -29,
        "The interests of minority shareholders": -614,
        "Total Cost of profits": 416,
        "Profit after tax corporate income": 4101,
        "Volume": 10892660,
        "Close of Quarter": 9.7,
        "EPS": 1221,
        "Non-adjusted EPS": 1221,
        "PE": 7.9,
        "Book Price": 19.1
      }
    },
    {
      "quarter": "Q3 2014",
      "income status": {
        "Net sales": 42261,
        "Cost of goods sold": 28945,
        "Gross Profit": 13317,
        "Financial expenses": 2993,
        "Of which: Interest expense": 400,
        "Cost of sales": 7812,
        "Enterprise cost management": 4330,
        "Total Operating Expenses": 15135,
        "Total revenue financing activities": 6107,
        "Net profit from business activities": 4289,
        "Profit": -202,
        "Profit before tax": 4087,
        "Present corporate income tax expenses": 951,
        "Deferred income taxes expenses": 91,
        "The interests of minority shareholders": -179,
        "Total Cost of profits": 863,
        "Profit after tax corporate income": 3224,
        "Volume": 10892660,
        "Close of Quarter": 8.7,
        "EPS": 1210,
        "Non-adjusted EPS": 1210,
        "PE": 7.2,
        "Book Price": 18.9
      }
    },
    {
      "quarter": "Q2 2014",
      "income status": {
        "Net sales": 52144,
        "Cost of goods sold": 39888,
        "Gross Profit": 12256,
        "Financial expenses": -31,
        "Of which: Interest expense": 284,
        "Cost of sales": 7517,
        "Enterprise cost management": 2994,
        "Total Operating Expenses": 10480,
        "Total revenue financing activities": 1920,
        "Net profit from business activities": 3695,
        "Profit": -214,
        "Profit before tax": 3481,
        "Present corporate income tax expenses": 801,
        "Deferred income taxes expenses": 144,
        "The interests of minority shareholders": -351,
        "Total Cost of profits": 594,
        "Profit after tax corporate income": 2887,
        "Volume": 10892660,
        "Close of Quarter": 8.1,
        "EPS": 1309,
        "Non-adjusted EPS": 1309,
        "PE": 6.2,
        "Book Price": 18.6
      }
    },
    {
      "quarter": "Q1 2014",
      "income status": {
        "Net sales": 47637,
        "Cost of goods sold": 35175,
        "Gross Profit": 12463,
        "Financial expenses": 695,
        "Of which: Interest expense": 347,
        "Cost of sales": 7359,
        "Enterprise cost management": 3467,
        "Total Operating Expenses": 11521,
        "Total revenue financing activities": 2325,
        "Net profit from business activities": 3267,
        "Profit": 994,
        "Profit before tax": 4261,
        "Present corporate income tax expenses": 914,
        "Deferred income taxes expenses": 182,
        "The interests of minority shareholders": 75,
        "Total Cost of profits": 1171,
        "Profit after tax corporate income": 3090,
        "Volume": 10892660,
        "Close of Quarter": 8.8,
        "EPS": 1107,
        "Non-adjusted EPS": 1107,
        "PE": 7.9,
        "Book Price": 18.4
      }
    },
    {
      "quarter": "Q4 2013",
      "income status": {
        "Net sales": 63548,
        "Cost of goods sold": 47098,
        "Gross Profit": 16450,
        "Financial expenses": 3376,
        "Of which: Interest expense": 317,
        "Cost of sales": 9111,
        "Enterprise cost management": 3212,
        "Total Operating Expenses": 15699,
        "Total revenue financing activities": 3946,
        "Net profit from business activities": 4697,
        "Profit": 66,
        "Profit before tax": 4763,
        "Present corporate income tax expenses": -58,
        "Deferred income taxes expenses": -2,
        "The interests of minority shareholders": 845,
        "Total Cost of profits": 785,
        "Profit after tax corporate income": 3978,
        "Volume": 10892660,
        "Close of Quarter": 8.3,
        "EPS": 1301,
        "Non-adjusted EPS": 1301,
        "PE": 6.4,
        "Book Price": 18.5
      }
    },
    {
      "quarter": "Q3 2013",
      "income status": {
        "Net sales": 44386,
        "Cost of goods sold": 32963,
        "Gross Profit": 11423,
        "Financial expenses": 77,
        "Of which: Interest expense": 64,
        "Cost of sales": 7348,
        "Enterprise cost management": 3874,
        "Total Operating Expenses": 11299,
        "Total revenue financing activities": 5005,
        "Net profit from business activities": 5128,
        "Profit": 73,
        "Profit before tax": 5201,
        "Present corporate income tax expenses": 540,
        "Deferred income taxes expenses": 238,
        "The interests of minority shareholders": 120,
        "Total Cost of profits": 898,
        "Profit after tax corporate income": 4303,
        "Volume": 10892660,
        "Close of Quarter": 7.4,
        "EPS": 1311,
        "Non-adjusted EPS": 1311,
        "PE": 5.6,
        "Book Price": 18.4
      }
    },
    {
      "quarter": "Q2 2013",
      "income status": {
        "Net sales": 39940,
        "Cost of goods sold": 29545,
        "Gross Profit": 10395,
        "Financial expenses": -473,
        "Of which: Interest expense": -2,
        "Cost of sales": 8374,
        "Enterprise cost management": 4560,
        "Total Operating Expenses": 12461,
        "Total revenue financing activities": 2137,
        "Net profit from business activities": 71,
        "Profit": -259,
        "Profit before tax": -188,
        "Present corporate income tax expenses": 291,
        "Deferred income taxes expenses": -1,
        "The interests of minority shareholders": -1167,
        "Total Cost of profits": -877,
        "Profit after tax corporate income": 688,
        "Volume": 10892660,
        "Close of Quarter": 7.4,
        "EPS": 1115,
        "Non-adjusted EPS": 1115,
        "PE": 6.6,
        "Book Price": 18
      }
    },
    {
      "quarter": "Q1 2013",
      "income status": {
        "Net sales": 56443,
        "Cost of goods sold": 39814,
        "Gross Profit": 16629,
        "Financial expenses": 709,
        "Of which: Interest expense": 97,
        "Cost of sales": 7845,
        "Enterprise cost management": 3752,
        "Total Operating Expenses": 12306,
        "Total revenue financing activities": 2231,
        "Net profit from business activities": 6554,
        "Profit": 1022,
        "Profit before tax": 7576,
        "Present corporate income tax expenses": 1873,
        "Deferred income taxes expenses": -356,
        "The interests of minority shareholders": 859,
        "Total Cost of profits": 2376,
        "Profit after tax corporate income": 5201,
        "Volume": 10892660,
        "Close of Quarter": 5.8,
        "EPS": 1152,
        "Non-adjusted EPS": 1152,
        "PE": 5,
        "Book Price": 18.3
      }
    },
    {
      "quarter": "Q4 2012",
      "income status": {
        "Net sales": 65738,
        "Cost of goods sold": 47246,
        "Gross Profit": 18492,
        "Financial expenses": 552,
        "Of which: Interest expense": 302,
        "Cost of sales": 14123,
        "Enterprise cost management": 3670,
        "Total Operating Expenses": 18345,
        "Total revenue financing activities": 4557,
        "Net profit from business activities": 4704,
        "Profit": 698,
        "Profit before tax": 5402,
        "Present corporate income tax expenses": 589,
        "Deferred income taxes expenses": 116,
        "The interests of minority shareholders": 613,
        "Total Cost of profits": 1318,
        "Profit after tax corporate income": 4084,
        "Volume": 10892660,
        "Close of Quarter": 4.9,
        "EPS": 1064,
        "Non-adjusted EPS": 1064,
        "PE": 4.6,
        "Book Price": 18.4
      }
    },
    {
      "quarter": "Q3 2012",
      "income status": {
        "Net sales": 53981,
        "Cost of goods sold": 37875,
        "Gross Profit": 16106,
        "Financial expenses": 814,
        "Of which: Interest expense": 614,
        "Cost of sales": 10320,
        "Enterprise cost management": 4282,
        "Total Operating Expenses": 15416,
        "Total revenue financing activities": 1965,
        "Net profit from business activities": 2656,
        "Profit": -88,
        "Profit before tax": 2567,
        "Present corporate income tax expenses": 633,
        "Deferred income taxes expenses": -30,
        "The interests of minority shareholders": -209,
        "Total Cost of profits": 394,
        "Profit after tax corporate income": 2174,
        "Volume": 10892660,
        "Close of Quarter": 4.6,
        "EPS": 1075,
        "Non-adjusted EPS": 1075,
        "PE": 4.3,
        "Book Price": 18.9
      }
    },
    {
      "quarter": "Q2 2012",
      "income status": {
        "Net sales": 44130,
        "Cost of goods sold": 34065,
        "Gross Profit": 10064,
        "Financial expenses": 66,
        "Of which: Interest expense": 460,
        "Cost of sales": 7162,
        "Enterprise cost management": 3606,
        "Total Operating Expenses": 10834,
        "Total revenue financing activities": 2154,
        "Net profit from business activities": 1385,
        "Profit": 254,
        "Profit before tax": 1639,
        "Present corporate income tax expenses": 623,
        "Deferred income taxes expenses": -171,
        "The interests of minority shareholders": 99,
        "Total Cost of profits": 551,
        "Profit after tax corporate income": 1087,
        "Volume": 10892660,
        "Close of Quarter": 5.3,
        "EPS": 1222,
        "Non-adjusted EPS": 1222,
        "PE": 4.3,
        "Book Price": 18.7
      }
    },
    {
      "quarter": "Q1 2012",
      "income status": {
        "Net sales": 50167,
        "Cost of goods sold": 35526,
        "Gross Profit": 14641,
        "Financial expenses": 502,
        "Of which: Interest expense": 347,
        "Cost of sales": 7545,
        "Enterprise cost management": 3767,
        "Total Operating Expenses": 11814,
        "Total revenue financing activities": 2830,
        "Net profit from business activities": 5658,
        "Profit": 433,
        "Profit before tax": 6091,
        "Present corporate income tax expenses": 1613,
        "Deferred income taxes expenses": "N/A",
        "The interests of minority shareholders": 229,
        "Total Cost of profits": 1842,
        "Profit after tax corporate income": 4249,
        "Volume": 10892660,
        "Close of Quarter": 5.2,
        "EPS": 1605,
        "Non-adjusted EPS": 1605,
        "PE": 3.3,
        "Book Price": 19.3
      }
    },
    {
      "quarter": "Q4 2011",
      "income status": {
        "Net sales": 63058,
        "Cost of goods sold": 51670,
        "Gross Profit": 11388,
        "Financial expenses": 554,
        "Of which: Interest expense": 305,
        "Cost of sales": 10612,
        "Enterprise cost management": 2043,
        "Total Operating Expenses": 13209,
        "Total revenue financing activities": 5840,
        "Net profit from business activities": 4018,
        "Profit": 304,
        "Profit before tax": 4323,
        "Present corporate income tax expenses": 187,
        "Deferred income taxes expenses": "N/A",
        "The interests of minority shareholders": -68,
        "Total Cost of profits": 119,
        "Profit after tax corporate income": 4204,
        "Volume": 10892660,
        "Close of Quarter": 3.5,
        "EPS": 1547,
        "Non-adjusted EPS": 1547,
        "PE": 2.3,
        "Book Price": 19.7
      }
    },
    {
      "quarter": "Q3 2011",
      "income status": {
        "Net sales": 47384,
        "Cost of goods sold": 40175,
        "Gross Profit": 7210,
        "Financial expenses": 72,
        "Of which: Interest expense": 333,
        "Cost of sales": 7588,
        "Enterprise cost management": 1610,
        "Total Operating Expenses": 9270,
        "Total revenue financing activities": 5653,
        "Net profit from business activities": 3592,
        "Profit": 89,
        "Profit before tax": 3681,
        "Present corporate income tax expenses": 21,
        "Deferred income taxes expenses": "N/A",
        "The interests of minority shareholders": -109,
        "Total Cost of profits": -88,
        "Profit after tax corporate income": 3769,
        "Volume": 11022660,
        "Close of Quarter": 4.3,
        "EPS": 1639.3,
        "Non-adjusted EPS": 1620,
        "PE": 2.7,
        "Book Price": 19.3
      }
    },
    {
      "quarter": "Q2 2011",
      "income status": {
        "Net sales": 40427,
        "Cost of goods sold": 30775,
        "Gross Profit": 9652,
        "Financial expenses": 1395,
        "Of which: Interest expense": 379,
        "Cost of sales": 6806,
        "Enterprise cost management": 1229,
        "Total Operating Expenses": 9430,
        "Total revenue financing activities": 5239,
        "Net profit from business activities": 5460,
        "Profit": 90,
        "Profit before tax": 5550,
        "Present corporate income tax expenses": 305,
        "Deferred income taxes expenses": "N/A",
        "The interests of minority shareholders": -22,
        "Total Cost of profits": 283,
        "Profit after tax corporate income": 5266,
        "Volume": 11022660,
        "Close of Quarter": 4.3,
        "EPS": 1756.7,
        "Non-adjusted EPS": 1736,
        "PE": 2.5,
        "Book Price": 19.0
      }
    },
    {
      "quarter": "Q1 2011",
      "income status": {
        "Net sales": 56980,
        "Cost of goods sold": 47804,
        "Gross Profit": 9175,
        "Financial expenses": 1011,
        "Of which: Interest expense": 521,
        "Cost of sales": 8548,
        "Enterprise cost management": 1255,
        "Total Operating Expenses": 10814,
        "Total revenue financing activities": 5181,
        "Net profit from business activities": 3542,
        "Profit": 94,
        "Profit before tax": 3636,
        "Present corporate income tax expenses": 61,
        "Deferred income taxes expenses": "N/A",
        "The interests of minority shareholders": -32,
        "Total Cost of profits": 29,
        "Profit after tax corporate income": 3607,
        "Volume": 11022660,
        "Close of Quarter": 5.4,
        "EPS": 2231.3,
        "Non-adjusted EPS": 2205,
        "PE": 2.5,
        "Book Price": 19.4
      }
    }
  ]
}