{
  "ticker": "SSM",
  "data": [
    {
      "quarter": "Q4 2016",
      "income status": {
        "Net sales": 104071,
        "Cost of goods sold": 90632,
        "Gross Profit": 13440,
        "Financial expenses": 846,
        "Of which: Interest expense": 846,
        "Cost of sales": 2965,
        "Enterprise cost management": 2920,
        "Total Operating Expenses": 6731,
        "Total revenue financing activities": 286,
        "Net profit from business activities": 6995,
        "Profit": 40,
        "Profit before tax": 7035,
        "Present corporate income tax expenses": 1414,
        "Deferred income taxes expenses": "N/A",
        "The interests of minority shareholders": "N/A",
        "Total Cost of profits": 1414,
        "Profit after tax corporate income": 5621,
        "Volume": 5501024,
        "Close of Quarter": 14.4,
        "EPS": 2054,
        "Non-adjusted EPS": 2054,
        "PE": 7.0,
        "Book Price": 16.1
      }
    },
    {
      "quarter": "Q3 2016",
      "income status": {
        "Net sales": 72090,
        "Cost of goods sold": 62132,
        "Gross Profit": 9958,
        "Financial expenses": 1294,
        "Of which: Interest expense": 17294,
        "Cost of sales": 2693,
        "Enterprise cost management": 2550,
        "Total Operating Expenses": 6537,
        "Total revenue financing activities": 26,
        "Net profit from business activities": 3447,
        "Profit": 33,
        "Profit before tax": 3480,
        "Present corporate income tax expenses": 696,
        "Deferred income taxes expenses": "N/A",
        "The interests of minority shareholders": "N/A",
        "Total Cost of profits": 696,
        "Profit after tax corporate income": 2784,
        "Volume": 5501024,
        "Close of Quarter": 15.0,
        "EPS": 2300,
        "Non-adjusted EPS": 2300,
        "PE": 6.5,
        "Book Price": 15.1
      }
    },
    {
      "quarter": "Q2 2016",
      "income status": {
        "Net sales": 38080,
        "Cost of goods sold": 32754,
        "Gross Profit": 5326,
        "Financial expenses": 1011,
        "Of which: Interest expense": 1010,
        "Cost of sales": 401,
        "Enterprise cost management": 2150,
        "Total Operating Expenses": 3562,
        "Total revenue financing activities": 102,
        "Net profit from business activities": 1867,
        "Profit": 1003,
        "Profit before tax": 2870,
        "Present corporate income tax expenses": 582,
        "Deferred income taxes expenses": "N/A",
        "The interests of minority shareholders": "N/A",
        "Total Cost of profits": 582,
        "Profit after tax corporate income": 2288,
        "Volume": 5501024,
        "Close of Quarter": 14.3,
        "EPS": 2191,
        "Non-adjusted EPS": 2191,
        "PE": 6.5,
        "Book Price": 14.6
      }
    },
    {
      "quarter": "Q1 2016",
      "income status": {
        "Net sales": 5500,
        "Cost of goods sold": 4068,
        "Gross Profit": 1431,
        "Financial expenses": 216,
        "Of which: Interest expense": 213,
        "Cost of sales": -113,
        "Enterprise cost management": 2440,
        "Total Operating Expenses": 2543,
        "Total revenue financing activities": 66,
        "Net profit from business activities": -1047,
        "Profit": 1811,
        "Profit before tax": 764,
        "Present corporate income tax expenses": 159,
        "Deferred income taxes expenses": "N/A",
        "The interests of minority shareholders": "N/A",
        "Total Cost of profits": 159,
        "Profit after tax corporate income": 605,
        "Volume": 5501024,
        "Close of Quarter": 13.0,
        "EPS": 2297,
        "Non-adjusted EPS": 2297,
        "PE": 5.7,
        "Book Price": 16.4
      }
    },
    {
      "quarter": "Q4 2015",
      "income status": {
        "Net sales": 100600,
        "Cost of goods sold": 90075,
        "Gross Profit": 10525,
        "Financial expenses": 373,
        "Of which: Interest expense": 493,
        "Cost of sales": 1231,
        "Enterprise cost management": 1757,
        "Total Operating Expenses": 3361,
        "Total revenue financing activities": 12,
        "Net profit from business activities": 7176,
        "Profit": 1772,
        "Profit before tax": 8948,
        "Present corporate income tax expenses": 1972,
        "Deferred income taxes expenses": "N/A",
        "The interests of minority shareholders": "N/A",
        "Total Cost of profits": 1972,
        "Profit after tax corporate income": 6976,
        "Volume": 5501024,
        "Close of Quarter": 11.0,
        "EPS": 2497,
        "Non-adjusted EPS": 2497,
        "PE": 4.4,
        "Book Price": 16.3
      }
    },
    {
      "quarter": "Q3 2015",
      "income status": {
        "Net sales": 48859,
        "Cost of goods sold": 41967,
        "Gross Profit": 6892,
        "Financial expenses": 659,
        "Of which: Interest expense": 391,
        "Cost of sales": 2757,
        "Enterprise cost management": 2283,
        "Total Operating Expenses": 5699,
        "Total revenue financing activities": 14,
        "Net profit from business activities": 1206,
        "Profit": 1591,
        "Profit before tax": 2798,
        "Present corporate income tax expenses": 615,
        "Deferred income taxes expenses": "N/A",
        "The interests of minority shareholders": "N/A",
        "Total Cost of profits": 615,
        "Profit after tax corporate income": 2182,
        "Volume": 5501024,
        "Close of Quarter": 8.2,
        "EPS": 1646,
        "Non-adjusted EPS": 1646,
        "PE": 5.0,
        "Book Price": 15.1
      }
    },
    {
      "quarter": "Q2 2015",
      "income status": {
        "Net sales": 85229,
        "Cost of goods sold": 77452,
        "Gross Profit": 7777,
        "Financial expenses": 1003,
        "Of which: Interest expense": 1003,
        "Cost of sales": 2291,
        "Enterprise cost management": 1817,
        "Total Operating Expenses": 5111,
        "Total revenue financing activities": 351,
        "Net profit from business activities": 3016,
        "Profit": 633,
        "Profit before tax": 3649,
        "Present corporate income tax expenses": 778,
        "Deferred income taxes expenses": "N/A",
        "The interests of minority shareholders": "N/A",
        "Total Cost of profits": 778,
        "Profit after tax corporate income": 2871,
        "Volume": 5501024,
        "Close of Quarter": 8.2,
        "EPS": 1556,
        "Non-adjusted EPS": 1556,
        "PE": 5.2,
        "Book Price": 14.7
      }
    },
    {
      "quarter": "Q1 2015",
      "income status": {
        "Net sales": 28372,
        "Cost of goods sold": 24450,
        "Gross Profit": 3922,
        "Financial expenses": 517,
        "Of which: Interest expense": 517,
        "Cost of sales": 1046,
        "Enterprise cost management": 1880,
        "Total Operating Expenses": 3443,
        "Total revenue financing activities": 80,
        "Net profit from business activities": 559,
        "Profit": 1627,
        "Profit before tax": 2186,
        "Present corporate income tax expenses": 481,
        "Deferred income taxes expenses": "N/A",
        "The interests of minority shareholders": "N/A",
        "Total Cost of profits": 481,
        "Profit after tax corporate income": 1705,
        "Volume": 5501024,
        "Close of Quarter": 8.5,
        "EPS": 1509,
        "Non-adjusted EPS": 1509,
        "PE": 5.6,
        "Book Price": 15.4
      }
    },
    {
      "quarter": "Q4 2014",
      "income status": {
        "Net sales": 84969,
        "Cost of goods sold": 76367,
        "Gross Profit": 8603,
        "Financial expenses": 1003,
        "Of which: Interest expense": 838,
        "Cost of sales": 3314,
        "Enterprise cost management": 2490,
        "Total Operating Expenses": 6807,
        "Total revenue financing activities": 17,
        "Net profit from business activities": 1813,
        "Profit": 1133,
        "Profit before tax": 2946,
        "Present corporate income tax expenses": 649,
        "Deferred income taxes expenses": "N/A",
        "The interests of minority shareholders": "N/A",
        "Total Cost of profits": 649,
        "Profit after tax corporate income": 2297,
        "Volume": 5501024,
        "Close of Quarter": 9.0,
        "EPS": 1450,
        "Non-adjusted EPS": 1450,
        "PE": 6.2,
        "Book Price": 15.1
      }
    },
    {
      "quarter": "Q3 2014",
      "income status": {
        "Net sales": 49659,
        "Cost of goods sold": 43917,
        "Gross Profit": 5741,
        "Financial expenses": 1332,
        "Of which: Interest expense": 1285,
        "Cost of sales": 2090,
        "Enterprise cost management": 2422,
        "Total Operating Expenses": 5844,
        "Total revenue financing activities": 7,
        "Net profit from business activities": -97,
        "Profit": 2258,
        "Profit before tax": 2161,
        "Present corporate income tax expenses": 475,
        "Deferred income taxes expenses": "N/A",
        "The interests of minority shareholders": "N/A",
        "Total Cost of profits": 475,
        "Profit after tax corporate income": 1686,
        "Volume": 5501024,
        "Close of Quarter": 9.0,
        "EPS": 1878,
        "Non-adjusted EPS": 1878,
        "PE": 4.8,
        "Book Price": 14.7
      }
    },
    {
      "quarter": "Q2 2014",
      "income status": {
        "Net sales": 62556,
        "Cost of goods sold": 53199,
        "Gross Profit": 9357,
        "Financial expenses": 1001,
        "Of which: Interest expense": 934,
        "Cost of sales": 4107,
        "Enterprise cost management": 2702,
        "Total Operating Expenses": 7810,
        "Total revenue financing activities": 401,
        "Net profit from business activities": 1948,
        "Profit": 1328,
        "Profit before tax": 3276,
        "Present corporate income tax expenses": 665,
        "Deferred income taxes expenses": "N/A",
        "The interests of minority shareholders": "N/A",
        "Total Cost of profits": 665,
        "Profit after tax corporate income": 2611,
        "Volume": 5501024,
        "Close of Quarter": 7.7,
        "EPS": 2185,
        "Non-adjusted EPS": 2185,
        "PE": 3.5,
        "Book Price": 14.4
      }
    },
    {
      "quarter": "Q1 2014",
      "income status": {
        "Net sales": 23748,
        "Cost of goods sold": 21562,
        "Gross Profit": 2185,
        "Financial expenses": 293,
        "Of which: Interest expense": 277,
        "Cost of sales": -227,
        "Enterprise cost management": 2456,
        "Total Operating Expenses": 2522,
        "Total revenue financing activities": 670,
        "Net profit from business activities": 332,
        "Profit": 1441,
        "Profit before tax": 1774,
        "Present corporate income tax expenses": 390,
        "Deferred income taxes expenses": "N/A",
        "The interests of minority shareholders": "N/A",
        "Total Cost of profits": 390,
        "Profit after tax corporate income": 1383,
        "Volume": 5501024,
        "Close of Quarter": 9.0,
        "EPS": 1998,
        "Non-adjusted EPS": 1998,
        "PE": 4.5,
        "Book Price": 15.5
      }
    },
    {
      "quarter": "Q4 2013",
      "income status": {
        "Net sales": 78056,
        "Cost of goods sold": 68274,
        "Gross Profit": 9782,
        "Financial expenses": 1206,
        "Of which: Interest expense": 1178,
        "Cost of sales": 2081,
        "Enterprise cost management": 1816,
        "Total Operating Expenses": 5103,
        "Total revenue financing activities": 896,
        "Net profit from business activities": 5575,
        "Profit": 883,
        "Profit before tax": 6458,
        "Present corporate income tax expenses": 1805,
        "Deferred income taxes expenses": "N/A",
        "The interests of minority shareholders": "N/A",
        "Total Cost of profits": 1805,
        "Profit after tax corporate income": 4653,
        "Volume": 5501024,
        "Close of Quarter": 5.7,
        "EPS": 1908,
        "Non-adjusted EPS": 1908,
        "PE": 3,
        "Book Price": 15.2
      }
    },
    {
      "quarter": "Q3 2013",
      "income status": {
        "Net sales": 115699,
        "Cost of goods sold": 107888,
        "Gross Profit": 7811,
        "Financial expenses": 1834,
        "Of which: Interest expense": 1374,
        "Cost of sales": 1093,
        "Enterprise cost management": 2080,
        "Total Operating Expenses": 5007,
        "Total revenue financing activities": 19,
        "Net profit from business activities": 2823,
        "Profit": 1672,
        "Profit before tax": 4495,
        "Present corporate income tax expenses": 1125,
        "Deferred income taxes expenses": "N/A",
        "The interests of minority shareholders": "N/A",
        "Total Cost of profits": 1125,
        "Profit after tax corporate income": 3370,
        "Volume": 5501024,
        "Close of Quarter": 4.2,
        "EPS": 1460,
        "Non-adjusted EPS": 1460,
        "PE": 2.9,
        "Book Price": 14.4
      }
    },
    {
      "quarter": "Q2 2013",
      "income status": {
        "Net sales": 45008,
        "Cost of goods sold": 40367,
        "Gross Profit": 4640,
        "Financial expenses": 474,
        "Of which: Interest expense": 1060,
        "Cost of sales": 529,
        "Enterprise cost management": 2128,
        "Total Operating Expenses": 3131,
        "Total revenue financing activities": 195,
        "Net profit from business activities": 1705,
        "Profit": 417,
        "Profit before tax": 2122,
        "Present corporate income tax expenses": 539,
        "Deferred income taxes expenses": "N/A",
        "The interests of minority shareholders": "N/A",
        "Total Cost of profits": 539,
        "Profit after tax corporate income": 1583,
        "Volume": 5501024,
        "Close of Quarter": 4.1,
        "EPS": 1084,
        "Non-adjusted EPS": 1084,
        "PE": 3.8,
        "Book Price": 13.8
      }
    },
    {
      "quarter": "Q1 2013",
      "income status": {
        "Net sales": 28585,
        "Cost of goods sold": 25509,
        "Gross Profit": 3076,
        "Financial expenses": 579,
        "Of which: Interest expense": 575,
        "Cost of sales": 336,
        "Enterprise cost management": 2245,
        "Total Operating Expenses": 3160,
        "Total revenue financing activities": 218,
        "Net profit from business activities": 134,
        "Profit": 1057,
        "Profit before tax": 1191,
        "Present corporate income tax expenses": 302,
        "Deferred income taxes expenses": "N/A",
        "The interests of minority shareholders": "N/A",
        "Total Cost of profits": 302,
        "Profit after tax corporate income": 889,
        "Volume": 5501024,
        "Close of Quarter": 3.7,
        "EPS": 959,
        "Non-adjusted EPS": 959,
        "PE": 3.8,
        "Book Price": 14.2
      }
    },
    {
      "quarter": "Q4 2012",
      "income status": {
        "Net sales": 90855,
        "Cost of goods sold": 85092,
        "Gross Profit": 5764,
        "Financial expenses": 1608,
        "Of which: Interest expense": 1574,
        "Cost of sales": "N/A",
        "Enterprise cost management": 2063,
        "Total Operating Expenses": 3671,
        "Total revenue financing activities": 228,
        "Net profit from business activities": 2320,
        "Profit": 647,
        "Profit before tax": 2967,
        "Present corporate income tax expenses": 777,
        "Deferred income taxes expenses": "N/A",
        "The interests of minority shareholders": "N/A",
        "Total Cost of profits": 777,
        "Profit after tax corporate income": 2190,
        "Volume": 5501024,
        "Close of Quarter": 3.4,
        "EPS": 856,
        "Non-adjusted EPS": 856,
        "PE": 4.0,
        "Book Price": 14
      }
    },
    {
      "quarter": "Q3 2012",
      "income status": {
        "Net sales": 41632,
        "Cost of goods sold": 38296,
        "Gross Profit": 3337,
        "Financial expenses": 985,
        "Of which: Interest expense": 843,
        "Cost of sales": "N/A",
        "Enterprise cost management": 1718,
        "Total Operating Expenses": 2703,
        "Total revenue financing activities": 139,
        "Net profit from business activities": 773,
        "Profit": 969,
        "Profit before tax": 1742,
        "Present corporate income tax expenses": 440,
        "Deferred income taxes expenses": "N/A",
        "The interests of minority shareholders": "N/A",
        "Total Cost of profits": 440,
        "Profit after tax corporate income": 1302,
        "Volume": 5501024,
        "Close of Quarter": 3.3,
        "EPS": 622,
        "Non-adjusted EPS": 622,
        "PE": 5.3,
        "Book Price": 13.7
      }
    },
    {
      "quarter": "Q2 2012",
      "income status": {
        "Net sales": 25154,
        "Cost of goods sold": 21409,
        "Gross Profit": 3745,
        "Financial expenses": 1430,
        "Of which: Interest expense": 1695,
        "Cost of sales": "N/A",
        "Enterprise cost management": 1863,
        "Total Operating Expenses": 3293,
        "Total revenue financing activities": 148,
        "Net profit from business activities": 600,
        "Profit": 597,
        "Profit before tax": 1198,
        "Present corporate income tax expenses": 304,
        "Deferred income taxes expenses": "N/A",
        "The interests of minority shareholders": "N/A",
        "Total Cost of profits": 304,
        "Profit after tax corporate income": 894,
        "Volume": 5501024,
        "Close of Quarter": 3.9,
        "EPS": 568,
        "Non-adjusted EPS": 568,
        "PE": 6.9,
        "Book Price": 14.7
      }
    },
    {
      "quarter": "Q1 2012",
      "income status": {
        "Net sales": 23588,
        "Cost of goods sold": 21484,
        "Gross Profit": 2104,
        "Financial expenses": 1545,
        "Of which: Interest expense": 1620,
        "Cost of sales": "N/A",
        "Enterprise cost management": 960,
        "Total Operating Expenses": 2505,
        "Total revenue financing activities": 33,
        "Net profit from business activities": -369,
        "Profit": 807,
        "Profit before tax": 438,
        "Present corporate income tax expenses": 114,
        "Deferred income taxes expenses": "N/A",
        "The interests of minority shareholders": "N/A",
        "Total Cost of profits": 114,
        "Profit after tax corporate income": 324,
        "Volume": 5501024,
        "Close of Quarter": 3.8,
        "EPS": 621,
        "Non-adjusted EPS": 621,
        "PE": 6.1,
        "Book Price": 14.5
      }
    },
    {
      "quarter": "Q4 2011",
      "income status": {
        "Net sales": 55186,
        "Cost of goods sold": 51813,
        "Gross Profit": 3373,
        "Financial expenses": 2988,
        "Of which: Interest expense": 1521,
        "Cost of sales": -1976,
        "Enterprise cost management": 1885,
        "Total Operating Expenses": 2897,
        "Total revenue financing activities": 112,
        "Net profit from business activities": 588,
        "Profit": 1078,
        "Profit before tax": 1666,
        "Present corporate income tax expenses": 766,
        "Deferred income taxes expenses": "N/A",
        "The interests of minority shareholders": "N/A",
        "Total Cost of profits": 766,
        "Profit after tax corporate income": 900,
        "Volume": 5501024,
        "Close of Quarter": 2.6,
        "EPS": 738,
        "Non-adjusted EPS": 738,
        "PE": 3.5,
        "Book Price": 14.4
      }
    },
    {
      "quarter": "Q3 2011",
      "income status": {
        "Net sales": 31665,
        "Cost of goods sold": 29236,
        "Gross Profit": 2429,
        "Financial expenses": 440,
        "Of which: Interest expense": 422,
        "Cost of sales": -1006,
        "Enterprise cost management": 1899,
        "Total Operating Expenses": 1333,
        "Total revenue financing activities": 78,
        "Net profit from business activities": 1174,
        "Profit": 318,
        "Profit before tax": 1492,
        "Present corporate income tax expenses": 484,
        "Deferred income taxes expenses": "N/A",
        "The interests of minority shareholders": "N/A",
        "Total Cost of profits": 484,
        "Profit after tax corporate income": 1008,
        "Volume": 5501024,
        "Close of Quarter": 4.1,
        "EPS": 1541,
        "Non-adjusted EPS": 1541,
        "PE": 2.6,
        "Book Price": 14.2
      }
    },
    {
      "quarter": "Q2 2011",
      "income status": {
        "Net sales": 19859,
        "Cost of goods sold": 17038,
        "Gross Profit": 2821,
        "Financial expenses": 1430,
        "Of which: Interest expense": 935,
        "Cost of sales": "N/A",
        "Enterprise cost management": 1016,
        "Total Operating Expenses": 2446,
        "Total revenue financing activities": 630,
        "Net profit from business activities": 1005,
        "Profit": 717,
        "Profit before tax": 1722,
        "Present corporate income tax expenses": 537,
        "Deferred income taxes expenses": "N/A",
        "The interests of minority shareholders": "N/A",
        "Total Cost of profits": 537,
        "Profit after tax corporate income": 1185,
        "Volume": 5501024,
        "Close of Quarter": 4.8,
        "EPS": 1761,
        "Non-adjusted EPS": 1761,
        "PE": 2.7,
        "Book Price": 13.9
      }
    },
    {
      "quarter": "Q1 2011",
      "income status": {
        "Net sales": 8002,
        "Cost of goods sold": 6421,
        "Gross Profit": 1581,
        "Financial expenses": 987,
        "Of which: Interest expense": 987,
        "Cost of sales": "N/A",
        "Enterprise cost management": 1208,
        "Total Operating Expenses": 2195,
        "Total revenue financing activities": 1033,
        "Net profit from business activities": 418,
        "Profit": 877,
        "Profit before tax": 1295,
        "Present corporate income tax expenses": 326,
        "Deferred income taxes expenses": "N/A",
        "The interests of minority shareholders": "N/A",
        "Total Cost of profits": 326,
        "Profit after tax corporate income": 969,
        "Volume": 5501024,
        "Close of Quarter": 6.7,
        "EPS": 1792,
        "Non-adjusted EPS": 1792,
        "PE": 3.7,
        "Book Price": 16.8
      }
    }
  ]
}