{
  "ticker": "TMS",
  "data": [
    {
      "quarter": "Q4 2016",
      "income status": {
        "Net sales": 178248,
        "Cost of goods sold": 148522,
        "Gross Profit": 29726,
        "Financial expenses": 5960,
        "Of which: Interest expense": 4543,
        "Cost of sales": 27,
        "Enterprise cost management": 12419,
        "Total Operating Expenses": 18406,
        "Total revenue financing activities": 5497,
        "Net profit from business activities": 52346,
        "Profit": -247,
        "Profit before tax": 52099,
        "Present corporate income tax expenses": 3101,
        "Deferred income taxes expenses": 651,
        "The interests of minority shareholders": "N/A",
        "Total Cost of profits": 3752,
        "Profit after tax corporate income": 48347,
        "Volume": 31265357,
        "Close of Quarter": 52.9,
        "EPS": 4996.8,
        "Non-adjusted EPS": 5524,
        "PE": 9.6,
        "Book Price": 31.1
      }
    },
    {
      "quarter": "Q3 2016",
      "income status": {
        "Net sales": 160852,
        "Cost of goods sold": 116152,
        "Gross Profit": 44700,
        "Financial expenses": 14005,
        "Of which: Interest expense": 13722,
        "Cost of sales": 16,
        "Enterprise cost management": 11222,
        "Total Operating Expenses": 25243,
        "Total revenue financing activities": 2366,
        "Net profit from business activities": 46198,
        "Profit": 516,
        "Profit before tax": 46714,
        "Present corporate income tax expenses": 5637,
        "Deferred income taxes expenses": -844,
        "The interests of minority shareholders": "N/A",
        "Total Cost of profits": 4793,
        "Profit after tax corporate income": 41921,
        "Volume": 30600093,
        "Close of Quarter": 57.1,
        "EPS": 4469.0,
        "Non-adjusted EPS": 5048,
        "PE": 11.3,
        "Book Price": 29.9
      }
    },
    {
      "quarter": "Q2 2016",
      "income status": {
        "Net sales": 143671,
        "Cost of goods sold": 104152,
        "Gross Profit": 39520,
        "Financial expenses": 9220,
        "Of which: Interest expense": 8763,
        "Cost of sales": 65,
        "Enterprise cost management": 8565,
        "Total Operating Expenses": 17850,
        "Total revenue financing activities": 6339,
        "Net profit from business activities": 48637,
        "Profit": -81,
        "Profit before tax": 48555,
        "Present corporate income tax expenses": 8272,
        "Deferred income taxes expenses": -2278,
        "The interests of minority shareholders": "N/A",
        "Total Cost of profits": 5994,
        "Profit after tax corporate income": 42561,
        "Volume": 26610571,
        "Close of Quarter": 64,
        "EPS": 4565.4,
        "Non-adjusted EPS": 5930,
        "PE": 10.8,
        "Book Price": 28.3
      }
    },
    {
      "quarter": "Q1 2016",
      "income status": {
        "Net sales": 132976,
        "Cost of goods sold": 94102,
        "Gross Profit": 38873,
        "Financial expenses": 3968,
        "Of which: Interest expense": 3515,
        "Cost of sales": 74,
        "Enterprise cost management": 8251,
        "Total Operating Expenses": 12293,
        "Total revenue financing activities": 1102,
        "Net profit from business activities": 45545,
        "Profit": -6,
        "Profit before tax": 45539,
        "Present corporate income tax expenses": 4312,
        "Deferred income taxes expenses": 1355,
        "The interests of minority shareholders": "N/A",
        "Total Cost of profits": 5667,
        "Profit after tax corporate income": 39872,
        "Volume": 26610571,
        "Close of Quarter": 71.2,
        "EPS": 4410.7,
        "Non-adjusted EPS": 5729,
        "PE": 12.4,
        "Book Price": 27.6
      }
    },
    {
      "quarter": "Q4 2015",
      "income status": {
        "Net sales": 132442,
        "Cost of goods sold": 105034,
        "Gross Profit": 27409,
        "Financial expenses": 4485,
        "Of which: Interest expense": 3712,
        "Cost of sales": 209,
        "Enterprise cost management": 7576,
        "Total Operating Expenses": 12270,
        "Total revenue financing activities": 2483,
        "Net profit from business activities": 34521,
        "Profit": -108,
        "Profit before tax": 34413,
        "Present corporate income tax expenses": 3685,
        "Deferred income taxes expenses": 625,
        "The interests of minority shareholders": "N/A",
        "Total Cost of profits": 4310,
        "Profit after tax corporate income": 30104,
        "Volume": 23766039,
        "Close of Quarter": 85.9,
        "EPS": 4491.3,
        "Non-adjusted EPS": 6532,
        "PE": 13.2,
        "Book Price": 25.0
      }
    },
    {
      "quarter": "Q3 2015",
      "income status": {
        "Net sales": 121183,
        "Cost of goods sold": 87200,
        "Gross Profit": 33983,
        "Financial expenses": 4859,
        "Of which: Interest expense": 4084,
        "Cost of sales": 271,
        "Enterprise cost management": 7379,
        "Total Operating Expenses": 12509,
        "Total revenue financing activities": 2457,
        "Net profit from business activities": 46753,
        "Profit": 4865,
        "Profit before tax": 51618,
        "Present corporate income tax expenses": 6477,
        "Deferred income taxes expenses": -135,
        "The interests of minority shareholders": "N/A",
        "Total Cost of profits": 6342,
        "Profit after tax corporate income": 45276,
        "Volume": 23766039,
        "Close of Quarter": 53.0,
        "EPS": 5030.4,
        "Non-adjusted EPS": 7316,
        "PE": 7.3,
        "Book Price": 24.8
      }
    },
    {
      "quarter": "Q2 2015",
      "income status": {
        "Net sales": 137428,
        "Cost of goods sold": 105545,
        "Gross Profit": 31883,
        "Financial expenses": 4825,
        "Of which: Interest expense": 4051,
        "Cost of sales": 234,
        "Enterprise cost management": 6542,
        "Total Operating Expenses": 11601,
        "Total revenue financing activities": 4041,
        "Net profit from business activities": 41710,
        "Profit": 1149,
        "Profit before tax": 42858,
        "Present corporate income tax expenses": 5702,
        "Deferred income taxes expenses": -38,
        "The interests of minority shareholders": "N/A",
        "Total Cost of profits": 5664,
        "Profit after tax corporate income": 37195,
        "Volume": 23766039,
        "Close of Quarter": 51.3,
        "EPS": 4659.8,
        "Non-adjusted EPS": 6777,
        "PE": 7.6,
        "Book Price": 23.6
      }
    },
    {
      "quarter": "Q1 2015",
      "income status": {
        "Net sales": 100745,
        "Cost of goods sold": 73179,
        "Gross Profit": 27566,
        "Financial expenses": 3735,
        "Of which: Interest expense": 3600,
        "Cost of sales": 235,
        "Enterprise cost management": 6849,
        "Total Operating Expenses": 10819,
        "Total revenue financing activities": 2374,
        "Net profit from business activities": 47302,
        "Profit": -636,
        "Profit before tax": 46667,
        "Present corporate income tax expenses": 4748,
        "Deferred income taxes expenses": -755,
        "The interests of minority shareholders": "N/A",
        "Total Cost of profits": 3993,
        "Profit after tax corporate income": 42674,
        "Volume": 23073824,
        "Close of Quarter": 43.6,
        "EPS": 4438.0,
        "Non-adjusted EPS": 6648,
        "PE": 6.6,
        "Book Price": 23.0
      }
    },
    {
      "quarter": "Q4 2014",
      "income status": {
        "Net sales": 107080,
        "Cost of goods sold": 82102,
        "Gross Profit": 24978,
        "Financial expenses": 2758,
        "Of which: Interest expense": 2320,
        "Cost of sales": 84,
        "Enterprise cost management": 5008,
        "Total Operating Expenses": 7850,
        "Total revenue financing activities": 1418,
        "Net profit from business activities": 43441,
        "Profit": 12100,
        "Profit before tax": 55541,
        "Present corporate income tax expenses": 6452,
        "Deferred income taxes expenses": 368,
        "The interests of minority shareholders": "N/A",
        "Total Cost of profits": 6820,
        "Profit after tax corporate income": 48720,
        "Volume": 23073824,
        "Close of Quarter": 42.8,
        "EPS": 4074.1,
        "Non-adjusted EPS": 6103,
        "PE": 7.0,
        "Book Price": 21.8
      }
    },
    {
      "quarter": "Q3 2014",
      "income status": {
        "Net sales": 102639,
        "Cost of goods sold": 79829,
        "Gross Profit": 22811,
        "Financial expenses": 2048,
        "Of which: Interest expense": 2401,
        "Cost of sales": 111,
        "Enterprise cost management": 6585,
        "Total Operating Expenses": 8744,
        "Total revenue financing activities": 3293,
        "Net profit from business activities": 36201,
        "Profit": 168,
        "Profit before tax": 36369,
        "Present corporate income tax expenses": 2696,
        "Deferred income taxes expenses": 1212,
        "The interests of minority shareholders": -19,
        "Total Cost of profits": 3889,
        "Profit after tax corporate income": 32479,
        "Volume": 23073824,
        "Close of Quarter": 31.7,
        "EPS": 3392.6,
        "Non-adjusted EPS": 5082,
        "PE": 6.2,
        "Book Price": 20.4
      }
    },
    {
      "quarter": "Q2 2014",
      "income status": {
        "Net sales": 112980,
        "Cost of goods sold": 89205,
        "Gross Profit": 23775,
        "Financial expenses": 2499,
        "Of which: Interest expense": 2545,
        "Cost of sales": 45,
        "Enterprise cost management": 6836,
        "Total Operating Expenses": 9380,
        "Total revenue financing activities": 1773,
        "Net profit from business activities": 32254,
        "Profit": 719,
        "Profit before tax": 32973,
        "Present corporate income tax expenses": 4667,
        "Deferred income taxes expenses": -900,
        "The interests of minority shareholders": -328,
        "Total Cost of profits": 3439,
        "Profit after tax corporate income": 29533,
        "Volume": 23073824,
        "Close of Quarter": 27.4,
        "EPS": 3220.3,
        "Non-adjusted EPS": 4824,
        "PE": 5.7,
        "Book Price": 19.5
      }
    },
    {
      "quarter": "Q1 2014",
      "income status": {
        "Net sales": 114338,
        "Cost of goods sold": 91643,
        "Gross Profit": 22694,
        "Financial expenses": 2441,
        "Of which: Interest expense": 2735,
        "Cost of sales": 90,
        "Enterprise cost management": 6317,
        "Total Operating Expenses": 8848,
        "Total revenue financing activities": 725,
        "Net profit from business activities": 33694,
        "Profit": -283,
        "Profit before tax": 33410,
        "Present corporate income tax expenses": 3919,
        "Deferred income taxes expenses": -424,
        "The interests of minority shareholders": -178,
        "Total Cost of profits": 3317,
        "Profit after tax corporate income": 30093,
        "Volume": 23073824,
        "Close of Quarter": 26.9,
        "EPS": 2882.5,
        "Non-adjusted EPS": 4318,
        "PE": 6.2,
        "Book Price": 19.2
      }
    },
    {
      "quarter": "Q4 2013",
      "income status": {
        "Net sales": 100760,
        "Cost of goods sold": 85576,
        "Gross Profit": 15184,
        "Financial expenses": 3066,
        "Of which: Interest expense": 2803,
        "Cost of sales": 289,
        "Enterprise cost management": 6609,
        "Total Operating Expenses": 9964,
        "Total revenue financing activities": 2898,
        "Net profit from business activities": 8118,
        "Profit": 680,
        "Profit before tax": 27326,
        "Present corporate income tax expenses": 2229,
        "Deferred income taxes expenses": -54,
        "The interests of minority shareholders": -4,
        "Total Cost of profits": 2171,
        "Profit after tax corporate income": 25155,
        "Volume": 23073824,
        "Close of Quarter": 23.2,
        "EPS": 2785.7,
        "Non-adjusted EPS": 4173,
        "PE": 5.6,
        "Book Price": 18.4
      }
    },
    {
      "quarter": "Q3 2013",
      "income status": {
        "Net sales": 94469,
        "Cost of goods sold": 73639,
        "Gross Profit": 20831,
        "Financial expenses": 3048,
        "Of which: Interest expense": 3007,
        "Cost of sales": 209,
        "Enterprise cost management": 5874,
        "Total Operating Expenses": 9131,
        "Total revenue financing activities": 1576,
        "Net profit from business activities": 13276,
        "Profit": -13,
        "Profit before tax": 30056,
        "Present corporate income tax expenses": 3307,
        "Deferred income taxes expenses": 223,
        "The interests of minority shareholders": -4,
        "Total Cost of profits": 3526,
        "Profit after tax corporate income": 26530,
        "Volume": 23073824,
        "Close of Quarter": 25.4,
        "EPS": 2526.7,
        "Non-adjusted EPS": 3785,
        "PE": 6.7,
        "Book Price": 18.1
      }
    },
    {
      "quarter": "Q2 2013",
      "income status": {
        "Net sales": 81467,
        "Cost of goods sold": 65011,
        "Gross Profit": 16456,
        "Financial expenses": 3685,
        "Of which: Interest expense": 3696,
        "Cost of sales": 387,
        "Enterprise cost management": 6284,
        "Total Operating Expenses": 10356,
        "Total revenue financing activities": 2125,
        "Net profit from business activities": 8224,
        "Profit": 264,
        "Profit before tax": 20213,
        "Present corporate income tax expenses": 2504,
        "Deferred income taxes expenses": -134,
        "The interests of minority shareholders": -4,
        "Total Cost of profits": 2366,
        "Profit after tax corporate income": 17848,
        "Volume": 23073824,
        "Close of Quarter": 24.5,
        "EPS": 2606.2,
        "Non-adjusted EPS": 3904,
        "PE": 6.3,
        "Book Price": 17.4
      }
    },
    {
      "quarter": "Q1 2013",
      "income status": {
        "Net sales": 121507,
        "Cost of goods sold": 93826,
        "Gross Profit": 27681,
        "Financial expenses": 1598,
        "Of which: Interest expense": 1445,
        "Cost of sales": 283,
        "Enterprise cost management": 6733,
        "Total Operating Expenses": 8614,
        "Total revenue financing activities": 1856,
        "Net profit from business activities": 20923,
        "Profit": -277,
        "Profit before tax": 32246,
        "Present corporate income tax expenses": 6018,
        "Deferred income taxes expenses": -526,
        "The interests of minority shareholders": -4,
        "Total Cost of profits": 5488,
        "Profit after tax corporate income": 26758,
        "Volume": 23073824,
        "Close of Quarter": 18.6,
        "EPS": 2701.6,
        "Non-adjusted EPS": 4047,
        "PE": 4.6,
        "Book Price": 17.4
      }
    },
    {
      "quarter": "Q3 2012",
      "income status": {
        "Net sales": 99476,
        "Cost of goods sold": 79777,
        "Gross Profit": 19700,
        "Financial expenses": 3432,
        "Of which: Interest expense": 2716,
        "Cost of sales": 290,
        "Enterprise cost management": 7378,
        "Total Operating Expenses": 11100,
        "Total revenue financing activities": 1987,
        "Net profit from business activities": 10588,
        "Profit": -1083,
        "Profit before tax": 18923,
        "Present corporate income tax expenses": 2467,
        "Deferred income taxes expenses": 263,
        "The interests of minority shareholders": -4,
        "Total Cost of profits": 2726,
        "Profit after tax corporate income": 16197,
        "Volume": 23073824,
        "Close of Quarter": 16,
        "EPS": 2369.2,
        "Non-adjusted EPS": 3549,
        "PE": 4.5,
        "Book Price": 16.6
      }
    },
    {
      "quarter": "Q2 2012",
      "income status": {
        "Net sales": 110077,
        "Cost of goods sold": 84442,
        "Gross Profit": 25636,
        "Financial expenses": 2886,
        "Of which: Interest expense": 2798,
        "Cost of sales": 278,
        "Enterprise cost management": 6989,
        "Total Operating Expenses": 10153,
        "Total revenue financing activities": 1170,
        "Net profit from business activities": 16652,
        "Profit": 780,
        "Profit before tax": 33683,
        "Present corporate income tax expenses": 1437,
        "Deferred income taxes expenses": 2969,
        "The interests of minority shareholders": -4,
        "Total Cost of profits": 4402,
        "Profit after tax corporate income": 29281,
        "Volume": 18275870,
        "Close of Quarter": 21.1,
        "EPS": 2262.0,
        "Non-adjusted EPS": 4278,
        "PE": 4.9,
        "Book Price": 16.6
      }
    },
    {
      "quarter": "Q1 2012",
      "income status": {
        "Net sales": 101157,
        "Cost of goods sold": 80132,
        "Gross Profit": 21025,
        "Financial expenses": 4548,
        "Of which: Interest expense": 4537,
        "Cost of sales": 287,
        "Enterprise cost management": 7180,
        "Total Operating Expenses": 12015,
        "Total revenue financing activities": 1771,
        "Net profit from business activities": 10782,
        "Profit": 64,
        "Profit before tax": 24463,
        "Present corporate income tax expenses": 4810,
        "Deferred income taxes expenses": -1483,
        "The interests of minority shareholders": -9,
        "Total Cost of profits": 3318,
        "Profit after tax corporate income": 21145,
        "Volume": 18275870,
        "Close of Quarter": 19.4,
        "EPS": 1810.4,
        "Non-adjusted EPS": 3424,
        "PE": 5.7,
        "Book Price": 15.8
      }
    },
    {
      "quarter": "Q4 2011",
      "income status": {
        "Net sales": 75014,
        "Cost of goods sold": 58727,
        "Gross Profit": 16287,
        "Financial expenses": 2030,
        "Of which: Interest expense": 3877,
        "Cost of sales": 726,
        "Enterprise cost management": 6411,
        "Total Operating Expenses": 9167,
        "Total revenue financing activities": 925,
        "Net profit from business activities": 8045,
        "Profit": -2756,
        "Profit before tax": 17615,
        "Present corporate income tax expenses": 2699,
        "Deferred income taxes expenses": -344,
        "The interests of minority shareholders": -13,
        "Total Cost of profits": 2342,
        "Profit after tax corporate income": 15273,
        "Volume": 18275870,
        "Close of Quarter": 19.4,
        "EPS": 1410.2,
        "Non-adjusted EPS": 2667,
        "PE": 7.3,
        "Book Price": 13.6
      }
    },
    {
      "quarter": "Q3 2011",
      "income status": {
        "Net sales": 77193,
        "Cost of goods sold": 59632,
        "Gross Profit": 17561,
        "Financial expenses": 4876,
        "Of which: Interest expense": 3383,
        "Cost of sales": 312,
        "Enterprise cost management": 5893,
        "Total Operating Expenses": 11081,
        "Total revenue financing activities": 1032,
        "Net profit from business activities": 7512,
        "Profit": 791,
        "Profit before tax": 14801,
        "Present corporate income tax expenses": 1906,
        "Deferred income taxes expenses": 418,
        "The interests of minority shareholders": -9,
        "Total Cost of profits": 2315,
        "Profit after tax corporate income": 12486,
        "Volume": 18275870,
        "Close of Quarter": 13.6,
        "EPS": 1179.6,
        "Non-adjusted EPS": 2231,
        "PE": 6.1,
        "Book Price": 13.4
      }
    },
    {
      "quarter": "Q2 2011",
      "income status": {
        "Net sales": 66727,
        "Cost of goods sold": 50041,
        "Gross Profit": 16685,
        "Financial expenses": 3073,
        "Of which: Interest expense": 3442,
        "Cost of sales": 718,
        "Enterprise cost management": 5695,
        "Total Operating Expenses": 9486,
        "Total revenue financing activities": 1048,
        "Net profit from business activities": 8248,
        "Profit": 61,
        "Profit before tax": 15065,
        "Present corporate income tax expenses": 2108,
        "Deferred income taxes expenses": -713,
        "The interests of minority shareholders": -3,
        "Total Cost of profits": 1392,
        "Profit after tax corporate income": 13673,
        "Volume": 16515214,
        "Close of Quarter": 16.6,
        "EPS": 1145.8,
        "Non-adjusted EPS": 2398,
        "PE": 6.9,
        "Book Price": 12.9
      }
    },
    {
      "quarter": "Q1 2011",
      "income status": {
        "Net sales": 62173,
        "Cost of goods sold": 48855,
        "Gross Profit": 13318,
        "Financial expenses": 5747,
        "Of which: Interest expense": 4047,
        "Cost of sales": 243,
        "Enterprise cost management": 3473,
        "Total Operating Expenses": 9463,
        "Total revenue financing activities": 2426,
        "Net profit from business activities": 6281,
        "Profit": -986,
        "Profit before tax": 10230,
        "Present corporate income tax expenses": 1453,
        "Deferred income taxes expenses": 1477,
        "The interests of minority shareholders": -6,
        "Total Cost of profits": 2924,
        "Profit after tax corporate income": 7306,
        "Volume": 16515214,
        "Close of Quarter": 17.9,
        "EPS": 1022.0,
        "Non-adjusted EPS": 2139,
        "PE": 8.4,
        "Book Price": 12.5
      }
    }
  ]
}