{
  "ticker": "POT",
  "data": [
    {
      "quarter": "Q4 2016",
      "income status": {
        "Net sales": 263429,
        "Cost of goods sold": 216644,
        "Gross Profit": 46785,
        "Financial expenses": 5218,
        "Of which: Interest expense": 4662,
        "Cost of sales": 19114,
        "Enterprise cost management": 19333,
        "Total Operating Expenses": 43665,
        "Total revenue financing activities": 2467,
        "Net profit from business activities": 5387,
        "Profit": -48,
        "Profit before tax": 5339,
        "Present corporate income tax expenses": 1100,
        "Deferred income taxes expenses": "N/A",
        "The interests of minority shareholders": "N/A",
        "Total Cost of profits": 1100,
        "Profit after tax corporate income": 4238,
        "Volume": 19286346,
        "Close of Quarter": 18.1,
        "EPS": 1315,
        "Non-adjusted EPS": 1315,
        "PE": 13.8,
        "Book Price": 16.4
      }
    },
    {
      "quarter": "Q3 2016",
      "income status": {
        "Net sales": 236245,
        "Cost of goods sold": 195261,
        "Gross Profit": 40984,
        "Financial expenses": 5781,
        "Of which: Interest expense": 5764,
        "Cost of sales": 18195,
        "Enterprise cost management": 12691,
        "Total Operating Expenses": 36667,
        "Total revenue financing activities": 604,
        "Net profit from business activities": 4822,
        "Profit": 516,
        "Profit before tax": 5337,
        "Present corporate income tax expenses": 1103,
        "Deferred income taxes expenses": "N/A",
        "The interests of minority shareholders": "N/A",
        "Total Cost of profits": 1103,
        "Profit after tax corporate income": 4235,
        "Volume": 19286346,
        "Close of Quarter": 14.7,
        "EPS": 1404,
        "Non-adjusted EPS": 1404,
        "PE": 10.4,
        "Book Price": 16.2
      }
    },
    {
      "quarter": "Q2 2016",
      "income status": {
        "Net sales": 360971,
        "Cost of goods sold": 307772,
        "Gross Profit": 53199,
        "Financial expenses": 8080,
        "Of which: Interest expense": 7576,
        "Cost of sales": 19588,
        "Enterprise cost management": 14135,
        "Total Operating Expenses": 41803,
        "Total revenue financing activities": 654,
        "Net profit from business activities": 11801,
        "Profit": -1405,
        "Profit before tax": 10396,
        "Present corporate income tax expenses": 2205,
        "Deferred income taxes expenses": "N/A",
        "The interests of minority shareholders": "N/A",
        "Total Cost of profits": 2205,
        "Profit after tax corporate income": 8191,
        "Volume": 19286346,
        "Close of Quarter": 14.4,
        "EPS": 1599,
        "Non-adjusted EPS": 1599,
        "PE": 9.0,
        "Book Price": 16
      }
    },
    {
      "quarter": "Q1 2016",
      "income status": {
        "Net sales": 416108,
        "Cost of goods sold": 356667,
        "Gross Profit": 59441,
        "Financial expenses": 8106,
        "Of which: Interest expense": 8106,
        "Cost of sales": 27520,
        "Enterprise cost management": 13388,
        "Total Operating Expenses": 49014,
        "Total revenue financing activities": 459,
        "Net profit from business activities": 10586,
        "Profit": 289,
        "Profit before tax": 10875,
        "Present corporate income tax expenses": 2178,
        "Deferred income taxes expenses": "N/A",
        "The interests of minority shareholders": "N/A",
        "Total Cost of profits": 2178,
        "Profit after tax corporate income": 8697,
        "Volume": 19286346,
        "Close of Quarter": 14.6,
        "EPS": 1687,
        "Non-adjusted EPS": 1687,
        "PE": 8.7,
        "Book Price": 16.7
      }
    },
    {
      "quarter": "Q4 2015",
      "income status": {
        "Net sales": 603413,
        "Cost of goods sold": 520315,
        "Gross Profit": 83098,
        "Financial expenses": 7773,
        "Of which: Interest expense": 7675,
        "Cost of sales": 49664,
        "Enterprise cost management": 18353,
        "Total Operating Expenses": 75790,
        "Total revenue financing activities": 676,
        "Net profit from business activities": 7884,
        "Profit": -62,
        "Profit before tax": 7822,
        "Present corporate income tax expenses": 1873,
        "Deferred income taxes expenses": "N/A",
        "The interests of minority shareholders": "N/A",
        "Total Cost of profits": 1873,
        "Profit after tax corporate income": 5949,
        "Volume": 19286346,
        "Close of Quarter": 13.7,
        "EPS": 1449,
        "Non-adjusted EPS": 1449,
        "PE": 9.5,
        "Book Price": 16.3
      }
    },
    {
      "quarter": "Q3 2015",
      "income status": {
        "Net sales": 384833,
        "Cost of goods sold": 328523,
        "Gross Profit": 56310,
        "Financial expenses": 7262,
        "Of which: Interest expense": 6982,
        "Cost of sales": 30031,
        "Enterprise cost management": 10168,
        "Total Operating Expenses": 47461,
        "Total revenue financing activities": 359,
        "Net profit from business activities": 9008,
        "Profit": 1259,
        "Profit before tax": 10267,
        "Present corporate income tax expenses": 2259,
        "Deferred income taxes expenses": "N/A",
        "The interests of minority shareholders": "N/A",
        "Total Cost of profits": 2259,
        "Profit after tax corporate income": 8009,
        "Volume": 19286346,
        "Close of Quarter": 13.6,
        "EPS": 1394,
        "Non-adjusted EPS": 1394,
        "PE": 9.8,
        "Book Price": 16
      }
    },
    {
      "quarter": "Q2 2015",
      "income status": {
        "Net sales": 422715,
        "Cost of goods sold": 365970,
        "Gross Profit": 56745,
        "Financial expenses": 4510,
        "Of which: Interest expense": 4313,
        "Cost of sales": 28784,
        "Enterprise cost management": 12210,
        "Total Operating Expenses": 45504,
        "Total revenue financing activities": 1223,
        "Net profit from business activities": 12138,
        "Profit": 545,
        "Profit before tax": 12682,
        "Present corporate income tax expenses": 2793,
        "Deferred income taxes expenses": "N/A",
        "The interests of minority shareholders": "N/A",
        "Total Cost of profits": 2793,
        "Profit after tax corporate income": 9890,
        "Volume": 19286346,
        "Close of Quarter": 13.7,
        "EPS": 1109,
        "Non-adjusted EPS": 1109,
        "PE": 12.4,
        "Book Price": 15.6
      }
    },
    {
      "quarter": "Q1 2015",
      "income status": {
        "Net sales": 216818,
        "Cost of goods sold": 180384,
        "Gross Profit": 36434,
        "Financial expenses": 5072,
        "Of which: Interest expense": 4968,
        "Cost of sales": 16075,
        "Enterprise cost management": 9934,
        "Total Operating Expenses": 31081,
        "Total revenue financing activities": 425,
        "Net profit from business activities": 5777,
        "Profit": -533,
        "Profit before tax": 5245,
        "Present corporate income tax expenses": 1154,
        "Deferred income taxes expenses": "N/A",
        "The interests of minority shareholders": "N/A",
        "Total Cost of profits": 1154,
        "Profit after tax corporate income": 4091,
        "Volume": 19286346,
        "Close of Quarter": 13.6,
        "EPS": 779,
        "Non-adjusted EPS": 779,
        "PE": 17.5,
        "Book Price": 15.6
      }
    },
    {
      "quarter": "Q4 2014",
      "income status": {
        "Net sales": 214296,
        "Cost of goods sold": 182252,
        "Gross Profit": 32045,
        "Financial expenses": 3819,
        "Of which: Interest expense": 3440,
        "Cost of sales": 12408,
        "Enterprise cost management": 9546,
        "Total Operating Expenses": 25773,
        "Total revenue financing activities": 950,
        "Net profit from business activities": 6773,
        "Profit": -342,
        "Profit before tax": 6431,
        "Present corporate income tax expenses": 1531,
        "Deferred income taxes expenses": "N/A",
        "The interests of minority shareholders": "N/A",
        "Total Cost of profits": 1531,
        "Profit after tax corporate income": 4900,
        "Volume": 19286346,
        "Close of Quarter": 12.6,
        "EPS": 610,
        "Non-adjusted EPS": 610,
        "PE": 20.6,
        "Book Price": 15.4
      }
    },
    {
      "quarter": "Q3 2014",
      "income status": {
        "Net sales": 162395,
        "Cost of goods sold": 139952,
        "Gross Profit": 22443,
        "Financial expenses": 2008,
        "Of which: Interest expense": 2018,
        "Cost of sales": 11392,
        "Enterprise cost management": 6596,
        "Total Operating Expenses": 19996,
        "Total revenue financing activities": 418,
        "Net profit from business activities": 2866,
        "Profit": 356,
        "Profit before tax": 3222,
        "Present corporate income tax expenses": 711,
        "Deferred income taxes expenses": "N/A",
        "The interests of minority shareholders": "N/A",
        "Total Cost of profits": 711,
        "Profit after tax corporate income": 2510,
        "Volume": 19286346,
        "Close of Quarter": 12.4,
        "EPS": 582,
        "Non-adjusted EPS": 582,
        "PE": 21.3,
        "Book Price": 15.1
      }
    },
    {
      "quarter": "Q2 2014",
      "income status": {
        "Net sales": 118760,
        "Cost of goods sold": 96794,
        "Gross Profit": 21967,
        "Financial expenses": 2198,
        "Of which: Interest expense": 1995,
        "Cost of sales": 6567,
        "Enterprise cost management": 8038,
        "Total Operating Expenses": 16803,
        "Total revenue financing activities": 721,
        "Net profit from business activities": 3554,
        "Profit": 942,
        "Profit before tax": 4496,
        "Present corporate income tax expenses": 975,
        "Deferred income taxes expenses": "N/A",
        "The interests of minority shareholders": "N/A",
        "Total Cost of profits": 975,
        "Profit after tax corporate income": 3520,
        "Volume": 19286346,
        "Close of Quarter": 11.9,
        "EPS": 523,
        "Non-adjusted EPS": 523,
        "PE": 22.7,
        "Book Price": 15.2
      }
    },
    {
      "quarter": "Q1 2014",
      "income status": {
        "Net sales": 80116,
        "Cost of goods sold": 64129,
        "Gross Profit": 15988,
        "Financial expenses": 2475,
        "Of which: Interest expense": 2461,
        "Cost of sales": 5929,
        "Enterprise cost management": 7300,
        "Total Operating Expenses": 15704,
        "Total revenue financing activities": 780,
        "Net profit from business activities": 1063,
        "Profit": 41,
        "Profit before tax": 1104,
        "Present corporate income tax expenses": 276,
        "Deferred income taxes expenses": "N/A",
        "The interests of minority shareholders": "N/A",
        "Total Cost of profits": 276,
        "Profit after tax corporate income": 828,
        "Volume": 19286346,
        "Close of Quarter": 8.0,
        "EPS": 476,
        "Non-adjusted EPS": 476,
        "PE": 16.8,
        "Book Price": 15.4
      }
    },
    {
      "quarter": "Q4 2013",
      "income status": {
        "Net sales": 220987,
        "Cost of goods sold": 198135,
        "Gross Profit": 22852,
        "Financial expenses": 2429,
        "Of which: Interest expense": 2217,
        "Cost of sales": 8458,
        "Enterprise cost management": 6017,
        "Total Operating Expenses": 16904,
        "Total revenue financing activities": 141,
        "Net profit from business activities": 6090,
        "Profit": -25,
        "Profit before tax": 5869,
        "Present corporate income tax expenses": 1509,
        "Deferred income taxes expenses": "N/A",
        "The interests of minority shareholders": "N/A",
        "Total Cost of profits": 1509,
        "Profit after tax corporate income": 4360,
        "Volume": 19286346,
        "Close of Quarter": 6.2,
        "EPS": 437,
        "Non-adjusted EPS": 437,
        "PE": 14.2,
        "Book Price": 15.3
      }
    },
    {
      "quarter": "Q3 2013",
      "income status": {
        "Net sales": 104796,
        "Cost of goods sold": 87417,
        "Gross Profit": 17379,
        "Financial expenses": 1451,
        "Of which: Interest expense": 1259,
        "Cost of sales": 7894,
        "Enterprise cost management": 6562,
        "Total Operating Expenses": 15907,
        "Total revenue financing activities": 429,
        "Net profit from business activities": 1901,
        "Profit": -54,
        "Profit before tax": 1847,
        "Present corporate income tax expenses": 473,
        "Deferred income taxes expenses": "N/A",
        "The interests of minority shareholders": "N/A",
        "Total Cost of profits": 473,
        "Profit after tax corporate income": 1374,
        "Volume": 19286346,
        "Close of Quarter": 5.7,
        "EPS": 482,
        "Non-adjusted EPS": 482,
        "PE": 11.9,
        "Book Price": 14.9
      }
    },
    {
      "quarter": "Q2 2013",
      "income status": {
        "Net sales": 161310,
        "Cost of goods sold": 142556,
        "Gross Profit": 18754,
        "Financial expenses": 2162,
        "Of which: Interest expense": 1888,
        "Cost of sales": 6375,
        "Enterprise cost management": 7520,
        "Total Operating Expenses": 16057,
        "Total revenue financing activities": 862,
        "Net profit from business activities": 3559,
        "Profit": -49,
        "Profit before tax": 3510,
        "Present corporate income tax expenses": 894,
        "Deferred income taxes expenses": "N/A",
        "The interests of minority shareholders": "N/A",
        "Total Cost of profits": 894,
        "Profit after tax corporate income": 2617,
        "Volume": 19286346,
        "Close of Quarter": 6.2,
        "EPS": 519,
        "Non-adjusted EPS": 519,
        "PE": 12.0,
        "Book Price": 14.9
      }
    },
    {
      "quarter": "Q1 2013",
      "income status": {
        "Net sales": 38941,
        "Cost of goods sold": 25300,
        "Gross Profit": 13641,
        "Financial expenses": 1055,
        "Of which: Interest expense": 814,
        "Cost of sales": 8307,
        "Enterprise cost management": 4890,
        "Total Operating Expenses": 14252,
        "Total revenue financing activities": 749,
        "Net profit from business activities": 138,
        "Profit": -37,
        "Profit before tax": 101,
        "Present corporate income tax expenses": 25,
        "Deferred income taxes expenses": "N/A",
        "The interests of minority shareholders": "N/A",
        "Total Cost of profits": 25,
        "Profit after tax corporate income": 75,
        "Volume": 19286346,
        "Close of Quarter": 6.6,
        "EPS": 393,
        "Non-adjusted EPS": 393,
        "PE": 16.9,
        "Book Price": 15.1
      }
    },
    {
      "quarter": "Q4 2012",
      "income status": {
        "Net sales": 255881,
        "Cost of goods sold": 232425,
        "Gross Profit": 23456,
        "Financial expenses": 2361,
        "Of which: Interest expense": 2277,
        "Cost of sales": 7722,
        "Enterprise cost management": 8139,
        "Total Operating Expenses": 18222,
        "Total revenue financing activities": 1113,
        "Net profit from business activities": 6347,
        "Profit": 1009,
        "Profit before tax": 7054,
        "Present corporate income tax expenses": 1823,
        "Deferred income taxes expenses": "N/A",
        "The interests of minority shareholders": "N/A",
        "Total Cost of profits": 1823,
        "Profit after tax corporate income": 5231,
        "Volume": 19286346,
        "Close of Quarter": 7.2,
        "EPS": 391,
        "Non-adjusted EPS": 391,
        "PE": 18.4,
        "Book Price": 15.2
      }
    },
    {
      "quarter": "Q3 2012",
      "income status": {
        "Net sales": 93384,
        "Cost of goods sold": 80495,
        "Gross Profit": 12889,
        "Financial expenses": 1822,
        "Of which: Interest expense": 1404,
        "Cost of sales": 5114,
        "Enterprise cost management": 4140,
        "Total Operating Expenses": 11076,
        "Total revenue financing activities": 950,
        "Net profit from business activities": 2762,
        "Profit": 20,
        "Profit before tax": 2782,
        "Present corporate income tax expenses": 703,
        "Deferred income taxes expenses": "N/A",
        "The interests of minority shareholders": "N/A",
        "Total Cost of profits": 703,
        "Profit after tax corporate income": 2079,
        "Volume": 19286346,
        "Close of Quarter": 6.0,
        "EPS": 625,
        "Non-adjusted EPS": 625,
        "PE": 9.6,
        "Book Price": 14.9
      }
    },
    {
      "quarter": "Q2 2012",
      "income status": {
        "Net sales": 70480,
        "Cost of goods sold": 57467,
        "Gross Profit": 13014,
        "Financial expenses": 3742,
        "Of which: Interest expense": 3338,
        "Cost of sales": 5990,
        "Enterprise cost management": 6329,
        "Total Operating Expenses": 16061,
        "Total revenue financing activities": 1104,
        "Net profit from business activities": -1942,
        "Profit": 2218,
        "Profit before tax": 276,
        "Present corporate income tax expenses": 91,
        "Deferred income taxes expenses": "N/A",
        "The interests of minority shareholders": "N/A",
        "Total Cost of profits": 91,
        "Profit after tax corporate income": 185,
        "Volume": 19286346,
        "Close of Quarter": 9.0,
        "EPS": 434,
        "Non-adjusted EPS": 434,
        "PE": 20.6,
        "Book Price": 14.8
      }
    },
    {
      "quarter": "Q1 2012",
      "income status": {
        "Net sales": 55381,
        "Cost of goods sold": 45582,
        "Gross Profit": 9799,
        "Financial expenses": 1777,
        "Of which: Interest expense": 1737,
        "Cost of sales": 2854,
        "Enterprise cost management": 7151,
        "Total Operating Expenses": 11782,
        "Total revenue financing activities": 2091,
        "Net profit from business activities": 109,
        "Profit": -40,
        "Profit before tax": 69,
        "Present corporate income tax expenses": 17,
        "Deferred income taxes expenses": "N/A",
        "The interests of minority shareholders": "N/A",
        "Total Cost of profits": 17,
        "Profit after tax corporate income": 52,
        "Volume": 19286346,
        "Close of Quarter": 6.7,
        "EPS": 438,
        "Non-adjusted EPS": 438,
        "PE": 15.3,
        "Book Price": 15.2
      }
    },
    {
      "quarter": "Q4 2011",
      "income status": {
        "Net sales": 289613,
        "Cost of goods sold": 258112,
        "Gross Profit": 31502,
        "Financial expenses": 6673,
        "Of which: Interest expense": 6292,
        "Cost of sales": 17615,
        "Enterprise cost management": 12602,
        "Total Operating Expenses": 36890,
        "Total revenue financing activities": 531,
        "Net profit from business activities": -4858,
        "Profit": 18194,
        "Profit before tax": 12520,
        "Present corporate income tax expenses": 2776,
        "Deferred income taxes expenses": "N/A",
        "The interests of minority shareholders": "N/A",
        "Total Cost of profits": 2776,
        "Profit after tax corporate income": 9744,
        "Volume": 19286346,
        "Close of Quarter": 6.0,
        "EPS": 1331,
        "Non-adjusted EPS": 1331,
        "PE": 4.5,
        "Book Price": 15.3
      }
    },
    {
      "quarter": "Q3 2011",
      "income status": {
        "Net sales": 92285,
        "Cost of goods sold": 78404,
        "Gross Profit": 13881,
        "Financial expenses": 5495,
        "Of which: Interest expense": 4701,
        "Cost of sales": 5584,
        "Enterprise cost management": 6402,
        "Total Operating Expenses": 17481,
        "Total revenue financing activities": 1903,
        "Net profit from business activities": -1697,
        "Profit": 53,
        "Profit before tax": -1644,
        "Present corporate income tax expenses": -35,
        "Deferred income taxes expenses": "N/A",
        "The interests of minority shareholders": "N/A",
        "Total Cost of profits": -35,
        "Profit after tax corporate income": -1609,
        "Volume": 19286346,
        "Close of Quarter": 9.2,
        "EPS": 1411,
        "Non-adjusted EPS": 1411,
        "PE": 6.5,
        "Book Price": 14.7
      }
    },
    {
      "quarter": "Q2 2011",
      "income status": {
        "Net sales": 108952,
        "Cost of goods sold": 94476,
        "Gross Profit": 14476,
        "Financial expenses": 5631,
        "Of which: Interest expense": 4390,
        "Cost of sales": 4412,
        "Enterprise cost management": 7749,
        "Total Operating Expenses": 17792,
        "Total revenue financing activities": 3503,
        "Net profit from business activities": 188,
        "Profit": 131,
        "Profit before tax": 318,
        "Present corporate income tax expenses": 50,
        "Deferred income taxes expenses": "N/A",
        "The interests of minority shareholders": "N/A",
        "Total Cost of profits": 50,
        "Profit after tax corporate income": 268,
        "Volume": 19286346,
        "Close of Quarter": 5.2,
        "EPS": 1691,
        "Non-adjusted EPS": 1691,
        "PE": 3.1,
        "Book Price": 14.7
      }
    },
    {
      "quarter": "Q1 2011",
      "income status": {
        "Net sales": 532358,
        "Cost of goods sold": 451472,
        "Gross Profit": 80886,
        "Financial expenses": 20103,
        "Of which: Interest expense": 15762,
        "Cost of sales": 23069,
        "Enterprise cost management": 26357,
        "Total Operating Expenses": 69529,
        "Total revenue financing activities": 5779,
        "Net profit from business activities": 17136,
        "Profit": 3888,
        "Profit before tax": 19724,
        "Present corporate income tax expenses": 2465,
        "Deferred income taxes expenses": "N/A",
        "The interests of minority shareholders": "N/A",
        "Total Cost of profits": 2465,
        "Profit after tax corporate income": 17258,
        "Volume": 19286346,
        "Close of Quarter": 7.4,
        "EPS": 1732,
        "Non-adjusted EPS": 1732,
        "PE": 4.3,
        "Book Price": 15.5
      }
    }
  ]
}