{
  "ticker": "VE9",
  "data": [
    {
      "quarter": "Q4 2016",
      "income status": {
        "Net sales": 57943,
        "Cost of goods sold": 50720,
        "Gross Profit": 7223,
        "Financial expenses": 1144,
        "Of which: Interest expense": 1144,
        "Cost of sales": 5,
        "Enterprise cost management": 3018,
        "Total Operating Expenses": 4167,
        "Total revenue financing activities": 46,
        "Net profit from business activities": 3103,
        "Profit": 205,
        "Profit before tax": 3307,
        "Present corporate income tax expenses": 283,
        "Deferred income taxes expenses": "N/A",
        "The interests of minority shareholders": "N/A",
        "Total Cost of profits": 283,
        "Profit after tax corporate income": 3025,
        "Volume": 12523613,
        "Close of Quarter": 6.3,
        "EPS": 67,
        "Non-adjusted EPS": 67,
        "PE": 94.0,
        "Book Price": 10.4
      }
    },
    {
      "quarter": "Q3 2016",
      "income status": {
        "Net sales": 5529,
        "Cost of goods sold": 2343,
        "Gross Profit": 3186,
        "Financial expenses": 1149,
        "Of which: Interest expense": 1149,
        "Cost of sales": 9,
        "Enterprise cost management": 1741,
        "Total Operating Expenses": 2899,
        "Total revenue financing activities": 23,
        "Net profit from business activities": 309,
        "Profit": -213,
        "Profit before tax": 96,
        "Present corporate income tax expenses": 19,
        "Deferred income taxes expenses": "N/A",
        "The interests of minority shareholders": "N/A",
        "Total Cost of profits": 19,
        "Profit after tax corporate income": 77,
        "Volume": 12523613,
        "Close of Quarter": 8.1,
        "EPS": -49,
        "Non-adjusted EPS": -49,
        "PE": -165.3,
        "Book Price": 10.2
      }
    },
    {
      "quarter": "Q2 2016",
      "income status": {
        "Net sales": 7988,
        "Cost of goods sold": 4388,
        "Gross Profit": 3600,
        "Financial expenses": 1282,
        "Of which: Interest expense": 1282,
        "Cost of sales": 3,
        "Enterprise cost management": 1853,
        "Total Operating Expenses": 3138,
        "Total revenue financing activities": 2,
        "Net profit from business activities": 464,
        "Profit": -351,
        "Profit before tax": 113,
        "Present corporate income tax expenses": 23,
        "Deferred income taxes expenses": "N/A",
        "The interests of minority shareholders": "N/A",
        "Total Cost of profits": 23,
        "Profit after tax corporate income": 90,
        "Volume": 11596165,
        "Close of Quarter": 7.1,
        "EPS": -863.0,
        "Non-adjusted EPS": -932,
        "PE": -7.7,
        "Book Price": 10.2
      }
    },
    {
      "quarter": "Q1 2016",
      "income status": {
        "Net sales": 24372,
        "Cost of goods sold": 23140,
        "Gross Profit": 1232,
        "Financial expenses": 1005,
        "Of which: Interest expense": 1005,
        "Cost of sales": 20,
        "Enterprise cost management": 2567,
        "Total Operating Expenses": 3592,
        "Total revenue financing activities": 8,
        "Net profit from business activities": -2352,
        "Profit": -5,
        "Profit before tax": -2356,
        "Present corporate income tax expenses": "N/A",
        "Deferred income taxes expenses": "N/A",
        "The interests of minority shareholders": "N/A",
        "Total Cost of profits": 0,
        "Profit after tax corporate income": -2356,
        "Volume": 11596165,
        "Close of Quarter": 6.5,
        "EPS": -820.4,
        "Non-adjusted EPS": -886,
        "PE": -7.3,
        "Book Price": 10.2
      }
    },
    {
      "quarter": "Q4 2015",
      "income status": {
        "Net sales": 24194,
        "Cost of goods sold": 18256,
        "Gross Profit": 5938,
        "Financial expenses": 1122,
        "Of which: Interest expense": 1122,
        "Cost of sales": 5,
        "Enterprise cost management": 2978,
        "Total Operating Expenses": 4105,
        "Total revenue financing activities": 51,
        "Net profit from business activities": 1883,
        "Profit": -277,
        "Profit before tax": 1606,
        "Present corporate income tax expenses": 29,
        "Deferred income taxes expenses": "N/A",
        "The interests of minority shareholders": "N/A",
        "Total Cost of profits": 29,
        "Profit after tax corporate income": 1578,
        "Volume": 11596165,
        "Close of Quarter": 6.7,
        "EPS": -587.1,
        "Non-adjusted EPS": -634,
        "PE": -10.5,
        "Book Price": 9.8
      }
    },
    {
      "quarter": "Q3 2015",
      "income status": {
        "Net sales": 20377,
        "Cost of goods sold": 17451,
        "Gross Profit": 2926,
        "Financial expenses": 12939,
        "Of which: Interest expense": 12939,
        "Cost of sales": 848,
        "Enterprise cost management": 6119,
        "Total Operating Expenses": 19906,
        "Total revenue financing activities": 162,
        "Net profit from business activities": -16818,
        "Profit": -295,
        "Profit before tax": -17114,
        "Present corporate income tax expenses": "N/A",
        "Deferred income taxes expenses": "N/A",
        "The interests of minority shareholders": -6993,
        "Total Cost of profits": -6993,
        "Profit after tax corporate income": -10121,
        "Volume": 7847929,
        "Close of Quarter": 11.6,
        "EPS": -689.3,
        "Non-adjusted EPS": -1100,
        "PE": -10.5,
        "Book Price": 9.7
      }
    },
    {
      "quarter": "Q2 2015",
      "income status": {
        "Net sales": 27888,
        "Cost of goods sold": 13726,
        "Gross Profit": 14162,
        "Financial expenses": 5455,
        "Of which: Interest expense": 5417,
        "Cost of sales": 547,
        "Enterprise cost management": 7854,
        "Total Operating Expenses": 13856,
        "Total revenue financing activities": 85,
        "Net profit from business activities": 391,
        "Profit": 111,
        "Profit before tax": 503,
        "Present corporate income tax expenses": 317,
        "Deferred income taxes expenses": "N/A",
        "The interests of minority shareholders": -439,
        "Total Cost of profits": -122,
        "Profit after tax corporate income": 624,
        "Volume": 7847929,
        "Close of Quarter": 13.3,
        "EPS": 48.9,
        "Non-adjusted EPS": 78,
        "PE": 170,
        "Book Price": 11.1
      }
    },
    {
      "quarter": "Q1 2015",
      "income status": {
        "Net sales": 28987,
        "Cost of goods sold": 16954,
        "Gross Profit": 12033,
        "Financial expenses": 7666,
        "Of which: Interest expense": 7666,
        "Cost of sales": 615,
        "Enterprise cost management": 3524,
        "Total Operating Expenses": 11805,
        "Total revenue financing activities": 61,
        "Net profit from business activities": 289,
        "Profit": 135,
        "Profit before tax": 424,
        "Present corporate income tax expenses": 305,
        "Deferred income taxes expenses": "N/A",
        "The interests of minority shareholders": -450,
        "Total Cost of profits": -145,
        "Profit after tax corporate income": 568,
        "Volume": 7847929,
        "Close of Quarter": 13.9,
        "EPS": 314.0,
        "Non-adjusted EPS": 501,
        "PE": 27.8,
        "Book Price": 11.1
      }
    },
    {
      "quarter": "Q4 2014",
      "income status": {
        "Net sales": 54404,
        "Cost of goods sold": 45312,
        "Gross Profit": 9092,
        "Financial expenses": 5542,
        "Of which: Interest expense": 5527,
        "Cost of sales": 535,
        "Enterprise cost management": 3615,
        "Total Operating Expenses": 9692,
        "Total revenue financing activities": 40,
        "Net profit from business activities": -557,
        "Profit": 15,
        "Profit before tax": -542,
        "Present corporate income tax expenses": 592,
        "Deferred income taxes expenses": "N/A",
        "The interests of minority shareholders": -1430,
        "Total Cost of profits": -838,
        "Profit after tax corporate income": 296,
        "Volume": 7200088,
        "Close of Quarter": 13.7,
        "EPS": 339.2,
        "Non-adjusted EPS": 590,
        "PE": 23.2,
        "Book Price": 11.4
      }
    },
    {
      "quarter": "Q3 2014",
      "income status": {
        "Net sales": 29738,
        "Cost of goods sold": 21175,
        "Gross Profit": 8563,
        "Financial expenses": 7806,
        "Of which: Interest expense": 7806,
        "Cost of sales": 471,
        "Enterprise cost management": 2529,
        "Total Operating Expenses": 10806,
        "Total revenue financing activities": 14,
        "Net profit from business activities": -2245,
        "Profit": -33,
        "Profit before tax": -2278,
        "Present corporate income tax expenses": 310,
        "Deferred income taxes expenses": "N/A",
        "The interests of minority shareholders": -1714,
        "Total Cost of profits": -1404,
        "Profit after tax corporate income": -874,
        "Volume": 7200088,
        "Close of Quarter": 8.2,
        "EPS": 476.6,
        "Non-adjusted EPS": 829,
        "PE": 9.9,
        "Book Price": 11.0
      }
    },
    {
      "quarter": "Q2 2014",
      "income status": {
        "Net sales": 38734,
        "Cost of goods sold": 29241,
        "Gross Profit": 9493,
        "Financial expenses": 3074,
        "Of which: Interest expense": 3070,
        "Cost of sales": 134,
        "Enterprise cost management": 2933,
        "Total Operating Expenses": 6141,
        "Total revenue financing activities": 88,
        "Net profit from business activities": 3771,
        "Profit": 958,
        "Profit before tax": 4730,
        "Present corporate income tax expenses": 1087,
        "Deferred income taxes expenses": "N/A",
        "The interests of minority shareholders": -296,
        "Total Cost of profits": 791,
        "Profit after tax corporate income": 3938,
        "Volume": 7200088,
        "Close of Quarter": 6.8,
        "EPS": 580.7,
        "Non-adjusted EPS": 1010,
        "PE": 6.7,
        "Book Price": 11.2
      }
    },
    {
      "quarter": "Q1 2014",
      "income status": {
        "Net sales": 13217,
        "Cost of goods sold": 8871,
        "Gross Profit": 4346,
        "Financial expenses": 814,
        "Of which: Interest expense": 814,
        "Cost of sales": 6,
        "Enterprise cost management": 2218,
        "Total Operating Expenses": 3038,
        "Total revenue financing activities": 5,
        "Net profit from business activities": 1313,
        "Profit": -132,
        "Profit before tax": 1181,
        "Present corporate income tax expenses": 295,
        "Deferred income taxes expenses": "N/A",
        "The interests of minority shareholders": "N/A",
        "Total Cost of profits": 295,
        "Profit after tax corporate income": 886,
        "Volume": 7200088,
        "Close of Quarter": 6.4,
        "EPS": 598.5,
        "Non-adjusted EPS": 1041,
        "PE": 6.2,
        "Book Price": 6.1
      }
    },
    {
      "quarter": "Q4 2013",
      "income status": {
        "Net sales": 62844,
        "Cost of goods sold": 50802,
        "Gross Profit": 12042,
        "Financial expenses": 1423,
        "Of which: Interest expense": 1423,
        "Cost of sales": "N/A",
        "Enterprise cost management": 3904,
        "Total Operating Expenses": 5327,
        "Total revenue financing activities": 4,
        "Net profit from business activities": 6718,
        "Profit": -2594,
        "Profit before tax": 4125,
        "Present corporate income tax expenses": 2106,
        "Deferred income taxes expenses": "N/A",
        "The interests of minority shareholders": "N/A",
        "Total Cost of profits": 2106,
        "Profit after tax corporate income": 2018,
        "Volume": 7200088,
        "Close of Quarter": 5.1,
        "EPS": 601.9,
        "Non-adjusted EPS": 1047,
        "PE": 4.8,
        "Book Price": 6.6
      }
    },
    {
      "quarter": "Q3 2013",
      "income status": {
        "Net sales": 14181,
        "Cost of goods sold": 11338,
        "Gross Profit": 2843,
        "Financial expenses": 756,
        "Of which: Interest expense": 756,
        "Cost of sales": "N/A",
        "Enterprise cost management": 1617,
        "Total Operating Expenses": 2373,
        "Total revenue financing activities": 147,
        "Net profit from business activities": 617,
        "Profit": -46,
        "Profit before tax": 570,
        "Present corporate income tax expenses": 143,
        "Deferred income taxes expenses": "N/A",
        "The interests of minority shareholders": "N/A",
        "Total Cost of profits": 143,
        "Profit after tax corporate income": 428,
        "Volume": 7200088,
        "Close of Quarter": 3.8,
        "EPS": 620.3,
        "Non-adjusted EPS": 1079,
        "PE": 3.5,
        "Book Price": 6.4
      }
    },
    {
      "quarter": "Q2 2013",
      "income status": {
        "Net sales": 41284,
        "Cost of goods sold": 32518,
        "Gross Profit": 8766,
        "Financial expenses": 758,
        "Of which: Interest expense": 758,
        "Cost of sales": 10,
        "Enterprise cost management": 2396,
        "Total Operating Expenses": 3164,
        "Total revenue financing activities": 102,
        "Net profit from business activities": 5706,
        "Profit": -101,
        "Profit before tax": 5604,
        "Present corporate income tax expenses": 1442,
        "Deferred income taxes expenses": "N/A",
        "The interests of minority shareholders": "N/A",
        "Total Cost of profits": 1442,
        "Profit after tax corporate income": 4163,
        "Volume": 7200088,
        "Close of Quarter": 4.0,
        "EPS": 652.5,
        "Non-adjusted EPS": 1135,
        "PE": 3.6,
        "Book Price": 6.4
      }
    },
    {
      "quarter": "Q1 2013",
      "income status": {
        "Net sales": 13197,
        "Cost of goods sold": 9595,
        "Gross Profit": 3601,
        "Financial expenses": 568,
        "Of which: Interest expense": 568,
        "Cost of sales": 25,
        "Enterprise cost management": 1847,
        "Total Operating Expenses": 2440,
        "Total revenue financing activities": 83,
        "Net profit from business activities": 1244,
        "Profit": -4,
        "Profit before tax": 1240,
        "Present corporate income tax expenses": 310,
        "Deferred income taxes expenses": "N/A",
        "The interests of minority shareholders": "N/A",
        "Total Cost of profits": 310,
        "Profit after tax corporate income": 930,
        "Volume": 7200088,
        "Close of Quarter": 3.8,
        "EPS": 425.4,
        "Non-adjusted EPS": 740,
        "PE": 5.1,
        "Book Price": 6.4
      }
    },
    {
      "quarter": "Q4 2012",
      "income status": {
        "Net sales": 47803,
        "Cost of goods sold": 42214,
        "Gross Profit": 5589,
        "Financial expenses": 779,
        "Of which: Interest expense": 778,
        "Cost of sales": 16,
        "Enterprise cost management": 2656,
        "Total Operating Expenses": 3451,
        "Total revenue financing activities": 14,
        "Net profit from business activities": 2152,
        "Profit": 290,
        "Profit before tax": 2442,
        "Present corporate income tax expenses": 193,
        "Deferred income taxes expenses": "N/A",
        "The interests of minority shareholders": "N/A",
        "Total Cost of profits": 193,
        "Profit after tax corporate income": 2249,
        "Volume": 7200088,
        "Close of Quarter": 3.6,
        "EPS": 363.9,
        "Non-adjusted EPS": 633,
        "PE": 5.7,
        "Book Price": 6.3
      }
    },
    {
      "quarter": "Q3 2012",
      "income status": {
        "Net sales": 16825,
        "Cost of goods sold": 13609,
        "Gross Profit": 3216,
        "Financial expenses": 622,
        "Of which: Interest expense": 622,
        "Cost of sales": 5,
        "Enterprise cost management": 1483,
        "Total Operating Expenses": 2110,
        "Total revenue financing activities": 4,
        "Net profit from business activities": 1109,
        "Profit": -5,
        "Profit before tax": 1104,
        "Present corporate income tax expenses": 276,
        "Deferred income taxes expenses": "N/A",
        "The interests of minority shareholders": "N/A",
        "Total Cost of profits": 276,
        "Profit after tax corporate income": 828,
        "Volume": 7200088,
        "Close of Quarter": 3.9,
        "EPS": 266.2,
        "Non-adjusted EPS": 463,
        "PE": 8.4,
        "Book Price": 6.2
      }
    },
    {
      "quarter": "Q2 2012",
      "income status": {
        "Net sales": 23001,
        "Cost of goods sold": 18901,
        "Gross Profit": 4100,
        "Financial expenses": 629,
        "Of which: Interest expense": 629,
        "Cost of sales": 2,
        "Enterprise cost management": 1691,
        "Total Operating Expenses": 2322,
        "Total revenue financing activities": 15,
        "Net profit from business activities": 1792,
        "Profit": -7,
        "Profit before tax": 1785,
        "Present corporate income tax expenses": 466,
        "Deferred income taxes expenses": "N/A",
        "The interests of minority shareholders": "N/A",
        "Total Cost of profits": 466,
        "Profit after tax corporate income": 1319,
        "Volume": 7200088,
        "Close of Quarter": 5.2,
        "EPS": 152.9,
        "Non-adjusted EPS": 266,
        "PE": 19.6,
        "Book Price": 6.1
      }
    },
    {
      "quarter": "Q1 2012",
      "income status": {
        "Net sales": 7974,
        "Cost of goods sold": 6633,
        "Gross Profit": 1342,
        "Financial expenses": "N/A",
        "Of which: Interest expense": "N/A",
        "Cost of sales": 1,
        "Enterprise cost management": 1151,
        "Total Operating Expenses": 1152,
        "Total revenue financing activities": 29,
        "Net profit from business activities": 218,
        "Profit": 3,
        "Profit before tax": 220,
        "Present corporate income tax expenses": 55,
        "Deferred income taxes expenses": "N/A",
        "The interests of minority shareholders": "N/A",
        "Total Cost of profits": 55,
        "Profit after tax corporate income": 165,
        "Volume": 7200088,
        "Close of Quarter": 6.2,
        "EPS": 37.4,
        "Non-adjusted EPS": 65,
        "PE": 94.9,
        "Book Price": 6.0
      }
    },
    {
      "quarter": "Q4 2011",
      "income status": {
        "Net sales": 14226,
        "Cost of goods sold": 11165,
        "Gross Profit": 3061,
        "Financial expenses": "N/A",
        "Of which: Interest expense": "N/A",
        "Cost of sales": 16,
        "Enterprise cost management": 1859,
        "Total Operating Expenses": 1875,
        "Total revenue financing activities": 47,
        "Net profit from business activities": 1233,
        "Profit": -263,
        "Profit before tax": 970,
        "Present corporate income tax expenses": -55,
        "Deferred income taxes expenses": "N/A",
        "The interests of minority shareholders": "N/A",
        "Total Cost of profits": -55,
        "Profit after tax corporate income": 1025,
        "Volume": 7200088,
        "Close of Quarter": 5.3,
        "EPS": 67.8,
        "Non-adjusted EPS": 118,
        "PE": 44.8,
        "Book Price": 6.0
      }
    },
    {
      "quarter": "Q3 2011",
      "income status": {
        "Net sales": 10655,
        "Cost of goods sold": 10612,
        "Gross Profit": 43,
        "Financial expenses": "N/A",
        "Of which: Interest expense": "N/A",
        "Cost of sales": 6,
        "Enterprise cost management": 1168,
        "Total Operating Expenses": 1174,
        "Total revenue financing activities": 542,
        "Net profit from business activities": -588,
        "Profit": -6,
        "Profit before tax": -594,
        "Present corporate income tax expenses": "N/A",
        "Deferred income taxes expenses": "N/A",
        "The interests of minority shareholders": "N/A",
        "Total Cost of profits": 0,
        "Profit after tax corporate income": -594,
        "Volume": 7200088,
        "Close of Quarter": 7.5,
        "EPS": 1494.8,
        "Non-adjusted EPS": 2600,
        "PE": 2.9,
        "Book Price": 5.9
      }
    },
    {
      "quarter": "Q2 2011",
      "income status": {
        "Net sales": 3695,
        "Cost of goods sold": 2703,
        "Gross Profit": 991,
        "Financial expenses": "N/A",
        "Of which: Interest expense": "N/A",
        "Cost of sales": 5,
        "Enterprise cost management": 1474,
        "Total Operating Expenses": 1479,
        "Total revenue financing activities": 642,
        "Net profit from business activities": 154,
        "Profit": -129,
        "Profit before tax": 25,
        "Present corporate income tax expenses": 553,
        "Deferred income taxes expenses": -400,
        "The interests of minority shareholders": "N/A",
        "Total Cost of profits": 153,
        "Profit after tax corporate income": -129,
        "Volume": 7200088,
        "Close of Quarter": 7.7,
        "EPS": 1562.1,
        "Non-adjusted EPS": 2717,
        "PE": 2.8,
        "Book Price": 6.0
      }
    },
    {
      "quarter": "Q1 2011",
      "income status": {
        "Net sales": 4678,
        "Cost of goods sold": 2826,
        "Gross Profit": 1852,
        "Financial expenses": 270,
        "Of which: Interest expense": 270,
        "Cost of sales": 3,
        "Enterprise cost management": 1451,
        "Total Operating Expenses": 1724,
        "Total revenue financing activities": 454,
        "Net profit from business activities": 582,
        "Profit": 147,
        "Profit before tax": 729,
        "Present corporate income tax expenses": 182,
        "Deferred income taxes expenses": "N/A",
        "The interests of minority shareholders": "N/A",
        "Total Cost of profits": 182,
        "Profit after tax corporate income": 547,
        "Volume": 7200088,
        "Close of Quarter": 10.9,
        "EPS": 1604.0,
        "Non-adjusted EPS": 2790,
        "PE": 3.9,
        "Book Price": 7.1
      }
    }
  ]
}