{
  "ticker": "TAG",
  "data": [
    {
      "quarter": "Q4 2016",
      "income status": {
        "Net sales": 984653,
        "Cost of goods sold": 837098,
        "Gross Profit": 147555,
        "Financial expenses": 5968,
        "Of which: Interest expense": 5968,
        "Cost of sales": 119020,
        "Enterprise cost management": 12912,
        "Total Operating Expenses": 137900,
        "Total revenue financing activities": 468,
        "Net profit from business activities": 10124,
        "Profit": 952,
        "Profit before tax": 11076,
        "Present corporate income tax expenses": 2241,
        "Deferred income taxes expenses": "N/A",
        "The interests of minority shareholders": "N/A",
        "Total Cost of profits": 2241,
        "Profit after tax corporate income": 8835,
        "Volume": 24914991,
        "Close of Quarter": 48.5,
        "EPS": 865,
        "Non-adjusted EPS": 865,
        "PE": 56.1,
        "Book Price": 11.5
      }
    },
    {
      "quarter": "Q3 2016",
      "income status": {
        "Net sales": 872967,
        "Cost of goods sold": 769730,
        "Gross Profit": 103237,
        "Financial expenses": 4150,
        "Of which: Interest expense": 4150,
        "Cost of sales": 95084,
        "Enterprise cost management": 10644,
        "Total Operating Expenses": 109878,
        "Total revenue financing activities": 380,
        "Net profit from business activities": -6260,
        "Profit": -105,
        "Profit before tax": -6365,
        "Present corporate income tax expenses": -471,
        "Deferred income taxes expenses": "N/A",
        "The interests of minority shareholders": "N/A",
        "Total Cost of profits": -471,
        "Profit after tax corporate income": -5894,
        "Volume": 24914991,
        "Close of Quarter": 60.4,
        "EPS": 616,
        "Non-adjusted EPS": 616,
        "PE": 98,
        "Book Price": 11.1
      }
    },
    {
      "quarter": "Q2 2016",
      "income status": {
        "Net sales": 1093914,
        "Cost of goods sold": 973078,
        "Gross Profit": 120837,
        "Financial expenses": 2881,
        "Of which: Interest expense": -3221,
        "Cost of sales": 96362,
        "Enterprise cost management": 10433,
        "Total Operating Expenses": 109676,
        "Total revenue financing activities": 427,
        "Net profit from business activities": 11587,
        "Profit": 393,
        "Profit before tax": 11980,
        "Present corporate income tax expenses": 2472,
        "Deferred income taxes expenses": "N/A",
        "The interests of minority shareholders": "N/A",
        "Total Cost of profits": 2472,
        "Profit after tax corporate income": 9507,
        "Volume": 22659432,
        "Close of Quarter": 73.5,
        "EPS": 905.8,
        "Non-adjusted EPS": 996,
        "PE": 73.8,
        "Book Price": 11.4
      }
    },
    {
      "quarter": "Q1 2016",
      "income status": {
        "Net sales": 1146816,
        "Cost of goods sold": 1033576,
        "Gross Profit": 113240,
        "Financial expenses": 3221,
        "Of which: Interest expense": 3221,
        "Cost of sales": 88188,
        "Enterprise cost management": 11405,
        "Total Operating Expenses": 102814,
        "Total revenue financing activities": 669,
        "Net profit from business activities": 11094,
        "Profit": 280,
        "Profit before tax": 11375,
        "Present corporate income tax expenses": 2275,
        "Deferred income taxes expenses": "N/A",
        "The interests of minority shareholders": "N/A",
        "Total Cost of profits": 2275,
        "Profit after tax corporate income": 9100,
        "Volume": 22659432,
        "Close of Quarter": 23.6,
        "EPS": 794.0,
        "Non-adjusted EPS": 873,
        "PE": 27.0,
        "Book Price": 11.9
      }
    },
    {
      "quarter": "Q4 2015",
      "income status": {
        "Net sales": 848811,
        "Cost of goods sold": 752712,
        "Gross Profit": 96099,
        "Financial expenses": 2946,
        "Of which: Interest expense": 2946,
        "Cost of sales": 78865,
        "Enterprise cost management": 11379,
        "Total Operating Expenses": 93190,
        "Total revenue financing activities": 1827,
        "Net profit from business activities": 4736,
        "Profit": -1331,
        "Profit before tax": 3405,
        "Present corporate income tax expenses": 773,
        "Deferred income taxes expenses": "N/A",
        "The interests of minority shareholders": "N/A",
        "Total Cost of profits": 773,
        "Profit after tax corporate income": 2632,
        "Volume": 22659432,
        "Close of Quarter": 23.6,
        "EPS": 585.7,
        "Non-adjusted EPS": 644,
        "PE": 36.6,
        "Book Price": 11.6
      }
    },
    {
      "quarter": "Q3 2015",
      "income status": {
        "Net sales": 801094,
        "Cost of goods sold": 720299,
        "Gross Profit": 80795,
        "Financial expenses": 1896,
        "Of which: Interest expense": 1896,
        "Cost of sales": 69377,
        "Enterprise cost management": 8468,
        "Total Operating Expenses": 79741,
        "Total revenue financing activities": 423,
        "Net profit from business activities": 1478,
        "Profit": 237,
        "Profit before tax": 1715,
        "Present corporate income tax expenses": 377,
        "Deferred income taxes expenses": "N/A",
        "The interests of minority shareholders": "N/A",
        "Total Cost of profits": 377,
        "Profit after tax corporate income": 1338,
        "Volume": 22659432,
        "Close of Quarter": 23.6,
        "EPS": 788.5,
        "Non-adjusted EPS": 867,
        "PE": 27.2,
        "Book Price": 11.5
      }
    },
    {
      "quarter": "Q2 2015",
      "income status": {
        "Net sales": 811013,
        "Cost of goods sold": 724426,
        "Gross Profit": 86588,
        "Financial expenses": 1431,
        "Of which: Interest expense": 1431,
        "Cost of sales": 68045,
        "Enterprise cost management": 8597,
        "Total Operating Expenses": 78073,
        "Total revenue financing activities": 388,
        "Net profit from business activities": 8904,
        "Profit": -291,
        "Profit before tax": 8612,
        "Present corporate income tax expenses": 1895,
        "Deferred income taxes expenses": "N/A",
        "The interests of minority shareholders": "N/A",
        "Total Cost of profits": 1895,
        "Profit after tax corporate income": 6718,
        "Volume": 17858437,
        "Close of Quarter": 15.7,
        "EPS": 396.4,
        "Non-adjusted EPS": 553,
        "PE": 28.4,
        "Book Price": 11.4
      }
    },
    {
      "quarter": "Q1 2015",
      "income status": {
        "Net sales": 861746,
        "Cost of goods sold": 776445,
        "Gross Profit": 85301,
        "Financial expenses": 1274,
        "Of which: Interest expense": 1274,
        "Cost of sales": 71703,
        "Enterprise cost management": 11562,
        "Total Operating Expenses": 84539,
        "Total revenue financing activities": 588,
        "Net profit from business activities": 1350,
        "Profit": 3670,
        "Profit before tax": 5020,
        "Present corporate income tax expenses": 1120,
        "Deferred income taxes expenses": "N/A",
        "The interests of minority shareholders": "N/A",
        "Total Cost of profits": 1120,
        "Profit after tax corporate income": 3900,
        "Volume": 17858437,
        "Close of Quarter": 13.2,
        "EPS": 174.9,
        "Non-adjusted EPS": 244,
        "PE": 54.3,
        "Book Price": 11.1
      }
    },
    {
      "quarter": "Q4 2014",
      "income status": {
        "Net sales": 693947,
        "Cost of goods sold": 620705,
        "Gross Profit": 73243,
        "Financial expenses": 1054,
        "Of which: Interest expense": 1054,
        "Cost of sales": 60005,
        "Enterprise cost management": 5482,
        "Total Operating Expenses": 66541,
        "Total revenue financing activities": 1853,
        "Net profit from business activities": 8554,
        "Profit": 254,
        "Profit before tax": 8808,
        "Present corporate income tax expenses": 1118,
        "Deferred income taxes expenses": "N/A",
        "The interests of minority shareholders": "N/A",
        "Total Cost of profits": 1118,
        "Profit after tax corporate income": 7691,
        "Volume": 17858437,
        "Close of Quarter": 13.6,
        "EPS": 158.4,
        "Non-adjusted EPS": 221,
        "PE": 61.4,
        "Book Price": 11.7
      }
    },
    {
      "quarter": "Q3 2014",
      "income status": {
        "Net sales": 553388,
        "Cost of goods sold": 499338,
        "Gross Profit": 54050,
        "Financial expenses": 140,
        "Of which: Interest expense": 140,
        "Cost of sales": 54811,
        "Enterprise cost management": 6664,
        "Total Operating Expenses": 61615,
        "Total revenue financing activities": 683,
        "Net profit from business activities": -6882,
        "Profit": -2879,
        "Profit before tax": -9761,
        "Present corporate income tax expenses": -1322,
        "Deferred income taxes expenses": "N/A",
        "The interests of minority shareholders": "N/A",
        "Total Cost of profits": -1322,
        "Profit after tax corporate income": -8438,
        "Volume": 17858437,
        "Close of Quarter": 16.2,
        "EPS": -114.7,
        "Non-adjusted EPS": -160,
        "PE": -101.4,
        "Book Price": 11.4
      }
    },
    {
      "quarter": "Q2 2014",
      "income status": {
        "Net sales": 566792,
        "Cost of goods sold": 507673,
        "Gross Profit": 59120,
        "Financial expenses": 263,
        "Of which: Interest expense": 263,
        "Cost of sales": 52021,
        "Enterprise cost management": 5899,
        "Total Operating Expenses": 58183,
        "Total revenue financing activities": 554,
        "Net profit from business activities": 1492,
        "Profit": 48,
        "Profit before tax": 1539,
        "Present corporate income tax expenses": 339,
        "Deferred income taxes expenses": "N/A",
        "The interests of minority shareholders": "N/A",
        "Total Cost of profits": 339,
        "Profit after tax corporate income": 1201,
        "Volume": 13051596,
        "Close of Quarter": 14.2,
        "EPS": -234.7,
        "Non-adjusted EPS": -448,
        "PE": -31.8,
        "Book Price": 11.7
      }
    },
    {
      "quarter": "Q1 2014",
      "income status": {
        "Net sales": 600858,
        "Cost of goods sold": 542939,
        "Gross Profit": 57919,
        "Financial expenses": 265,
        "Of which: Interest expense": 265,
        "Cost of sales": 49445,
        "Enterprise cost management": 4961,
        "Total Operating Expenses": 54671,
        "Total revenue financing activities": 1091,
        "Net profit from business activities": 4339,
        "Profit": 132,
        "Profit before tax": 4471,
        "Present corporate income tax expenses": 984,
        "Deferred income taxes expenses": "N/A",
        "The interests of minority shareholders": "N/A",
        "Total Cost of profits": 984,
        "Profit after tax corporate income": 3488,
        "Volume": 13051596,
        "Close of Quarter": 13.1,
        "EPS": -229.4,
        "Non-adjusted EPS": -438,
        "PE": -29.8,
        "Book Price": 11.7
      }
    },
    {
      "quarter": "Q4 2013",
      "income status": {
        "Net sales": 569382,
        "Cost of goods sold": 510675,
        "Gross Profit": 58707,
        "Financial expenses": 257,
        "Of which: Interest expense": 257,
        "Cost of sales": 48619,
        "Enterprise cost management": 7129,
        "Total Operating Expenses": 56005,
        "Total revenue financing activities": 796,
        "Net profit from business activities": 3498,
        "Profit": -2188,
        "Profit before tax": 1309,
        "Present corporate income tax expenses": 424,
        "Deferred income taxes expenses": "N/A",
        "The interests of minority shareholders": "N/A",
        "Total Cost of profits": 424,
        "Profit after tax corporate income": 885,
        "Volume": 12399016,
        "Close of Quarter": 21.8,
        "EPS": 52.8,
        "Non-adjusted EPS": 106,
        "PE": 205.2,
        "Book Price": 11.6
      }
    },
    {
      "quarter": "Q3 2013",
      "income status": {
        "Net sales": 481884,
        "Cost of goods sold": 446822,
        "Gross Profit": 35062,
        "Financial expenses": "N/A",
        "Of which: Interest expense": "N/A",
        "Cost of sales": 45909,
        "Enterprise cost management": 4736,
        "Total Operating Expenses": 50645,
        "Total revenue financing activities": 574,
        "Net profit from business activities": -15010,
        "Profit": -214,
        "Profit before tax": -15224,
        "Present corporate income tax expenses": -3806,
        "Deferred income taxes expenses": "N/A",
        "The interests of minority shareholders": "N/A",
        "Total Cost of profits": -3806,
        "Profit after tax corporate income": -11418,
        "Volume": 12399016,
        "Close of Quarter": 22.7,
        "EPS": 220.0,
        "Non-adjusted EPS": 442,
        "PE": 51.4,
        "Book Price": 9.0
      }
    },
    {
      "quarter": "Q2 2013",
      "income status": {
        "Net sales": 372961,
        "Cost of goods sold": 337008,
        "Gross Profit": 35954,
        "Financial expenses": 112,
        "Of which: Interest expense": 112,
        "Cost of sales": 38027,
        "Enterprise cost management": 5330,
        "Total Operating Expenses": 43469,
        "Total revenue financing activities": 1760,
        "Net profit from business activities": -5755,
        "Profit": 7532,
        "Profit before tax": 1777,
        "Present corporate income tax expenses": 444,
        "Deferred income taxes expenses": "N/A",
        "The interests of minority shareholders": "N/A",
        "Total Cost of profits": 444,
        "Profit after tax corporate income": 1333,
        "Volume": 12399016,
        "Close of Quarter": 21.7,
        "EPS": 921.2,
        "Non-adjusted EPS": 1851,
        "PE": 11.7,
        "Book Price": 9.4
      }
    },
    {
      "quarter": "Q1 2013",
      "income status": {
        "Net sales": 442824,
        "Cost of goods sold": 397592,
        "Gross Profit": 45232,
        "Financial expenses": "N/A",
        "Of which: Interest expense": "N/A",
        "Cost of sales": 29681,
        "Enterprise cost management": 4573,
        "Total Operating Expenses": 34254,
        "Total revenue financing activities": 2909,
        "Net profit from business activities": 13887,
        "Profit": 132,
        "Profit before tax": 14019,
        "Present corporate income tax expenses": 3505,
        "Deferred income taxes expenses": "N/A",
        "The interests of minority shareholders": "N/A",
        "Total Cost of profits": 3505,
        "Profit after tax corporate income": 10514,
        "Volume": 12399016,
        "Close of Quarter": 12.1,
        "EPS": 1165.0,
        "Non-adjusted EPS": 2341,
        "PE": 5.2,
        "Book Price": 10.3
      }
    },
    {
      "quarter": "Q4 2012",
      "income status": {
        "Net sales": 459963,
        "Cost of goods sold": 419798,
        "Gross Profit": 40165,
        "Financial expenses": "N/A",
        "Of which: Interest expense": "N/A",
        "Cost of sales": 31270,
        "Enterprise cost management": 5778,
        "Total Operating Expenses": 37048,
        "Total revenue financing activities": 3983,
        "Net profit from business activities": 7100,
        "Profit": -216,
        "Profit before tax": 6884,
        "Present corporate income tax expenses": 1831,
        "Deferred income taxes expenses": "N/A",
        "The interests of minority shareholders": "N/A",
        "Total Cost of profits": 1831,
        "Profit after tax corporate income": 5053,
        "Volume": 12399016,
        "Close of Quarter": 16.0,
        "EPS": 1229.7,
        "Non-adjusted EPS": 2471,
        "PE": 6.5,
        "Book Price": 9.8
      }
    },
    {
      "quarter": "Q3 2012",
      "income status": {
        "Net sales": 437622,
        "Cost of goods sold": 399369,
        "Gross Profit": 38253,
        "Financial expenses": "N/A",
        "Of which: Interest expense": "N/A",
        "Cost of sales": 29437,
        "Enterprise cost management": 5093,
        "Total Operating Expenses": 34530,
        "Total revenue financing activities": 4237,
        "Net profit from business activities": 7960,
        "Profit": 106,
        "Profit before tax": 8067,
        "Present corporate income tax expenses": 2017,
        "Deferred income taxes expenses": "N/A",
        "The interests of minority shareholders": "N/A",
        "Total Cost of profits": 2017,
        "Profit after tax corporate income": 6050,
        "Volume": 8121506,
        "Close of Quarter": 16.2,
        "EPS": 1557.5,
        "Non-adjusted EPS": 4778,
        "PE": 3.4,
        "Book Price": 9.6
      }
    },
    {
      "quarter": "Q2 2012",
      "income status": {
        "Net sales": 349427,
        "Cost of goods sold": 311995,
        "Gross Profit": 37432,
        "Financial expenses": "N/A",
        "Of which: Interest expense": "N/A",
        "Cost of sales": 27070,
        "Enterprise cost management": 5705,
        "Total Operating Expenses": 32775,
        "Total revenue financing activities": 5119,
        "Net profit from business activities": 9776,
        "Profit": 97,
        "Profit before tax": 9873,
        "Present corporate income tax expenses": 2468,
        "Deferred income taxes expenses": "N/A",
        "The interests of minority shareholders": "N/A",
        "Total Cost of profits": 2468,
        "Profit after tax corporate income": 7404,
        "Volume": 8121506,
        "Close of Quarter": 9.7,
        "EPS": 2026.2,
        "Non-adjusted EPS": 6216,
        "PE": 1.6,
        "Book Price": 9.4
      }
    },
    {
      "quarter": "Q1 2012",
      "income status": {
        "Net sales": 427996,
        "Cost of goods sold": 383339,
        "Gross Profit": 44657,
        "Financial expenses": "N/A",
        "Of which: Interest expense": "N/A",
        "Cost of sales": 28063,
        "Enterprise cost management": 5221,
        "Total Operating Expenses": 33284,
        "Total revenue financing activities": 4778,
        "Net profit from business activities": 16151,
        "Profit": 112,
        "Profit before tax": 16263,
        "Present corporate income tax expenses": 4129,
        "Deferred income taxes expenses": "N/A",
        "The interests of minority shareholders": "N/A",
        "Total Cost of profits": 4129,
        "Profit after tax corporate income": 12134,
        "Volume": 8121506,
        "Close of Quarter": 8.7,
        "EPS": 2321.2,
        "Non-adjusted EPS": 7121,
        "PE": 1.2,
        "Book Price": 9.2
      }
    },
    {
      "quarter": "Q4 2011",
      "income status": {
        "Net sales": 470538,
        "Cost of goods sold": 427547,
        "Gross Profit": 42992,
        "Financial expenses": "N/A",
        "Of which: Interest expense": "N/A",
        "Cost of sales": 23344,
        "Enterprise cost management": 5830,
        "Total Operating Expenses": 29174,
        "Total revenue financing activities": 5112,
        "Net profit from business activities": 18930,
        "Profit": 98,
        "Profit before tax": 19028,
        "Present corporate income tax expenses": 5813,
        "Deferred income taxes expenses": "N/A",
        "The interests of minority shareholders": "N/A",
        "Total Cost of profits": 5813,
        "Profit after tax corporate income": 13215,
        "Volume": 8121506,
        "Close of Quarter": 9.7,
        "EPS": 2413.2,
        "Non-adjusted EPS": 7403,
        "PE": 1.3,
        "Book Price": 9.4
      }
    },
    {
      "quarter": "Q3 2011",
      "income status": {
        "Net sales": 449404,
        "Cost of goods sold": 411498,
        "Gross Profit": 37905,
        "Financial expenses": "N/A",
        "Of which: Interest expense": "N/A",
        "Cost of sales": 17426,
        "Enterprise cost management": 4170,
        "Total Operating Expenses": 21596,
        "Total revenue financing activities": 7281,
        "Net profit from business activities": 23591,
        "Profit": 51,
        "Profit before tax": 23642,
        "Present corporate income tax expenses": 5911,
        "Deferred income taxes expenses": "N/A",
        "The interests of minority shareholders": "N/A",
        "Total Cost of profits": 5911,
        "Profit after tax corporate income": 17731,
        "Volume": 8121506,
        "Close of Quarter": 6.3,
        "EPS": 2429.1,
        "Non-adjusted EPS": 7452,
        "PE": 0.9,
        "Book Price": 9
      }
    },
    {
      "quarter": "Q2 2011",
      "income status": {
        "Net sales": 329298,
        "Cost of goods sold": 295170,
        "Gross Profit": 34128,
        "Financial expenses": "N/A",
        "Of which: Interest expense": "N/A",
        "Cost of sales": 16347,
        "Enterprise cost management": 3755,
        "Total Operating Expenses": 20102,
        "Total revenue financing activities": 5554,
        "Net profit from business activities": 19579,
        "Profit": 96,
        "Profit before tax": 19675,
        "Present corporate income tax expenses": 4919,
        "Deferred income taxes expenses": "N/A",
        "The interests of minority shareholders": "N/A",
        "Total Cost of profits": 4919,
        "Profit after tax corporate income": 14756,
        "Volume": 5801148,
        "Close of Quarter": 6.9,
        "EPS": 2124.0,
        "Non-adjusted EPS": 9122,
        "PE": 0.8,
        "Book Price": 8.3
      }
    },
    {
      "quarter": "Q1 2011",
      "income status": {
        "Net sales": 402014,
        "Cost of goods sold": 365409,
        "Gross Profit": 36606,
        "Financial expenses": "N/A",
        "Of which: Interest expense": "N/A",
        "Cost of sales": 17690,
        "Enterprise cost management": 3784,
        "Total Operating Expenses": 21474,
        "Total revenue financing activities": 4063,
        "Net profit from business activities": 19194,
        "Profit": 38,
        "Profit before tax": 19232,
        "Present corporate income tax expenses": 4808,
        "Deferred income taxes expenses": "N/A",
        "The interests of minority shareholders": "N/A",
        "Total Cost of profits": 4808,
        "Profit after tax corporate income": 14424,
        "Volume": 5801148,
        "Close of Quarter": 6.4,
        "EPS": 1738.1,
        "Non-adjusted EPS": 7465,
        "PE": 0.9,
        "Book Price": 7.8
      }
    }
  ]
}