{
  "ticker": "SIC",
  "data": [
    {
      "quarter": "Q4 2016",
      "income status": {
        "Net sales": 8753,
        "Cost of goods sold": 8718,
        "Gross Profit": 35,
        "Financial expenses": 449,
        "Of which: Interest expense": 449,
        "Cost of sales": "N/A",
        "Enterprise cost management": 37398,
        "Total Operating Expenses": 37847,
        "Total revenue financing activities": 25,
        "Net profit from business activities": -37786,
        "Profit": 83372,
        "Profit before tax": 45586,
        "Present corporate income tax expenses": 11248,
        "Deferred income taxes expenses": "N/A",
        "The interests of minority shareholders": "N/A",
        "Total Cost of profits": 11248,
        "Profit after tax corporate income": 34338,
        "Volume": 15999715,
        "Close of Quarter": 33,
        "EPS": 2896,
        "Non-adjusted EPS": 2896,
        "PE": 11.4,
        "Book Price": 13.2
      }
    },
    {
      "quarter": "Q3 2016",
      "income status": {
        "Net sales": 14700,
        "Cost of goods sold": 8662,
        "Gross Profit": 6038,
        "Financial expenses": 5827,
        "Of which: Interest expense": 5827,
        "Cost of sales": "N/A",
        "Enterprise cost management": 7942,
        "Total Operating Expenses": 13769,
        "Total revenue financing activities": 13,
        "Net profit from business activities": -7718,
        "Profit": 19365,
        "Profit before tax": 11647,
        "Present corporate income tax expenses": 574,
        "Deferred income taxes expenses": "N/A",
        "The interests of minority shareholders": "N/A",
        "Total Cost of profits": 574,
        "Profit after tax corporate income": 11073,
        "Volume": 8000000,
        "Close of Quarter": 19.9,
        "EPS": 967.5,
        "Non-adjusted EPS": 1935,
        "PE": 10.3,
        "Book Price": 11.1
      }
    },
    {
      "quarter": "Q2 2016",
      "income status": {
        "Net sales": 15582,
        "Cost of goods sold": 3498,
        "Gross Profit": 12084,
        "Financial expenses": 7028,
        "Of which: Interest expense": 6157,
        "Cost of sales": "N/A",
        "Enterprise cost management": 1674,
        "Total Operating Expenses": 8702,
        "Total revenue financing activities": 9,
        "Net profit from business activities": 3391,
        "Profit": -210,
        "Profit before tax": 3181,
        "Present corporate income tax expenses": 54,
        "Deferred income taxes expenses": "N/A",
        "The interests of minority shareholders": "N/A",
        "Total Cost of profits": 54,
        "Profit after tax corporate income": 3127,
        "Volume": 8000000,
        "Close of Quarter": 8.3,
        "EPS": 410.5,
        "Non-adjusted EPS": 821,
        "PE": 10.1,
        "Book Price": 10.4
      }
    },
    {
      "quarter": "Q1 2016",
      "income status": {
        "Net sales": 14047,
        "Cost of goods sold": 7439,
        "Gross Profit": 6608,
        "Financial expenses": 6608,
        "Of which: Interest expense": 6608,
        "Cost of sales": "N/A",
        "Enterprise cost management": 2249,
        "Total Operating Expenses": 8857,
        "Total revenue financing activities": 19,
        "Net profit from business activities": -2231,
        "Profit": 25,
        "Profit before tax": -2206,
        "Present corporate income tax expenses": "N/A",
        "Deferred income taxes expenses": "N/A",
        "The interests of minority shareholders": "N/A",
        "Total Cost of profits": 0,
        "Profit after tax corporate income": -2206,
        "Volume": 8000000,
        "Close of Quarter": 4.5,
        "EPS": -74,
        "Non-adjusted EPS": -148,
        "PE": -30.4,
        "Book Price": 10.2
      }
    },
    {
      "quarter": "Q4 2015",
      "income status": {
        "Net sales": 26727,
        "Cost of goods sold": 18390,
        "Gross Profit": 8337,
        "Financial expenses": 3758,
        "Of which: Interest expense": 3758,
        "Cost of sales": "N/A",
        "Enterprise cost management": 3123,
        "Total Operating Expenses": 6881,
        "Total revenue financing activities": 7,
        "Net profit from business activities": 1463,
        "Profit": 2019,
        "Profit before tax": 3482,
        "Present corporate income tax expenses": "N/A",
        "Deferred income taxes expenses": "N/A",
        "The interests of minority shareholders": "N/A",
        "Total Cost of profits": 0,
        "Profit after tax corporate income": 3482,
        "Volume": 8000000,
        "Close of Quarter": 4.8,
        "EPS": 93,
        "Non-adjusted EPS": 186,
        "PE": 25.5,
        "Book Price": 9.6
      }
    },
    {
      "quarter": "Q3 2015",
      "income status": {
        "Net sales": 21108,
        "Cost of goods sold": 13101,
        "Gross Profit": 8006,
        "Financial expenses": 3218,
        "Of which: Interest expense": 3218,
        "Cost of sales": "N/A",
        "Enterprise cost management": 2709,
        "Total Operating Expenses": 5927,
        "Total revenue financing activities": 4,
        "Net profit from business activities": 2084,
        "Profit": 77,
        "Profit before tax": 2161,
        "Present corporate income tax expenses": "N/A",
        "Deferred income taxes expenses": "N/A",
        "The interests of minority shareholders": "N/A",
        "Total Cost of profits": 0,
        "Profit after tax corporate income": 2161,
        "Volume": 8000000,
        "Close of Quarter": 3.0,
        "EPS": -62.5,
        "Non-adjusted EPS": -125,
        "PE": -23.6,
        "Book Price": 9.5
      }
    },
    {
      "quarter": "Q2 2015",
      "income status": {
        "Net sales": 16543,
        "Cost of goods sold": 9803,
        "Gross Profit": 6740,
        "Financial expenses": 4281,
        "Of which: Interest expense": 4281,
        "Cost of sales": "N/A",
        "Enterprise cost management": 3017,
        "Total Operating Expenses": 7298,
        "Total revenue financing activities": 4,
        "Net profit from business activities": -553,
        "Profit": -4066,
        "Profit before tax": -4620,
        "Present corporate income tax expenses": "N/A",
        "Deferred income taxes expenses": "N/A",
        "The interests of minority shareholders": "N/A",
        "Total Cost of profits": 0,
        "Profit after tax corporate income": -4620,
        "Volume": 8000000,
        "Close of Quarter": 7.8,
        "EPS": -212.5,
        "Non-adjusted EPS": -425,
        "PE": -18.2,
        "Book Price": 9.3
      }
    },
    {
      "quarter": "Q1 2015",
      "income status": {
        "Net sales": 15066,
        "Cost of goods sold": 8670,
        "Gross Profit": 6396,
        "Financial expenses": 2982,
        "Of which: Interest expense": 2982,
        "Cost of sales": "N/A",
        "Enterprise cost management": 2887,
        "Total Operating Expenses": 5869,
        "Total revenue financing activities": 10,
        "Net profit from business activities": 538,
        "Profit": -19,
        "Profit before tax": 518,
        "Present corporate income tax expenses": 57,
        "Deferred income taxes expenses": "N/A",
        "The interests of minority shareholders": "N/A",
        "Total Cost of profits": 57,
        "Profit after tax corporate income": 461,
        "Volume": 8000000,
        "Close of Quarter": 6.1,
        "EPS": 109.5,
        "Non-adjusted EPS": 219,
        "PE": 27.6,
        "Book Price": 9.6
      }
    },
    {
      "quarter": "Q4 2014",
      "income status": {
        "Net sales": 45725,
        "Cost of goods sold": 32712,
        "Gross Profit": 13013,
        "Financial expenses": 7346,
        "Of which: Interest expense": 7346,
        "Cost of sales": "N/A",
        "Enterprise cost management": 4194,
        "Total Operating Expenses": 11540,
        "Total revenue financing activities": 7,
        "Net profit from business activities": 1480,
        "Profit": -13,
        "Profit before tax": 1466,
        "Present corporate income tax expenses": 465,
        "Deferred income taxes expenses": "N/A",
        "The interests of minority shareholders": "N/A",
        "Total Cost of profits": 465,
        "Profit after tax corporate income": 1002,
        "Volume": 8000000,
        "Close of Quarter": 3.4,
        "EPS": 108,
        "Non-adjusted EPS": 216,
        "PE": 15.5,
        "Book Price": 9.7
      }
    },
    {
      "quarter": "Q3 2014",
      "income status": {
        "Net sales": 15856,
        "Cost of goods sold": 9530,
        "Gross Profit": 6326,
        "Financial expenses": 4218,
        "Of which: Interest expense": 4218,
        "Cost of sales": "N/A",
        "Enterprise cost management": 2207,
        "Total Operating Expenses": 6425,
        "Total revenue financing activities": 7,
        "Net profit from business activities": -91,
        "Profit": -154,
        "Profit before tax": -246,
        "Present corporate income tax expenses": "N/A",
        "Deferred income taxes expenses": "N/A",
        "The interests of minority shareholders": "N/A",
        "Total Cost of profits": 0,
        "Profit after tax corporate income": -246,
        "Volume": 8000000,
        "Close of Quarter": 3.8,
        "EPS": 49.5,
        "Non-adjusted EPS": 99,
        "PE": 38.4,
        "Book Price": 9.6
      }
    },
    {
      "quarter": "Q2 2014",
      "income status": {
        "Net sales": 17214,
        "Cost of goods sold": 9008,
        "Gross Profit": 8206,
        "Financial expenses": 5284,
        "Of which: Interest expense": 5284,
        "Cost of sales": "N/A",
        "Enterprise cost management": 2269,
        "Total Operating Expenses": 7553,
        "Total revenue financing activities": 3,
        "Net profit from business activities": 656,
        "Profit": -25,
        "Profit before tax": 630,
        "Present corporate income tax expenses": 98,
        "Deferred income taxes expenses": "N/A",
        "The interests of minority shareholders": "N/A",
        "Total Cost of profits": 98,
        "Profit after tax corporate income": 533,
        "Volume": 8000000,
        "Close of Quarter": 3,
        "EPS": 70.5,
        "Non-adjusted EPS": 141,
        "PE": 21.3,
        "Book Price": 9.6
      }
    },
    {
      "quarter": "Q1 2014",
      "income status": {
        "Net sales": 12316,
        "Cost of goods sold": 6828,
        "Gross Profit": 5488,
        "Financial expenses": 2893,
        "Of which: Interest expense": 2893,
        "Cost of sales": "N/A",
        "Enterprise cost management": 2069,
        "Total Operating Expenses": 4962,
        "Total revenue financing activities": 11,
        "Net profit from business activities": 537,
        "Profit": -34,
        "Profit before tax": 502,
        "Present corporate income tax expenses": 67,
        "Deferred income taxes expenses": "N/A",
        "The interests of minority shareholders": "N/A",
        "Total Cost of profits": 67,
        "Profit after tax corporate income": 435,
        "Volume": 8000000,
        "Close of Quarter": 4.3,
        "EPS": 116.5,
        "Non-adjusted EPS": 233,
        "PE": 18.2,
        "Book Price": 9.6
      }
    },
    {
      "quarter": "Q4 2013",
      "income status": {
        "Net sales": 20497,
        "Cost of goods sold": 8914,
        "Gross Profit": 11583,
        "Financial expenses": 7166,
        "Of which: Interest expense": 7166,
        "Cost of sales": "N/A",
        "Enterprise cost management": 2762,
        "Total Operating Expenses": 9928,
        "Total revenue financing activities": 8,
        "Net profit from business activities": 1663,
        "Profit": -2083,
        "Profit before tax": -420,
        "Present corporate income tax expenses": -488,
        "Deferred income taxes expenses": "N/A",
        "The interests of minority shareholders": "N/A",
        "Total Cost of profits": -488,
        "Profit after tax corporate income": 68,
        "Volume": 8000000,
        "Close of Quarter": 2.8,
        "EPS": 145,
        "Non-adjusted EPS": 290,
        "PE": 9.5,
        "Book Price": 9.6
      }
    },
    {
      "quarter": "Q3 2013",
      "income status": {
        "Net sales": 14707,
        "Cost of goods sold": 7513,
        "Gross Profit": 7193,
        "Financial expenses": 4680,
        "Of which: Interest expense": 4680,
        "Cost of sales": "N/A",
        "Enterprise cost management": 2329,
        "Total Operating Expenses": 7009,
        "Total revenue financing activities": 9,
        "Net profit from business activities": 193,
        "Profit": -82,
        "Profit before tax": 112,
        "Present corporate income tax expenses": 19,
        "Deferred income taxes expenses": "N/A",
        "The interests of minority shareholders": "N/A",
        "Total Cost of profits": 19,
        "Profit after tax corporate income": 92,
        "Volume": 8000000,
        "Close of Quarter": 2.4,
        "EPS": 463.5,
        "Non-adjusted EPS": 927,
        "PE": 2.5,
        "Book Price": 9.6
      }
    },
    {
      "quarter": "Q2 2013",
      "income status": {
        "Net sales": 17211,
        "Cost of goods sold": 8887,
        "Gross Profit": 8323,
        "Financial expenses": 4121,
        "Of which: Interest expense": 4031,
        "Cost of sales": "N/A",
        "Enterprise cost management": 2170,
        "Total Operating Expenses": 6291,
        "Total revenue financing activities": 9,
        "Net profit from business activities": 2041,
        "Profit": -190,
        "Profit before tax": 1850,
        "Present corporate income tax expenses": 583,
        "Deferred income taxes expenses": "N/A",
        "The interests of minority shareholders": "N/A",
        "Total Cost of profits": 583,
        "Profit after tax corporate income": 1268,
        "Volume": 8000000,
        "Close of Quarter": 3.1,
        "EPS": 627.0,
        "Non-adjusted EPS": 1254,
        "PE": 2.4,
        "Book Price": 9.6
      }
    },
    {
      "quarter": "Q1 2013",
      "income status": {
        "Net sales": 12335,
        "Cost of goods sold": 6648,
        "Gross Profit": 5687,
        "Financial expenses": 3873,
        "Of which: Interest expense": 3873,
        "Cost of sales": "N/A",
        "Enterprise cost management": 680,
        "Total Operating Expenses": 4553,
        "Total revenue financing activities": 11,
        "Net profit from business activities": 1145,
        "Profit": 15,
        "Profit before tax": 1160,
        "Present corporate income tax expenses": 270,
        "Deferred income taxes expenses": "N/A",
        "The interests of minority shareholders": "N/A",
        "Total Cost of profits": 270,
        "Profit after tax corporate income": 890,
        "Volume": 8000000,
        "Close of Quarter": 3.0,
        "EPS": 744.5,
        "Non-adjusted EPS": 1489,
        "PE": 2.0,
        "Book Price": 9.8
      }
    },
    {
      "quarter": "Q4 2012",
      "income status": {
        "Net sales": 19839,
        "Cost of goods sold": 10836,
        "Gross Profit": 9003,
        "Financial expenses": 1381,
        "Of which: Interest expense": 1381,
        "Cost of sales": "N/A",
        "Enterprise cost management": 1579,
        "Total Operating Expenses": 2960,
        "Total revenue financing activities": 215,
        "Net profit from business activities": 6257,
        "Profit": -479,
        "Profit before tax": 5778,
        "Present corporate income tax expenses": 609,
        "Deferred income taxes expenses": "N/A",
        "The interests of minority shareholders": "N/A",
        "Total Cost of profits": 609,
        "Profit after tax corporate income": 5169,
        "Volume": 8000000,
        "Close of Quarter": 2.6,
        "EPS": 762.5,
        "Non-adjusted EPS": 1525,
        "PE": 1.7,
        "Book Price": 9.7
      }
    },
    {
      "quarter": "Q3 2012",
      "income status": {
        "Net sales": 13969,
        "Cost of goods sold": 6272,
        "Gross Profit": 7697,
        "Financial expenses": 3612,
        "Of which: Interest expense": 3081,
        "Cost of sales": "N/A",
        "Enterprise cost management": 999,
        "Total Operating Expenses": 4611,
        "Total revenue financing activities": 8,
        "Net profit from business activities": 3094,
        "Profit": 106,
        "Profit before tax": 3200,
        "Present corporate income tax expenses": 492,
        "Deferred income taxes expenses": "N/A",
        "The interests of minority shareholders": "N/A",
        "Total Cost of profits": 492,
        "Profit after tax corporate income": 2708,
        "Volume": 8000000,
        "Close of Quarter": 2.4,
        "EPS": 499.0,
        "Non-adjusted EPS": 998,
        "PE": 2.4,
        "Book Price": 9.4
      }
    },
    {
      "quarter": "Q2 2012",
      "income status": {
        "Net sales": 25043,
        "Cost of goods sold": 13549,
        "Gross Profit": 11494,
        "Financial expenses": 7064,
        "Of which: Interest expense": 7054,
        "Cost of sales": "N/A",
        "Enterprise cost management": 862,
        "Total Operating Expenses": 7926,
        "Total revenue financing activities": 21,
        "Net profit from business activities": 3589,
        "Profit": 3,
        "Profit before tax": 3592,
        "Present corporate income tax expenses": 449,
        "Deferred income taxes expenses": "N/A",
        "The interests of minority shareholders": "N/A",
        "Total Cost of profits": 449,
        "Profit after tax corporate income": 3143,
        "Volume": 8000000,
        "Close of Quarter": 4.7,
        "EPS": 392.5,
        "Non-adjusted EPS": 785,
        "PE": 6.0,
        "Book Price": 9.2
      }
    },
    {
      "quarter": "Q1 2012",
      "income status": {
        "Net sales": 20321,
        "Cost of goods sold": 9609,
        "Gross Profit": 10712,
        "Financial expenses": 8280,
        "Of which: Interest expense": 8274,
        "Cost of sales": "N/A",
        "Enterprise cost management": 814,
        "Total Operating Expenses": 9094,
        "Total revenue financing activities": 18,
        "Net profit from business activities": 1637,
        "Profit": -106,
        "Profit before tax": 1530,
        "Present corporate income tax expenses": 349,
        "Deferred income taxes expenses": "N/A",
        "The interests of minority shareholders": "N/A",
        "Total Cost of profits": 349,
        "Profit after tax corporate income": 1181,
        "Volume": 8000000,
        "Close of Quarter": 3.6,
        "EPS": 356.0,
        "Non-adjusted EPS": 712,
        "PE": 5.1,
        "Book Price": 9.3
      }
    },
    {
      "quarter": "Q4 2011",
      "income status": {
        "Net sales": 27277,
        "Cost of goods sold": 16408,
        "Gross Profit": 10869,
        "Financial expenses": 9423,
        "Of which: Interest expense": 9423,
        "Cost of sales": 83,
        "Enterprise cost management": 1143,
        "Total Operating Expenses": 10649,
        "Total revenue financing activities": 9,
        "Net profit from business activities": 229,
        "Profit": 9,
        "Profit before tax": 238,
        "Present corporate income tax expenses": -715,
        "Deferred income taxes expenses": "N/A",
        "The interests of minority shareholders": "N/A",
        "Total Cost of profits": -715,
        "Profit after tax corporate income": 952,
        "Volume": 8000000,
        "Close of Quarter": 2.7,
        "EPS": 473.5,
        "Non-adjusted EPS": 947,
        "PE": 2.9,
        "Book Price": 9.2
      }
    },
    {
      "quarter": "Q3 2011",
      "income status": {
        "Net sales": 25734,
        "Cost of goods sold": 18212,
        "Gross Profit": 7522,
        "Financial expenses": 5733,
        "Of which: Interest expense": 5552,
        "Cost of sales": 19,
        "Enterprise cost management": 853,
        "Total Operating Expenses": 6605,
        "Total revenue financing activities": 197,
        "Net profit from business activities": 1114,
        "Profit": 23,
        "Profit before tax": 1136,
        "Present corporate income tax expenses": 131,
        "Deferred income taxes expenses": "N/A",
        "The interests of minority shareholders": "N/A",
        "Total Cost of profits": 131,
        "Profit after tax corporate income": 1005,
        "Volume": 8000000,
        "Close of Quarter": 4.6,
        "EPS": 848.5,
        "Non-adjusted EPS": 1697,
        "PE": 2.7,
        "Book Price": 9.2
      }
    },
    {
      "quarter": "Q2 2011",
      "income status": {
        "Net sales": 47602,
        "Cost of goods sold": 35500,
        "Gross Profit": 12102,
        "Financial expenses": 7701,
        "Of which: Interest expense": 7659,
        "Cost of sales": 290,
        "Enterprise cost management": 1003,
        "Total Operating Expenses": 8994,
        "Total revenue financing activities": 58,
        "Net profit from business activities": 3166,
        "Profit": 16,
        "Profit before tax": 3182,
        "Present corporate income tax expenses": 627,
        "Deferred income taxes expenses": "N/A",
        "The interests of minority shareholders": "N/A",
        "Total Cost of profits": 627,
        "Profit after tax corporate income": 2555,
        "Volume": 8000000,
        "Close of Quarter": 5.5,
        "EPS": 934.0,
        "Non-adjusted EPS": 1868,
        "PE": 2.9,
        "Book Price": 9.1
      }
    },
    {
      "quarter": "Q1 2011",
      "income status": {
        "Net sales": -2682,
        "Cost of goods sold": -9250,
        "Gross Profit": 6569,
        "Financial expenses": 1991,
        "Of which: Interest expense": 1862,
        "Cost of sales": 401,
        "Enterprise cost management": 1194,
        "Total Operating Expenses": 3586,
        "Total revenue financing activities": 141,
        "Net profit from business activities": 3123,
        "Profit": "N/A",
        "Profit before tax": 3123,
        "Present corporate income tax expenses": 60,
        "Deferred income taxes expenses": "N/A",
        "The interests of minority shareholders": "N/A",
        "Total Cost of profits": 60,
        "Profit after tax corporate income": 3063,
        "Volume": 8000000,
        "Close of Quarter": 7.4,
        "EPS": 1350.5,
        "Non-adjusted EPS": 2701,
        "PE": 2.7,
        "Book Price": 9.7
      }
    }
  ]
}