{
  "ticker": "SBA",
  "data": [
    {
      "quarter": "Q4 2016",
      "income status": {
        "Net sales": 105116,
        "Cost of goods sold": 32277,
        "Gross Profit": 72839,
        "Financial expenses": 16428,
        "Of which: Interest expense": 16428,
        "Cost of sales": "N/A",
        "Enterprise cost management": 5041,
        "Total Operating Expenses": 21469,
        "Total revenue financing activities": 10,
        "Net profit from business activities": 51380,
        "Profit": -124,
        "Profit before tax": 51256,
        "Present corporate income tax expenses": 4352,
        "Deferred income taxes expenses": "N/A",
        "The interests of minority shareholders": "N/A",
        "Total Cost of profits": 4352,
        "Profit after tax corporate income": 46904,
        "Volume": 60288331,
        "Close of Quarter": 10.6,
        "EPS": 1065,
        "Non-adjusted EPS": 1065,
        "PE": 9.9,
        "Book Price": 11.4
      }
    },
    {
      "quarter": "Q3 2016",
      "income status": {
        "Net sales": 52189,
        "Cost of goods sold": 15531,
        "Gross Profit": 36658,
        "Financial expenses": 16410,
        "Of which: Interest expense": 16410,
        "Cost of sales": "N/A",
        "Enterprise cost management": 2152,
        "Total Operating Expenses": 18562,
        "Total revenue financing activities": 4,
        "Net profit from business activities": 18100,
        "Profit": 14,
        "Profit before tax": 18114,
        "Present corporate income tax expenses": 907,
        "Deferred income taxes expenses": "N/A",
        "The interests of minority shareholders": "N/A",
        "Total Cost of profits": 907,
        "Profit after tax corporate income": 17206,
        "Volume": 60288331,
        "Close of Quarter": 9.2,
        "EPS": 968,
        "Non-adjusted EPS": 968,
        "PE": 9.5,
        "Book Price": 11.4
      }
    },
    {
      "quarter": "Q2 2016",
      "income status": {
        "Net sales": 30279,
        "Cost of goods sold": 10400,
        "Gross Profit": 19880,
        "Financial expenses": 15976,
        "Of which: Interest expense": 15976,
        "Cost of sales": "N/A",
        "Enterprise cost management": 1147,
        "Total Operating Expenses": 17123,
        "Total revenue financing activities": 9,
        "Net profit from business activities": 2766,
        "Profit": -23,
        "Profit before tax": 2743,
        "Present corporate income tax expenses": 150,
        "Deferred income taxes expenses": "N/A",
        "The interests of minority shareholders": "N/A",
        "Total Cost of profits": 150,
        "Profit after tax corporate income": 2593,
        "Volume": 60288331,
        "Close of Quarter": 8.3,
        "EPS": 817,
        "Non-adjusted EPS": 817,
        "PE": 10.2,
        "Book Price": 11.2
      }
    },
    {
      "quarter": "Q1 2016",
      "income status": {
        "Net sales": 22583,
        "Cost of goods sold": 7958,
        "Gross Profit": 14625,
        "Financial expenses": 15571,
        "Of which: Interest expense": 15484,
        "Cost of sales": "N/A",
        "Enterprise cost management": 1175,
        "Total Operating Expenses": 16746,
        "Total revenue financing activities": 10,
        "Net profit from business activities": -2111,
        "Profit": -385,
        "Profit before tax": -2496,
        "Present corporate income tax expenses": "N/A",
        "Deferred income taxes expenses": "N/A",
        "The interests of minority shareholders": "N/A",
        "Total Cost of profits": 0,
        "Profit after tax corporate income": -2496,
        "Volume": 60288331,
        "Close of Quarter": 8.3,
        "EPS": 732,
        "Non-adjusted EPS": 732,
        "PE": 11.3,
        "Book Price": 11.2
      }
    },
    {
      "quarter": "Q4 2015",
      "income status": {
        "Net sales": 95905,
        "Cost of goods sold": 31362,
        "Gross Profit": 64543,
        "Financial expenses": 17032,
        "Of which: Interest expense": 16166,
        "Cost of sales": "N/A",
        "Enterprise cost management": 3645,
        "Total Operating Expenses": 20677,
        "Total revenue financing activities": 6,
        "Net profit from business activities": 43872,
        "Profit": 1778,
        "Profit before tax": 45650,
        "Present corporate income tax expenses": 4567,
        "Deferred income taxes expenses": "N/A",
        "The interests of minority shareholders": "N/A",
        "Total Cost of profits": 4567,
        "Profit after tax corporate income": 41083,
        "Volume": 60288331,
        "Close of Quarter": 8.4,
        "EPS": 859,
        "Non-adjusted EPS": 859,
        "PE": 9.7,
        "Book Price": 11.2
      }
    },
    {
      "quarter": "Q3 2015",
      "income status": {
        "Net sales": 39813,
        "Cost of goods sold": 13325,
        "Gross Profit": 26489,
        "Financial expenses": 16290,
        "Of which: Interest expense": 16290,
        "Cost of sales": "N/A",
        "Enterprise cost management": 1674,
        "Total Operating Expenses": 17964,
        "Total revenue financing activities": 5,
        "Net profit from business activities": 8529,
        "Profit": -20,
        "Profit before tax": 8509,
        "Present corporate income tax expenses": 428,
        "Deferred income taxes expenses": "N/A",
        "The interests of minority shareholders": "N/A",
        "Total Cost of profits": 428,
        "Profit after tax corporate income": 8082,
        "Volume": 60288331,
        "Close of Quarter": 7.9,
        "EPS": 566,
        "Non-adjusted EPS": 566,
        "PE": 14.0,
        "Book Price": 10.5
      }
    },
    {
      "quarter": "Q2 2015",
      "income status": {
        "Net sales": 23608,
        "Cost of goods sold": 9780,
        "Gross Profit": 13829,
        "Financial expenses": 15826,
        "Of which: Interest expense": 15826,
        "Cost of sales": "N/A",
        "Enterprise cost management": 959,
        "Total Operating Expenses": 16785,
        "Total revenue financing activities": 64,
        "Net profit from business activities": -2893,
        "Profit": -19,
        "Profit before tax": -2912,
        "Present corporate income tax expenses": -377,
        "Deferred income taxes expenses": "N/A",
        "The interests of minority shareholders": "N/A",
        "Total Cost of profits": -377,
        "Profit after tax corporate income": -2535,
        "Volume": 60288331,
        "Close of Quarter": 8.6,
        "EPS": 862,
        "Non-adjusted EPS": 862,
        "PE": 10.0,
        "Book Price": 10.4
      }
    },
    {
      "quarter": "Q1 2015",
      "income status": {
        "Net sales": 35599,
        "Cost of goods sold": 12715,
        "Gross Profit": 22884,
        "Financial expenses": 14589,
        "Of which: Interest expense": 13466,
        "Cost of sales": "N/A",
        "Enterprise cost management": 1981,
        "Total Operating Expenses": 16570,
        "Total revenue financing activities": 13,
        "Net profit from business activities": 6326,
        "Profit": -51,
        "Profit before tax": 6276,
        "Present corporate income tax expenses": 1136,
        "Deferred income taxes expenses": "N/A",
        "The interests of minority shareholders": "N/A",
        "Total Cost of profits": 1136,
        "Profit after tax corporate income": 5140,
        "Volume": 60288331,
        "Close of Quarter": 8.4,
        "EPS": 1030,
        "Non-adjusted EPS": 1030,
        "PE": 8.2,
        "Book Price": 11.5
      }
    },
    {
      "quarter": "Q4 2014",
      "income status": {
        "Net sales": 71889,
        "Cost of goods sold": 29396,
        "Gross Profit": 42493,
        "Financial expenses": 14926,
        "Of which: Interest expense": 14722,
        "Cost of sales": "N/A",
        "Enterprise cost management": 3211,
        "Total Operating Expenses": 18137,
        "Total revenue financing activities": 11,
        "Net profit from business activities": 24366,
        "Profit": 166,
        "Profit before tax": 24533,
        "Present corporate income tax expenses": 1080,
        "Deferred income taxes expenses": "N/A",
        "The interests of minority shareholders": "N/A",
        "Total Cost of profits": 1080,
        "Profit after tax corporate income": 23452,
        "Volume": 60288331,
        "Close of Quarter": 8.6,
        "EPS": 1085,
        "Non-adjusted EPS": 1085,
        "PE": 8.0,
        "Book Price": 11.4
      }
    },
    {
      "quarter": "Q3 2014",
      "income status": {
        "Net sales": 66971,
        "Cost of goods sold": 19132,
        "Gross Profit": 47839,
        "Financial expenses": 17786,
        "Of which: Interest expense": 9598,
        "Cost of sales": "N/A",
        "Enterprise cost management": 2783,
        "Total Operating Expenses": 20569,
        "Total revenue financing activities": 86,
        "Net profit from business activities": 27356,
        "Profit": 1,
        "Profit before tax": 27357,
        "Present corporate income tax expenses": 1437,
        "Deferred income taxes expenses": "N/A",
        "The interests of minority shareholders": "N/A",
        "Total Cost of profits": 1437,
        "Profit after tax corporate income": 25920,
        "Volume": 60288331,
        "Close of Quarter": 8.6,
        "EPS": 1639,
        "Non-adjusted EPS": 1639,
        "PE": 5.3,
        "Book Price": 11
      }
    },
    {
      "quarter": "Q2 2014",
      "income status": {
        "Net sales": 26296,
        "Cost of goods sold": 8933,
        "Gross Profit": 17363,
        "Financial expenses": 7859,
        "Of which: Interest expense": 7000,
        "Cost of sales": "N/A",
        "Enterprise cost management": 923,
        "Total Operating Expenses": 8782,
        "Total revenue financing activities": 8,
        "Net profit from business activities": 8588,
        "Profit": -49,
        "Profit before tax": 8539,
        "Present corporate income tax expenses": 955,
        "Deferred income taxes expenses": "N/A",
        "The interests of minority shareholders": "N/A",
        "Total Cost of profits": 955,
        "Profit after tax corporate income": 7584,
        "Volume": 60288331,
        "Close of Quarter": 7.8,
        "EPS": 1581,
        "Non-adjusted EPS": 1581,
        "PE": 4.9,
        "Book Price": 10.6
      }
    },
    {
      "quarter": "Q1 2014",
      "income status": {
        "Net sales": 46216,
        "Cost of goods sold": 17831,
        "Gross Profit": 28386,
        "Financial expenses": 17283,
        "Of which: Interest expense": 17277,
        "Cost of sales": "N/A",
        "Enterprise cost management": 1962,
        "Total Operating Expenses": 19245,
        "Total revenue financing activities": 16,
        "Net profit from business activities": 9157,
        "Profit": -50,
        "Profit before tax": 9107,
        "Present corporate income tax expenses": 673,
        "Deferred income taxes expenses": "N/A",
        "The interests of minority shareholders": "N/A",
        "Total Cost of profits": 673,
        "Profit after tax corporate income": 8433,
        "Volume": 60288331,
        "Close of Quarter": 8.3,
        "EPS": 1208,
        "Non-adjusted EPS": 1208,
        "PE": 6.9,
        "Book Price": 11.4
      }
    },
    {
      "quarter": "Q4 2013",
      "income status": {
        "Net sales": 117952,
        "Cost of goods sold": 41477,
        "Gross Profit": 76475,
        "Financial expenses": 15595,
        "Of which: Interest expense": 14309,
        "Cost of sales": "N/A",
        "Enterprise cost management": 3895,
        "Total Operating Expenses": 19490,
        "Total revenue financing activities": 107,
        "Net profit from business activities": 57091,
        "Profit": -4,
        "Profit before tax": 57088,
        "Present corporate income tax expenses": 192,
        "Deferred income taxes expenses": "N/A",
        "The interests of minority shareholders": "N/A",
        "Total Cost of profits": 192,
        "Profit after tax corporate income": 56895,
        "Volume": 60288331,
        "Close of Quarter": 5.5,
        "EPS": 1104,
        "Non-adjusted EPS": 1104,
        "PE": 5.0,
        "Book Price": 11.3
      }
    },
    {
      "quarter": "Q3 2013",
      "income status": {
        "Net sales": 55913,
        "Cost of goods sold": 15544,
        "Gross Profit": 40368,
        "Financial expenses": 16519,
        "Of which: Interest expense": 16512,
        "Cost of sales": "N/A",
        "Enterprise cost management": 1616,
        "Total Operating Expenses": 18135,
        "Total revenue financing activities": 336,
        "Net profit from business activities": 22569,
        "Profit": -169,
        "Profit before tax": 22400,
        "Present corporate income tax expenses": "N/A",
        "Deferred income taxes expenses": "N/A",
        "The interests of minority shareholders": "N/A",
        "Total Cost of profits": 0,
        "Profit after tax corporate income": 22400,
        "Volume": 49800070,
        "Close of Quarter": 4.2,
        "EPS": 312.2,
        "Non-adjusted EPS": 378,
        "PE": 11.1,
        "Book Price": 9.1
      }
    },
    {
      "quarter": "Q2 2013",
      "income status": {
        "Net sales": 31424,
        "Cost of goods sold": 10347,
        "Gross Profit": 21077,
        "Financial expenses": 33310,
        "Of which: Interest expense": 28103,
        "Cost of sales": "N/A",
        "Enterprise cost management": 2236,
        "Total Operating Expenses": 35546,
        "Total revenue financing activities": 177,
        "Net profit from business activities": -14292,
        "Profit": -19,
        "Profit before tax": -14311,
        "Present corporate income tax expenses": 609,
        "Deferred income taxes expenses": "N/A",
        "The interests of minority shareholders": "N/A",
        "Total Cost of profits": 609,
        "Profit after tax corporate income": -14920,
        "Volume": 49800070,
        "Close of Quarter": 5.0,
        "EPS": -57.8,
        "Non-adjusted EPS": -70,
        "PE": -70.9,
        "Book Price": 8.7
      }
    },
    {
      "quarter": "Q1 2013",
      "income status": {
        "Net sales": 16861,
        "Cost of goods sold": 7767,
        "Gross Profit": 9094,
        "Financial expenses": 5337,
        "Of which: Interest expense": 5337,
        "Cost of sales": "N/A",
        "Enterprise cost management": 1265,
        "Total Operating Expenses": 6602,
        "Total revenue financing activities": 13,
        "Net profit from business activities": 2506,
        "Profit": -27,
        "Profit before tax": 2479,
        "Present corporate income tax expenses": 298,
        "Deferred income taxes expenses": "N/A",
        "The interests of minority shareholders": "N/A",
        "Total Cost of profits": 298,
        "Profit after tax corporate income": 2181,
        "Volume": 49800070,
        "Close of Quarter": 4.6,
        "EPS": 273.4,
        "Non-adjusted EPS": 331,
        "PE": 14.0,
        "Book Price": 8.9
      }
    },
    {
      "quarter": "Q4 2012",
      "income status": {
        "Net sales": 75781,
        "Cost of goods sold": 29394,
        "Gross Profit": 46387,
        "Financial expenses": 34273,
        "Of which: Interest expense": 34256,
        "Cost of sales": "N/A",
        "Enterprise cost management": 3238,
        "Total Operating Expenses": 37511,
        "Total revenue financing activities": 24,
        "Net profit from business activities": 8900,
        "Profit": 1,
        "Profit before tax": 8901,
        "Present corporate income tax expenses": -287,
        "Deferred income taxes expenses": "N/A",
        "The interests of minority shareholders": "N/A",
        "Total Cost of profits": -287,
        "Profit after tax corporate income": 9187,
        "Volume": 49800070,
        "Close of Quarter": 3.2,
        "EPS": 309.8,
        "Non-adjusted EPS": 375,
        "PE": 8.5,
        "Book Price": 8.9
      }
    },
    {
      "quarter": "Q3 2012",
      "income status": {
        "Net sales": 9057,
        "Cost of goods sold": 7697,
        "Gross Profit": 1359,
        "Financial expenses": 544,
        "Of which: Interest expense": 544,
        "Cost of sales": "N/A",
        "Enterprise cost management": 837,
        "Total Operating Expenses": 1381,
        "Total revenue financing activities": 115,
        "Net profit from business activities": 94,
        "Profit": -4,
        "Profit before tax": 90,
        "Present corporate income tax expenses": 28,
        "Deferred income taxes expenses": "N/A",
        "The interests of minority shareholders": "N/A",
        "Total Cost of profits": 28,
        "Profit after tax corporate income": 62,
        "Volume": 49800070,
        "Close of Quarter": 3.3,
        "EPS": 576.6,
        "Non-adjusted EPS": 698,
        "PE": 4.7,
        "Book Price": 8.8
      }
    },
    {
      "quarter": "Q2 2012",
      "income status": {
        "Net sales": 44894,
        "Cost of goods sold": 17528,
        "Gross Profit": 27366,
        "Financial expenses": 19957,
        "Of which: Interest expense": 19937,
        "Cost of sales": "N/A",
        "Enterprise cost management": 1529,
        "Total Operating Expenses": 21486,
        "Total revenue financing activities": 26,
        "Net profit from business activities": 5907,
        "Profit": 1,
        "Profit before tax": 5908,
        "Present corporate income tax expenses": 852,
        "Deferred income taxes expenses": "N/A",
        "The interests of minority shareholders": "N/A",
        "Total Cost of profits": 852,
        "Profit after tax corporate income": 5055,
        "Volume": 49800070,
        "Close of Quarter": 3.6,
        "EPS": 617.9,
        "Non-adjusted EPS": 748,
        "PE": 4.8,
        "Book Price": 8.8
      }
    },
    {
      "quarter": "Q1 2012",
      "income status": {
        "Net sales": 39001,
        "Cost of goods sold": 14504,
        "Gross Profit": 24497,
        "Financial expenses": 17611,
        "Of which: Interest expense": 17599,
        "Cost of sales": "N/A",
        "Enterprise cost management": 1738,
        "Total Operating Expenses": 19349,
        "Total revenue financing activities": 82,
        "Net profit from business activities": 5231,
        "Profit": -24,
        "Profit before tax": 5207,
        "Present corporate income tax expenses": 836,
        "Deferred income taxes expenses": "N/A",
        "The interests of minority shareholders": "N/A",
        "Total Cost of profits": 836,
        "Profit after tax corporate income": 4371,
        "Volume": 49800070,
        "Close of Quarter": 2.8,
        "EPS": 601.4,
        "Non-adjusted EPS": 728,
        "PE": 3.8,
        "Book Price": 8.7
      }
    },
    {
      "quarter": "Q4 2011",
      "income status": {
        "Net sales": 100428,
        "Cost of goods sold": 33481,
        "Gross Profit": 66946,
        "Financial expenses": 37077,
        "Of which: Interest expense": 35300,
        "Cost of sales": "N/A",
        "Enterprise cost management": 4593,
        "Total Operating Expenses": 41670,
        "Total revenue financing activities": 48,
        "Net profit from business activities": 25324,
        "Profit": -13,
        "Profit before tax": 25311,
        "Present corporate income tax expenses": 29,
        "Deferred income taxes expenses": "N/A",
        "The interests of minority shareholders": "N/A",
        "Total Cost of profits": 29,
        "Profit after tax corporate income": 25282,
        "Volume": 49800070,
        "Close of Quarter": 2.3,
        "EPS": 529.5,
        "Non-adjusted EPS": 641,
        "PE": 3.6,
        "Book Price": 9
      }
    },
    {
      "quarter": "Q3 2011",
      "income status": {
        "Net sales": 31778,
        "Cost of goods sold": 14600,
        "Gross Profit": 17178,
        "Financial expenses": 12788,
        "Of which: Interest expense": 12422,
        "Cost of sales": "N/A",
        "Enterprise cost management": 1899,
        "Total Operating Expenses": 14687,
        "Total revenue financing activities": 130,
        "Net profit from business activities": 2621,
        "Profit": -49,
        "Profit before tax": 2572,
        "Present corporate income tax expenses": 33,
        "Deferred income taxes expenses": "N/A",
        "The interests of minority shareholders": "N/A",
        "Total Cost of profits": 33,
        "Profit after tax corporate income": 2539,
        "Volume": 49800070,
        "Close of Quarter": 3.2,
        "EPS": 641.8,
        "Non-adjusted EPS": 777,
        "PE": 4.1,
        "Book Price": 8.6
      }
    },
    {
      "quarter": "Q2 2011",
      "income status": {
        "Net sales": 34220,
        "Cost of goods sold": 7233,
        "Gross Profit": 26988,
        "Financial expenses": 22157,
        "Of which: Interest expense": 9308,
        "Cost of sales": "N/A",
        "Enterprise cost management": 707,
        "Total Operating Expenses": 22864,
        "Total revenue financing activities": 284,
        "Net profit from business activities": 4408,
        "Profit": -29,
        "Profit before tax": 4378,
        "Present corporate income tax expenses": 333,
        "Deferred income taxes expenses": "N/A",
        "The interests of minority shareholders": "N/A",
        "Total Cost of profits": 333,
        "Profit after tax corporate income": 4045,
        "Volume": 44800070,
        "Close of Quarter": 3.6,
        "EPS": 730.5,
        "Non-adjusted EPS": 983,
        "PE": 3.7,
        "Book Price": 8.6
      }
    },
    {
      "quarter": "Q1 2011",
      "income status": {
        "Net sales": 36108,
        "Cost of goods sold": 20234,
        "Gross Profit": 15873,
        "Financial expenses": 14693,
        "Of which: Interest expense": 14693,
        "Cost of sales": "N/A",
        "Enterprise cost management": 900,
        "Total Operating Expenses": 15593,
        "Total revenue financing activities": 54,
        "Net profit from business activities": 335,
        "Profit": -14,
        "Profit before tax": 321,
        "Present corporate income tax expenses": 287,
        "Deferred income taxes expenses": "N/A",
        "The interests of minority shareholders": "N/A",
        "Total Cost of profits": 287,
        "Profit after tax corporate income": 34,
        "Volume": 44800070,
        "Close of Quarter": 3.9,
        "EPS": 646.5,
        "Non-adjusted EPS": 870,
        "PE": 4.5,
        "Book Price": 8.8
      }
    }
  ]
}