{
  "ticker": "BBC",
  "data": [
    {
      "quarter": "Q4 2016",
      "income status": {
        "Net sales": 541223,
        "Cost of goods sold": 341427,
        "Gross Profit": 199796,
        "Financial expenses": 61,
        "Of which: Interest expense": "N/A",
        "Cost of sales": 146357,
        "Enterprise cost management": 20072,
        "Total Operating Expenses": 166490,
        "Total revenue financing activities": 12741,
        "Net profit from business activities": 46048,
        "Profit": -12132,
        "Profit before tax": 33916,
        "Present corporate income tax expenses": 4781,
        "Deferred income taxes expenses": "N/A",
        "The interests of minority shareholders": "N/A",
        "Total Cost of profits": 4781,
        "Profit after tax corporate income": 29135,
        "Volume": 15371192,
        "Close of Quarter": 92.8,
        "EPS": 5325,
        "Non-adjusted EPS": 5325,
        "PE": 17.4,
        "Book Price": 49
      }
    },
    {
      "quarter": "Q3 2016",
      "income status": {
        "Net sales": 329634,
        "Cost of goods sold": 210556,
        "Gross Profit": 119078,
        "Financial expenses": -184,
        "Of which: Interest expense": "N/A",
        "Cost of sales": 70436,
        "Enterprise cost management": 17450,
        "Total Operating Expenses": 87702,
        "Total revenue financing activities": 5527,
        "Net profit from business activities": 36903,
        "Profit": -3566,
        "Profit before tax": 33337,
        "Present corporate income tax expenses": 6050,
        "Deferred income taxes expenses": "N/A",
        "The interests of minority shareholders": "N/A",
        "Total Cost of profits": 6050,
        "Profit after tax corporate income": 27287,
        "Volume": 15371192,
        "Close of Quarter": 82.0,
        "EPS": 6061,
        "Non-adjusted EPS": 6061,
        "PE": 13.5,
        "Book Price": 47.1
      }
    },
    {
      "quarter": "Q2 2016",
      "income status": {
        "Net sales": 176416,
        "Cost of goods sold": 124508,
        "Gross Profit": 51908,
        "Financial expenses": -164,
        "Of which: Interest expense": "N/A",
        "Cost of sales": 29965,
        "Enterprise cost management": 16607,
        "Total Operating Expenses": 46408,
        "Total revenue financing activities": 3442,
        "Net profit from business activities": 8941,
        "Profit": -31,
        "Profit before tax": 8910,
        "Present corporate income tax expenses": 1648,
        "Deferred income taxes expenses": -432,
        "The interests of minority shareholders": "N/A",
        "Total Cost of profits": 1216,
        "Profit after tax corporate income": 7694,
        "Volume": 15371192,
        "Close of Quarter": 70.1,
        "EPS": 5199,
        "Non-adjusted EPS": 5199,
        "PE": 13.5,
        "Book Price": 45.9
      }
    },
    {
      "quarter": "Q1 2016",
      "income status": {
        "Net sales": 245748,
        "Cost of goods sold": 170809,
        "Gross Profit": 74939,
        "Financial expenses": 998,
        "Of which: Interest expense": "N/A",
        "Cost of sales": 38550,
        "Enterprise cost management": 18764,
        "Total Operating Expenses": 58312,
        "Total revenue financing activities": 3976,
        "Net profit from business activities": 20602,
        "Profit": 596,
        "Profit before tax": 21198,
        "Present corporate income tax expenses": 3469,
        "Deferred income taxes expenses": "N/A",
        "The interests of minority shareholders": "N/A",
        "Total Cost of profits": 3469,
        "Profit after tax corporate income": 17730,
        "Volume": 15371192,
        "Close of Quarter": 67.1,
        "EPS": 5461,
        "Non-adjusted EPS": 5461,
        "PE": 12.3,
        "Book Price": 45.7
      }
    },
    {
      "quarter": "Q4 2015",
      "income status": {
        "Net sales": 463445,
        "Cost of goods sold": 274140,
        "Gross Profit": 189304,
        "Financial expenses": 279,
        "Of which: Interest expense": "N/A",
        "Cost of sales": 114750,
        "Enterprise cost management": 27142,
        "Total Operating Expenses": 142171,
        "Total revenue financing activities": 3113,
        "Net profit from business activities": 50248,
        "Profit": 438,
        "Profit before tax": 50686,
        "Present corporate income tax expenses": 10238,
        "Deferred income taxes expenses": "N/A",
        "The interests of minority shareholders": "N/A",
        "Total Cost of profits": 10238,
        "Profit after tax corporate income": 40448,
        "Volume": 15371192,
        "Close of Quarter": 53.9,
        "EPS": 5237,
        "Non-adjusted EPS": 5237,
        "PE": 10.3,
        "Book Price": 45.8
      }
    },
    {
      "quarter": "Q3 2015",
      "income status": {
        "Net sales": 280877,
        "Cost of goods sold": 172629,
        "Gross Profit": 108248,
        "Financial expenses": 118,
        "Of which: Interest expense": "N/A",
        "Cost of sales": 74749,
        "Enterprise cost management": 15997,
        "Total Operating Expenses": 90864,
        "Total revenue financing activities": 4066,
        "Net profit from business activities": 21450,
        "Profit": 976,
        "Profit before tax": 22425,
        "Present corporate income tax expenses": 3892,
        "Deferred income taxes expenses": "N/A",
        "The interests of minority shareholders": 4493,
        "Total Cost of profits": 8385,
        "Profit after tax corporate income": 14040,
        "Volume": 15371192,
        "Close of Quarter": 55.3,
        "EPS": 3882,
        "Non-adjusted EPS": 3882,
        "PE": 14.3,
        "Book Price": 43.1
      }
    },
    {
      "quarter": "Q2 2015",
      "income status": {
        "Net sales": 174797,
        "Cost of goods sold": 116545,
        "Gross Profit": 58252,
        "Financial expenses": 253,
        "Of which: Interest expense": 13,
        "Cost of sales": 36752,
        "Enterprise cost management": 15233,
        "Total Operating Expenses": 52238,
        "Total revenue financing activities": 3404,
        "Net profit from business activities": 9419,
        "Profit": -2339,
        "Profit before tax": 7079,
        "Present corporate income tax expenses": 2283,
        "Deferred income taxes expenses": 247,
        "The interests of minority shareholders": -7182,
        "Total Cost of profits": -4652,
        "Profit after tax corporate income": 11731,
        "Volume": 15371192,
        "Close of Quarter": 60.2,
        "EPS": 4163,
        "Non-adjusted EPS": 4163,
        "PE": 14.5,
        "Book Price": 42
      }
    },
    {
      "quarter": "Q1 2015",
      "income status": {
        "Net sales": 250815,
        "Cost of goods sold": 164624,
        "Gross Profit": 86191,
        "Financial expenses": 160,
        "Of which: Interest expense": -13,
        "Cost of sales": 46868,
        "Enterprise cost management": 17144,
        "Total Operating Expenses": 64172,
        "Total revenue financing activities": 3183,
        "Net profit from business activities": 25202,
        "Profit": 871,
        "Profit before tax": 26073,
        "Present corporate income tax expenses": 4610,
        "Deferred income taxes expenses": "N/A",
        "The interests of minority shareholders": 7182,
        "Total Cost of profits": 11792,
        "Profit after tax corporate income": 14281,
        "Volume": 15371192,
        "Close of Quarter": 53.4,
        "EPS": 3883,
        "Non-adjusted EPS": 3883,
        "PE": 13.7,
        "Book Price": 43
      }
    },
    {
      "quarter": "Q4 2014",
      "income status": {
        "Net sales": 410784,
        "Cost of goods sold": 258019,
        "Gross Profit": 152765,
        "Financial expenses": 34,
        "Of which: Interest expense": "N/A",
        "Cost of sales": 77367,
        "Enterprise cost management": 31040,
        "Total Operating Expenses": 108441,
        "Total revenue financing activities": 2569,
        "Net profit from business activities": 46893,
        "Profit": -17122,
        "Profit before tax": 29771,
        "Present corporate income tax expenses": 10156,
        "Deferred income taxes expenses": "N/A",
        "The interests of minority shareholders": "N/A",
        "Total Cost of profits": 10156,
        "Profit after tax corporate income": 19614,
        "Volume": 15371192,
        "Close of Quarter": 53.4,
        "EPS": 3699,
        "Non-adjusted EPS": 3699,
        "PE": 14.4,
        "Book Price": 41.6
      }
    },
    {
      "quarter": "Q3 2014",
      "income status": {
        "Net sales": 284740,
        "Cost of goods sold": 183351,
        "Gross Profit": 101389,
        "Financial expenses": 55,
        "Of which: Interest expense": "N/A",
        "Cost of sales": 64315,
        "Enterprise cost management": 16183,
        "Total Operating Expenses": 80553,
        "Total revenue financing activities": 1687,
        "Net profit from business activities": 22522,
        "Profit": 821,
        "Profit before tax": 23343,
        "Present corporate income tax expenses": 4983,
        "Deferred income taxes expenses": "N/A",
        "The interests of minority shareholders": "N/A",
        "Total Cost of profits": 4983,
        "Profit after tax corporate income": 18360,
        "Volume": 15371192,
        "Close of Quarter": 53.8,
        "EPS": 4321,
        "Non-adjusted EPS": 4321,
        "PE": 12.5,
        "Book Price": 40.4
      }
    },
    {
      "quarter": "Q2 2014",
      "income status": {
        "Net sales": 204487,
        "Cost of goods sold": 142372,
        "Gross Profit": 62116,
        "Financial expenses": 46,
        "Of which: Interest expense": "N/A",
        "Cost of sales": 42662,
        "Enterprise cost management": 12882,
        "Total Operating Expenses": 55590,
        "Total revenue financing activities": 3071,
        "Net profit from business activities": 9597,
        "Profit": 57,
        "Profit before tax": 9654,
        "Present corporate income tax expenses": 1528,
        "Deferred income taxes expenses": 688,
        "The interests of minority shareholders": "N/A",
        "Total Cost of profits": 2216,
        "Profit after tax corporate income": 7438,
        "Volume": 15371192,
        "Close of Quarter": 57.5,
        "EPS": 3857,
        "Non-adjusted EPS": 3857,
        "PE": 14.9,
        "Book Price": 39.9
      }
    },
    {
      "quarter": "Q1 2014",
      "income status": {
        "Net sales": 226703,
        "Cost of goods sold": 151388,
        "Gross Profit": 75315,
        "Financial expenses": 10,
        "Of which: Interest expense": "N/A",
        "Cost of sales": 52653,
        "Enterprise cost management": 11240,
        "Total Operating Expenses": 63903,
        "Total revenue financing activities": 1560,
        "Net profit from business activities": 12971,
        "Profit": 580,
        "Profit before tax": 13551,
        "Present corporate income tax expenses": 2099,
        "Deferred income taxes expenses": "N/A",
        "The interests of minority shareholders": "N/A",
        "Total Cost of profits": 2099,
        "Profit after tax corporate income": 11452,
        "Volume": 15371192,
        "Close of Quarter": 37.6,
        "EPS": 3382,
        "Non-adjusted EPS": 3382,
        "PE": 11.1,
        "Book Price": 39.4
      }
    },
    {
      "quarter": "Q4 2013",
      "income status": {
        "Net sales": 395363,
        "Cost of goods sold": 255604,
        "Gross Profit": 139759,
        "Financial expenses": -871,
        "Of which: Interest expense": 117,
        "Cost of sales": 93992,
        "Enterprise cost management": 10586,
        "Total Operating Expenses": 103707,
        "Total revenue financing activities": 1185,
        "Net profit from business activities": 37238,
        "Profit": -513,
        "Profit before tax": 36725,
        "Present corporate income tax expenses": 7559,
        "Deferred income taxes expenses": "N/A",
        "The interests of minority shareholders": "N/A",
        "Total Cost of profits": 7559,
        "Profit after tax corporate income": 29166,
        "Volume": 15371192,
        "Close of Quarter": 27.7,
        "EPS": 2924,
        "Non-adjusted EPS": 2924,
        "PE": 9.5,
        "Book Price": 38.7
      }
    },
    {
      "quarter": "Q3 2013",
      "income status": {
        "Net sales": 282259,
        "Cost of goods sold": 191140,
        "Gross Profit": 91119,
        "Financial expenses": 60,
        "Of which: Interest expense": 23,
        "Cost of sales": 63926,
        "Enterprise cost management": 12221,
        "Total Operating Expenses": 76207,
        "Total revenue financing activities": 420,
        "Net profit from business activities": 15331,
        "Profit": -863,
        "Profit before tax": 14467,
        "Present corporate income tax expenses": 3233,
        "Deferred income taxes expenses": "N/A",
        "The interests of minority shareholders": "N/A",
        "Total Cost of profits": 3233,
        "Profit after tax corporate income": 11235,
        "Volume": 15371192,
        "Close of Quarter": 30.2,
        "EPS": 2175,
        "Non-adjusted EPS": 2175,
        "PE": 13.9,
        "Book Price": 38.7
      }
    },
    {
      "quarter": "Q2 2013",
      "income status": {
        "Net sales": 158522,
        "Cost of goods sold": 117104,
        "Gross Profit": 41418,
        "Financial expenses": 54,
        "Of which: Interest expense": 2,
        "Cost of sales": 32317,
        "Enterprise cost management": 8226,
        "Total Operating Expenses": 40597,
        "Total revenue financing activities": 259,
        "Net profit from business activities": 1079,
        "Profit": -150,
        "Profit before tax": 929,
        "Present corporate income tax expenses": 794,
        "Deferred income taxes expenses": "N/A",
        "The interests of minority shareholders": "N/A",
        "Total Cost of profits": 794,
        "Profit after tax corporate income": 135,
        "Volume": 15371192,
        "Close of Quarter": 19.2,
        "EPS": 2414,
        "Non-adjusted EPS": 2414,
        "PE": 8.0,
        "Book Price": 38
      }
    },
    {
      "quarter": "Q1 2013",
      "income status": {
        "Net sales": 216662,
        "Cost of goods sold": 156966,
        "Gross Profit": 59696,
        "Financial expenses": -64,
        "Of which: Interest expense": 23,
        "Cost of sales": 43479,
        "Enterprise cost management": 11623,
        "Total Operating Expenses": 55038,
        "Total revenue financing activities": 482,
        "Net profit from business activities": 5140,
        "Profit": 326,
        "Profit before tax": 5466,
        "Present corporate income tax expenses": 1053,
        "Deferred income taxes expenses": "N/A",
        "The interests of minority shareholders": "N/A",
        "Total Cost of profits": 1053,
        "Profit after tax corporate income": 4413,
        "Volume": 15371192,
        "Close of Quarter": 19.5,
        "EPS": 1896,
        "Non-adjusted EPS": 1896,
        "PE": 10.3,
        "Book Price": 38
      }
    },
    {
      "quarter": "Q4 2012",
      "income status": {
        "Net sales": 308294,
        "Cost of goods sold": 208865,
        "Gross Profit": 99428,
        "Financial expenses": 954,
        "Of which: Interest expense": 350,
        "Cost of sales": 61651,
        "Enterprise cost management": 15158,
        "Total Operating Expenses": 77763,
        "Total revenue financing activities": 104,
        "Net profit from business activities": 21770,
        "Profit": 247,
        "Profit before tax": 22017,
        "Present corporate income tax expenses": 4374,
        "Deferred income taxes expenses": "N/A",
        "The interests of minority shareholders": "N/A",
        "Total Cost of profits": 4374,
        "Profit after tax corporate income": 17643,
        "Volume": 15371192,
        "Close of Quarter": 15.1,
        "EPS": 1723,
        "Non-adjusted EPS": 1723,
        "PE": 8.8,
        "Book Price": 37.7
      }
    },
    {
      "quarter": "Q3 2012",
      "income status": {
        "Net sales": 253047,
        "Cost of goods sold": 175201,
        "Gross Profit": 77846,
        "Financial expenses": -527,
        "Of which: Interest expense": 89,
        "Cost of sales": 52143,
        "Enterprise cost management": 11722,
        "Total Operating Expenses": 63338,
        "Total revenue financing activities": 186,
        "Net profit from business activities": 14693,
        "Profit": 1817,
        "Profit before tax": 16510,
        "Present corporate income tax expenses": 1599,
        "Deferred income taxes expenses": "N/A",
        "The interests of minority shareholders": "N/A",
        "Total Cost of profits": 1599,
        "Profit after tax corporate income": 14911,
        "Volume": 15371192,
        "Close of Quarter": 13.2,
        "EPS": 2025,
        "Non-adjusted EPS": 2025,
        "PE": 6.5,
        "Book Price": 36.5
      }
    },
    {
      "quarter": "Q2 2012",
      "income status": {
        "Net sales": 173838,
        "Cost of goods sold": 140116,
        "Gross Profit": 33722,
        "Financial expenses": 315,
        "Of which: Interest expense": -26,
        "Cost of sales": 34264,
        "Enterprise cost management": 9617,
        "Total Operating Expenses": 44196,
        "Total revenue financing activities": 1809,
        "Net profit from business activities": -8665,
        "Profit": 383,
        "Profit before tax": -8281,
        "Present corporate income tax expenses": -462,
        "Deferred income taxes expenses": "N/A",
        "The interests of minority shareholders": "N/A",
        "Total Cost of profits": -462,
        "Profit after tax corporate income": -7819,
        "Volume": 15371192,
        "Close of Quarter": 17.7,
        "EPS": 1828,
        "Non-adjusted EPS": 1828,
        "PE": 9.7,
        "Book Price": 35.6
      }
    },
    {
      "quarter": "Q1 2012",
      "income status": {
        "Net sales": 194474,
        "Cost of goods sold": 140047,
        "Gross Profit": 54427,
        "Financial expenses": 247,
        "Of which: Interest expense": 26,
        "Cost of sales": 43232,
        "Enterprise cost management": 10822,
        "Total Operating Expenses": 54301,
        "Total revenue financing activities": 1027,
        "Net profit from business activities": 1154,
        "Profit": 1064,
        "Profit before tax": 2218,
        "Present corporate income tax expenses": 462,
        "Deferred income taxes expenses": "N/A",
        "The interests of minority shareholders": "N/A",
        "Total Cost of profits": 462,
        "Profit after tax corporate income": 1756,
        "Volume": 15371192,
        "Close of Quarter": 15.6,
        "EPS": 2695,
        "Non-adjusted EPS": 2695,
        "PE": 5.8,
        "Book Price": 36.1
      }
    },
    {
      "quarter": "Q4 2011",
      "income status": {
        "Net sales": 354633,
        "Cost of goods sold": 248101,
        "Gross Profit": 106532,
        "Financial expenses": 5429,
        "Of which: Interest expense": 1272,
        "Cost of sales": 61913,
        "Enterprise cost management": 13896,
        "Total Operating Expenses": 81238,
        "Total revenue financing activities": 1764,
        "Net profit from business activities": 27058,
        "Profit": -1273,
        "Profit before tax": 55288,
        "Present corporate income tax expenses": 3509,
        "Deferred income taxes expenses": "N/A",
        "The interests of minority shareholders": "N/A",
        "Total Cost of profits": 3509,
        "Profit after tax corporate income": 22275,
        "Volume": 15371192,
        "Close of Quarter": 9.4,
        "EPS": 3043,
        "Non-adjusted EPS": 3043,
        "PE": 3.1,
        "Book Price": 37.3
      }
    },
    {
      "quarter": "Q3 2011",
      "income status": {
        "Net sales": 259550,
        "Cost of goods sold": 174009,
        "Gross Profit": 85540,
        "Financial expenses": 1811,
        "Of which: Interest expense": 1942,
        "Cost of sales": 61285,
        "Enterprise cost management": 12624,
        "Total Operating Expenses": 75720,
        "Total revenue financing activities": 3436,
        "Net profit from business activities": 13255,
        "Profit": 1229,
        "Profit before tax": 14484,
        "Present corporate income tax expenses": 2593,
        "Deferred income taxes expenses": "N/A",
        "The interests of minority shareholders": "N/A",
        "Total Cost of profits": 2593,
        "Profit after tax corporate income": 11892,
        "Volume": 15371192,
        "Close of Quarter": 10.3,
        "EPS": 3326,
        "Non-adjusted EPS": 3326,
        "PE": 3.1,
        "Book Price": 35.9
      }
    },
    {
      "quarter": "Q2 2011",
      "income status": {
        "Net sales": 176076,
        "Cost of goods sold": 127531,
        "Gross Profit": 48545,
        "Financial expenses": 3014,
        "Of which: Interest expense": 1622,
        "Cost of sales": 34016,
        "Enterprise cost management": 9536,
        "Total Operating Expenses": 46566,
        "Total revenue financing activities": 4262,
        "Net profit from business activities": 6241,
        "Profit": 400,
        "Profit before tax": 6641,
        "Present corporate income tax expenses": 1142,
        "Deferred income taxes expenses": "N/A",
        "The interests of minority shareholders": "N/A",
        "Total Cost of profits": 1142,
        "Profit after tax corporate income": 5499,
        "Volume": 15371192,
        "Close of Quarter": 10.7,
        "EPS": 3243,
        "Non-adjusted EPS": 3243,
        "PE": 3.3,
        "Book Price": 35.1
      }
    },
    {
      "quarter": "Q1 2011",
      "income status": {
        "Net sales": 210109,
        "Cost of goods sold": 160359,
        "Gross Profit": 49750,
        "Financial expenses": 3209,
        "Of which: Interest expense": 1895,
        "Cost of sales": 34256,
        "Enterprise cost management": 10365,
        "Total Operating Expenses": 47830,
        "Total revenue financing activities": 5090,
        "Net profit from business activities": 7010,
        "Profit": 1367,
        "Profit before tax": 8377,
        "Present corporate income tax expenses": 1265,
        "Deferred income taxes expenses": "N/A",
        "The interests of minority shareholders": "N/A",
        "Total Cost of profits": 1265,
        "Profit after tax corporate income": 7112,
        "Volume": 15371192,
        "Close of Quarter": 12.4,
        "EPS": 2643,
        "Non-adjusted EPS": 2643,
        "PE": 4.7,
        "Book Price": 35.9
      }
    }
  ]
}