{
  "ticker": "VC1",
  "data": [
    {
      "quarter": "Q4 2016",
      "income status": {
        "Net sales": 346664,
        "Cost of goods sold": 328146,
        "Gross Profit": 18518,
        "Financial expenses": 1861,
        "Of which: Interest expense": 1861,
        "Cost of sales": "N/A",
        "Enterprise cost management": 8586,
        "Total Operating Expenses": 10447,
        "Total revenue financing activities": -155,
        "Net profit from business activities": 7916,
        "Profit": 1776,
        "Profit before tax": 9692,
        "Present corporate income tax expenses": 1991,
        "Deferred income taxes expenses": "N/A",
        "The interests of minority shareholders": "N/A",
        "Total Cost of profits": 1991,
        "Profit after tax corporate income": 7701,
        "Volume": 7400000,
        "Close of Quarter": 15.3,
        "EPS": 1736,
        "Non-adjusted EPS": 1736,
        "PE": 8.8,
        "Book Price": 32.3
      }
    },
    {
      "quarter": "Q3 2016",
      "income status": {
        "Net sales": 46818,
        "Cost of goods sold": 40549,
        "Gross Profit": 6269,
        "Financial expenses": 774,
        "Of which: Interest expense": 839,
        "Cost of sales": "N/A",
        "Enterprise cost management": 4474,
        "Total Operating Expenses": 5248,
        "Total revenue financing activities": 490,
        "Net profit from business activities": 1510,
        "Profit": 140,
        "Profit before tax": 1650,
        "Present corporate income tax expenses": 330,
        "Deferred income taxes expenses": "N/A",
        "The interests of minority shareholders": "N/A",
        "Total Cost of profits": 330,
        "Profit after tax corporate income": 1320,
        "Volume": 7400000,
        "Close of Quarter": 12.8,
        "EPS": 1624,
        "Non-adjusted EPS": 1624,
        "PE": 7.9,
        "Book Price": 31.2
      }
    },
    {
      "quarter": "Q2 2016",
      "income status": {
        "Net sales": 98464,
        "Cost of goods sold": 88353,
        "Gross Profit": 10111,
        "Financial expenses": -43,
        "Of which: Interest expense": 298,
        "Cost of sales": "N/A",
        "Enterprise cost management": 8066,
        "Total Operating Expenses": 8023,
        "Total revenue financing activities": 11,
        "Net profit from business activities": 2099,
        "Profit": 981,
        "Profit before tax": 3080,
        "Present corporate income tax expenses": 616,
        "Deferred income taxes expenses": "N/A",
        "The interests of minority shareholders": "N/A",
        "Total Cost of profits": 616,
        "Profit after tax corporate income": 2464,
        "Volume": 7400000,
        "Close of Quarter": 14.1,
        "EPS": 1744,
        "Non-adjusted EPS": 1744,
        "PE": 8.1,
        "Book Price": 31
      }
    },
    {
      "quarter": "Q1 2016",
      "income status": {
        "Net sales": 63326,
        "Cost of goods sold": 57534,
        "Gross Profit": 5792,
        "Financial expenses": 44,
        "Of which: Interest expense": 44,
        "Cost of sales": "N/A",
        "Enterprise cost management": 4706,
        "Total Operating Expenses": 4750,
        "Total revenue financing activities": 573,
        "Net profit from business activities": 1615,
        "Profit": 84,
        "Profit before tax": 1698,
        "Present corporate income tax expenses": 340,
        "Deferred income taxes expenses": "N/A",
        "The interests of minority shareholders": "N/A",
        "Total Cost of profits": 340,
        "Profit after tax corporate income": 1359,
        "Volume": 7400000,
        "Close of Quarter": 15.1,
        "EPS": 1624,
        "Non-adjusted EPS": 1624,
        "PE": 9.3,
        "Book Price": 30.7
      }
    },
    {
      "quarter": "Q4 2015",
      "income status": {
        "Net sales": 161032,
        "Cost of goods sold": 155106,
        "Gross Profit": 5926,
        "Financial expenses": 132,
        "Of which: Interest expense": 6,
        "Cost of sales": 103,
        "Enterprise cost management": -1555,
        "Total Operating Expenses": -1320,
        "Total revenue financing activities": 1526,
        "Net profit from business activities": 8772,
        "Profit": 63,
        "Profit before tax": 8835,
        "Present corporate income tax expenses": 1960,
        "Deferred income taxes expenses": "N/A",
        "The interests of minority shareholders": "N/A",
        "Total Cost of profits": 1960,
        "Profit after tax corporate income": 6875,
        "Volume": 7400000,
        "Close of Quarter": 13.9,
        "EPS": 1618,
        "Non-adjusted EPS": 1618,
        "PE": 8.6,
        "Book Price": 32.4
      }
    },
    {
      "quarter": "Q3 2015",
      "income status": {
        "Net sales": 69437,
        "Cost of goods sold": 63831,
        "Gross Profit": 5606,
        "Financial expenses": 96,
        "Of which: Interest expense": "N/A",
        "Cost of sales": -20,
        "Enterprise cost management": 3499,
        "Total Operating Expenses": 3575,
        "Total revenue financing activities": 797,
        "Net profit from business activities": 2828,
        "Profit": "N/A",
        "Profit before tax": 2828,
        "Present corporate income tax expenses": 622,
        "Deferred income taxes expenses": "N/A",
        "The interests of minority shareholders": "N/A",
        "Total Cost of profits": 622,
        "Profit after tax corporate income": 2206,
        "Volume": 7400000,
        "Close of Quarter": 12.5,
        "EPS": 1066,
        "Non-adjusted EPS": 1066,
        "PE": 11.7,
        "Book Price": 31.5
      }
    },
    {
      "quarter": "Q2 2015",
      "income status": {
        "Net sales": 70181,
        "Cost of goods sold": 62749,
        "Gross Profit": 7431,
        "Financial expenses": 391,
        "Of which: Interest expense": 14,
        "Cost of sales": 587,
        "Enterprise cost management": 6538,
        "Total Operating Expenses": 7516,
        "Total revenue financing activities": 1324,
        "Net profit from business activities": 1239,
        "Profit": 726,
        "Profit before tax": 1965,
        "Present corporate income tax expenses": 387,
        "Deferred income taxes expenses": "N/A",
        "The interests of minority shareholders": "N/A",
        "Total Cost of profits": 387,
        "Profit after tax corporate income": 1578,
        "Volume": 7400000,
        "Close of Quarter": 11.8,
        "EPS": 1215,
        "Non-adjusted EPS": 1215,
        "PE": 9.7,
        "Book Price": 31.2
      }
    },
    {
      "quarter": "Q1 2015",
      "income status": {
        "Net sales": 67543,
        "Cost of goods sold": 61498,
        "Gross Profit": 6046,
        "Financial expenses": 36,
        "Of which: Interest expense": 36,
        "Cost of sales": 851,
        "Enterprise cost management": 3968,
        "Total Operating Expenses": 4855,
        "Total revenue financing activities": 500,
        "Net profit from business activities": 1691,
        "Profit": -5,
        "Profit before tax": 1686,
        "Present corporate income tax expenses": 372,
        "Deferred income taxes expenses": "N/A",
        "The interests of minority shareholders": "N/A",
        "Total Cost of profits": 372,
        "Profit after tax corporate income": 1314,
        "Volume": 7400000,
        "Close of Quarter": 12.1,
        "EPS": 1294,
        "Non-adjusted EPS": 1294,
        "PE": 9.3,
        "Book Price": 31
      }
    },
    {
      "quarter": "Q4 2014",
      "income status": {
        "Net sales": 146692,
        "Cost of goods sold": 135398,
        "Gross Profit": 11294,
        "Financial expenses": -93,
        "Of which: Interest expense": 111,
        "Cost of sales": 1310,
        "Enterprise cost management": 8291,
        "Total Operating Expenses": 9508,
        "Total revenue financing activities": 967,
        "Net profit from business activities": 2753,
        "Profit": 834,
        "Profit before tax": 3587,
        "Present corporate income tax expenses": 800,
        "Deferred income taxes expenses": "N/A",
        "The interests of minority shareholders": "N/A",
        "Total Cost of profits": 800,
        "Profit after tax corporate income": 2787,
        "Volume": 7400000,
        "Close of Quarter": 11.8,
        "EPS": 1591,
        "Non-adjusted EPS": 1591,
        "PE": 7.4,
        "Book Price": 32.7
      }
    },
    {
      "quarter": "Q3 2014",
      "income status": {
        "Net sales": 140437,
        "Cost of goods sold": 133285,
        "Gross Profit": 7153,
        "Financial expenses": -49,
        "Of which: Interest expense": 312,
        "Cost of sales": 1195,
        "Enterprise cost management": 2325,
        "Total Operating Expenses": 3471,
        "Total revenue financing activities": -30,
        "Net profit from business activities": 3652,
        "Profit": 88,
        "Profit before tax": 3740,
        "Present corporate income tax expenses": 430,
        "Deferred income taxes expenses": "N/A",
        "The interests of minority shareholders": "N/A",
        "Total Cost of profits": 430,
        "Profit after tax corporate income": 3310,
        "Volume": 7400000,
        "Close of Quarter": 14.9,
        "EPS": 2319,
        "Non-adjusted EPS": 2319,
        "PE": 6.4,
        "Book Price": 32.4
      }
    },
    {
      "quarter": "Q2 2014",
      "income status": {
        "Net sales": 68815,
        "Cost of goods sold": 63210,
        "Gross Profit": 5606,
        "Financial expenses": 3,
        "Of which: Interest expense": 622,
        "Cost of sales": 2069,
        "Enterprise cost management": 2967,
        "Total Operating Expenses": 5039,
        "Total revenue financing activities": 2023,
        "Net profit from business activities": 2590,
        "Profit": -13,
        "Profit before tax": 2577,
        "Present corporate income tax expenses": 412,
        "Deferred income taxes expenses": "N/A",
        "The interests of minority shareholders": "N/A",
        "Total Cost of profits": 412,
        "Profit after tax corporate income": 2165,
        "Volume": 7400000,
        "Close of Quarter": 14.1,
        "EPS": 2746,
        "Non-adjusted EPS": 2746,
        "PE": 5.1,
        "Book Price": 31.9
      }
    },
    {
      "quarter": "Q1 2014",
      "income status": {
        "Net sales": 100584,
        "Cost of goods sold": 88317,
        "Gross Profit": 12267,
        "Financial expenses": 1139,
        "Of which: Interest expense": 1139,
        "Cost of sales": "N/A",
        "Enterprise cost management": 7427,
        "Total Operating Expenses": 8566,
        "Total revenue financing activities": 229,
        "Net profit from business activities": 3929,
        "Profit": 574,
        "Profit before tax": 4504,
        "Present corporate income tax expenses": 991,
        "Deferred income taxes expenses": "N/A",
        "The interests of minority shareholders": "N/A",
        "Total Cost of profits": 991,
        "Profit after tax corporate income": 3513,
        "Volume": 7400000,
        "Close of Quarter": 13.2,
        "EPS": 2601,
        "Non-adjusted EPS": 2601,
        "PE": 5.1,
        "Book Price": 31.6
      }
    },
    {
      "quarter": "Q4 2013",
      "income status": {
        "Net sales": 182277,
        "Cost of goods sold": 164416,
        "Gross Profit": 17861,
        "Financial expenses": 1987,
        "Of which: Interest expense": 1786,
        "Cost of sales": "N/A",
        "Enterprise cost management": 5395,
        "Total Operating Expenses": 7382,
        "Total revenue financing activities": 312,
        "Net profit from business activities": 10791,
        "Profit": 100,
        "Profit before tax": 10891,
        "Present corporate income tax expenses": 2723,
        "Deferred income taxes expenses": "N/A",
        "The interests of minority shareholders": "N/A",
        "Total Cost of profits": 2723,
        "Profit after tax corporate income": 8169,
        "Volume": 7400000,
        "Close of Quarter": 10.3,
        "EPS": 2585,
        "Non-adjusted EPS": 2585,
        "PE": 4.0,
        "Book Price": 34.1
      }
    },
    {
      "quarter": "Q3 2013",
      "income status": {
        "Net sales": 134416,
        "Cost of goods sold": 115832,
        "Gross Profit": 18584,
        "Financial expenses": 2096,
        "Of which: Interest expense": 2096,
        "Cost of sales": "N/A",
        "Enterprise cost management": 8768,
        "Total Operating Expenses": 10864,
        "Total revenue financing activities": 287,
        "Net profit from business activities": 8006,
        "Profit": 538,
        "Profit before tax": 8544,
        "Present corporate income tax expenses": 2067,
        "Deferred income taxes expenses": "N/A",
        "The interests of minority shareholders": "N/A",
        "Total Cost of profits": 2067,
        "Profit after tax corporate income": 6477,
        "Volume": 7400000,
        "Close of Quarter": 9.4,
        "EPS": 2914,
        "Non-adjusted EPS": 2914,
        "PE": 3.2,
        "Book Price": 33
      }
    },
    {
      "quarter": "Q2 2013",
      "income status": {
        "Net sales": 106975,
        "Cost of goods sold": 94397,
        "Gross Profit": 12578,
        "Financial expenses": 2360,
        "Of which: Interest expense": 1935,
        "Cost of sales": "N/A",
        "Enterprise cost management": 7526,
        "Total Operating Expenses": 9886,
        "Total revenue financing activities": 138,
        "Net profit from business activities": 2831,
        "Profit": -1387,
        "Profit before tax": 1444,
        "Present corporate income tax expenses": 359,
        "Deferred income taxes expenses": "N/A",
        "The interests of minority shareholders": "N/A",
        "Total Cost of profits": 359,
        "Profit after tax corporate income": 1085,
        "Volume": 7400000,
        "Close of Quarter": 10.4,
        "EPS": 2757,
        "Non-adjusted EPS": 2757,
        "PE": 3.8,
        "Book Price": 32.2
      }
    },
    {
      "quarter": "Q1 2013",
      "income status": {
        "Net sales": 91426,
        "Cost of goods sold": 80842,
        "Gross Profit": 10584,
        "Financial expenses": 2527,
        "Of which: Interest expense": 2526,
        "Cost of sales": "N/A",
        "Enterprise cost management": 4002,
        "Total Operating Expenses": 6529,
        "Total revenue financing activities": 517,
        "Net profit from business activities": 4573,
        "Profit": -35,
        "Profit before tax": 4538,
        "Present corporate income tax expenses": 1142,
        "Deferred income taxes expenses": "N/A",
        "The interests of minority shareholders": "N/A",
        "Total Cost of profits": 1142,
        "Profit after tax corporate income": 3396,
        "Volume": 7400000,
        "Close of Quarter": 7.9,
        "EPS": 3466,
        "Non-adjusted EPS": 3466,
        "PE": 2.3,
        "Book Price": 32
      }
    },
    {
      "quarter": "Q4 2012",
      "income status": {
        "Net sales": 198582,
        "Cost of goods sold": 175689,
        "Gross Profit": 22893,
        "Financial expenses": 4848,
        "Of which: Interest expense": 5039,
        "Cost of sales": "N/A",
        "Enterprise cost management": 18463,
        "Total Operating Expenses": 23311,
        "Total revenue financing activities": 16047,
        "Net profit from business activities": 15628,
        "Profit": 490,
        "Profit before tax": 16118,
        "Present corporate income tax expenses": 5509,
        "Deferred income taxes expenses": "N/A",
        "The interests of minority shareholders": "N/A",
        "Total Cost of profits": 5509,
        "Profit after tax corporate income": 10609,
        "Volume": 7400000,
        "Close of Quarter": 9.4,
        "EPS": 4055,
        "Non-adjusted EPS": 4055,
        "PE": 2.3,
        "Book Price": 34.3
      }
    },
    {
      "quarter": "Q3 2012",
      "income status": {
        "Net sales": 109738,
        "Cost of goods sold": 95430,
        "Gross Profit": 14307,
        "Financial expenses": 3814,
        "Of which: Interest expense": 3814,
        "Cost of sales": "N/A",
        "Enterprise cost management": 3897,
        "Total Operating Expenses": 7711,
        "Total revenue financing activities": 288,
        "Net profit from business activities": 6884,
        "Profit": 195,
        "Profit before tax": 7078,
        "Present corporate income tax expenses": 1770,
        "Deferred income taxes expenses": "N/A",
        "The interests of minority shareholders": "N/A",
        "Total Cost of profits": 1770,
        "Profit after tax corporate income": 5309,
        "Volume": 7400000,
        "Close of Quarter": 9.4,
        "EPS": 7285,
        "Non-adjusted EPS": 7285,
        "PE": 1.3,
        "Book Price": 32.8
      }
    },
    {
      "quarter": "Q2 2012",
      "income status": {
        "Net sales": 104041,
        "Cost of goods sold": 85547,
        "Gross Profit": 18494,
        "Financial expenses": 3832,
        "Of which: Interest expense": 3376,
        "Cost of sales": "N/A",
        "Enterprise cost management": 8937,
        "Total Operating Expenses": 12769,
        "Total revenue financing activities": 2214,
        "Net profit from business activities": 7939,
        "Profit": 36,
        "Profit before tax": 7974,
        "Present corporate income tax expenses": 1639,
        "Deferred income taxes expenses": "N/A",
        "The interests of minority shareholders": "N/A",
        "Total Cost of profits": 1639,
        "Profit after tax corporate income": 6336,
        "Volume": 7400000,
        "Close of Quarter": 9.9,
        "EPS": 7673,
        "Non-adjusted EPS": 7673,
        "PE": 1.3,
        "Book Price": 32.1
      }
    },
    {
      "quarter": "Q1 2012",
      "income status": {
        "Net sales": 90639,
        "Cost of goods sold": 74568,
        "Gross Profit": 16071,
        "Financial expenses": 2814,
        "Of which: Interest expense": 2811,
        "Cost of sales": "N/A",
        "Enterprise cost management": 3949,
        "Total Operating Expenses": 6763,
        "Total revenue financing activities": 682,
        "Net profit from business activities": 9990,
        "Profit": 163,
        "Profit before tax": 10153,
        "Present corporate income tax expenses": 2401,
        "Deferred income taxes expenses": "N/A",
        "The interests of minority shareholders": "N/A",
        "Total Cost of profits": 2401,
        "Profit after tax corporate income": 7752,
        "Volume": 7400000,
        "Close of Quarter": 8.5,
        "EPS": 7981,
        "Non-adjusted EPS": 7981,
        "PE": 1.1,
        "Book Price": 31.3
      }
    },
    {
      "quarter": "Q4 2011",
      "income status": {
        "Net sales": 360574,
        "Cost of goods sold": 300205,
        "Gross Profit": 60369,
        "Financial expenses": 5296,
        "Of which: Interest expense": 2889,
        "Cost of sales": "N/A",
        "Enterprise cost management": 9877,
        "Total Operating Expenses": 15173,
        "Total revenue financing activities": 731,
        "Net profit from business activities": 45928,
        "Profit": 101,
        "Profit before tax": 46028,
        "Present corporate income tax expenses": 11519,
        "Deferred income taxes expenses": "N/A",
        "The interests of minority shareholders": "N/A",
        "Total Cost of profits": 11519,
        "Profit after tax corporate income": 34510,
        "Volume": 7400000,
        "Close of Quarter": 5.7,
        "EPS": 7925,
        "Non-adjusted EPS": 7925,
        "PE": 0.7,
        "Book Price": 33.7
      }
    },
    {
      "quarter": "Q3 2011",
      "income status": {
        "Net sales": 86412,
        "Cost of goods sold": 72776,
        "Gross Profit": 13636,
        "Financial expenses": 2544,
        "Of which: Interest expense": 2246,
        "Cost of sales": "N/A",
        "Enterprise cost management": 2695,
        "Total Operating Expenses": 5239,
        "Total revenue financing activities": 1476,
        "Net profit from business activities": 9873,
        "Profit": 873,
        "Profit before tax": 10745,
        "Present corporate income tax expenses": 2561,
        "Deferred income taxes expenses": "N/A",
        "The interests of minority shareholders": "N/A",
        "Total Cost of profits": 2561,
        "Profit after tax corporate income": 8184,
        "Volume": 7400000,
        "Close of Quarter": 9.5,
        "EPS": 7801,
        "Non-adjusted EPS": 7801,
        "PE": 1.2,
        "Book Price": 28.3
      }
    },
    {
      "quarter": "Q2 2011",
      "income status": {
        "Net sales": 83989,
        "Cost of goods sold": 69314,
        "Gross Profit": 14676,
        "Financial expenses": 5928,
        "Of which: Interest expense": "N/A",
        "Cost of sales": "N/A",
        "Enterprise cost management": 3484,
        "Total Operating Expenses": 9412,
        "Total revenue financing activities": 5224,
        "Net profit from business activities": 10487,
        "Profit": -25,
        "Profit before tax": 10462,
        "Present corporate income tax expenses": 1851,
        "Deferred income taxes expenses": "N/A",
        "The interests of minority shareholders": "N/A",
        "Total Cost of profits": 1851,
        "Profit after tax corporate income": 8611,
        "Volume": 7400000,
        "Close of Quarter": 11.9,
        "EPS": 8296,
        "Non-adjusted EPS": 8296,
        "PE": 1.4,
        "Book Price": 27.8
      }
    },
    {
      "quarter": "Q1 2011",
      "income status": {
        "Net sales": 96945,
        "Cost of goods sold": 82358,
        "Gross Profit": 14587,
        "Financial expenses": 4193,
        "Of which: Interest expense": 4193,
        "Cost of sales": "N/A",
        "Enterprise cost management": 3087,
        "Total Operating Expenses": 7280,
        "Total revenue financing activities": 2480,
        "Net profit from business activities": 9786,
        "Profit": 4,
        "Profit before tax": 9790,
        "Present corporate income tax expenses": 2448,
        "Deferred income taxes expenses": "N/A",
        "The interests of minority shareholders": "N/A",
        "Total Cost of profits": 2448,
        "Profit after tax corporate income": 7343,
        "Volume": 7400000,
        "Close of Quarter": 17.8,
        "EPS": 8074,
        "Non-adjusted EPS": 8074,
        "PE": 2.2,
        "Book Price": 26.7
      }
    }
  ]
}