{
  "ticker": "STP",
  "data": [
    {
      "quarter": "Q4 2016",
      "income status": {
        "Net sales": 60240,
        "Cost of goods sold": 52121,
        "Gross Profit": 8119,
        "Financial expenses": 2109,
        "Of which: Interest expense": 26,
        "Cost of sales": 1336,
        "Enterprise cost management": 8535,
        "Total Operating Expenses": 11980,
        "Total revenue financing activities": 2305,
        "Net profit from business activities": -1556,
        "Profit": -78,
        "Profit before tax": -1634,
        "Present corporate income tax expenses": -426,
        "Deferred income taxes expenses": "N/A",
        "The interests of minority shareholders": -189,
        "Total Cost of profits": -615,
        "Profit after tax corporate income": -1019,
        "Volume": 8022063,
        "Close of Quarter": 5.9,
        "EPS": 613,
        "Non-adjusted EPS": 613,
        "PE": 9.6,
        "Book Price": 18.9
      }
    },
    {
      "quarter": "Q3 2016",
      "income status": {
        "Net sales": 76394,
        "Cost of goods sold": 68432,
        "Gross Profit": 7962,
        "Financial expenses": 13,
        "Of which: Interest expense": 12,
        "Cost of sales": 1250,
        "Enterprise cost management": 3856,
        "Total Operating Expenses": 5119,
        "Total revenue financing activities": 118,
        "Net profit from business activities": 2963,
        "Profit": -227,
        "Profit before tax": 2736,
        "Present corporate income tax expenses": 752,
        "Deferred income taxes expenses": "N/A",
        "The interests of minority shareholders": -201,
        "Total Cost of profits": 551,
        "Profit after tax corporate income": 2185,
        "Volume": 6976319,
        "Close of Quarter": 5.3,
        "EPS": 1251.4,
        "Non-adjusted EPS": 1439,
        "PE": 3.7,
        "Book Price": 19.1
      }
    },
    {
      "quarter": "Q2 2016",
      "income status": {
        "Net sales": 77415,
        "Cost of goods sold": 67839,
        "Gross Profit": 9576,
        "Financial expenses": 160,
        "Of which: Interest expense": 99,
        "Cost of sales": 2040,
        "Enterprise cost management": 6434,
        "Total Operating Expenses": 8634,
        "Total revenue financing activities": 104,
        "Net profit from business activities": 1045,
        "Profit": 313,
        "Profit before tax": 1358,
        "Present corporate income tax expenses": 561,
        "Deferred income taxes expenses": "N/A",
        "The interests of minority shareholders": -319,
        "Total Cost of profits": 242,
        "Profit after tax corporate income": 1116,
        "Volume": 6976319,
        "Close of Quarter": 6.2,
        "EPS": 966.2,
        "Non-adjusted EPS": 1111,
        "PE": 5.6,
        "Book Price": 18.8
      }
    },
    {
      "quarter": "Q1 2016",
      "income status": {
        "Net sales": 69698,
        "Cost of goods sold": 60971,
        "Gross Profit": 8727,
        "Financial expenses": 94,
        "Of which: Interest expense": 7,
        "Cost of sales": 1755,
        "Enterprise cost management": 4392,
        "Total Operating Expenses": 6241,
        "Total revenue financing activities": 141,
        "Net profit from business activities": 2627,
        "Profit": 49,
        "Profit before tax": 2676,
        "Present corporate income tax expenses": 663,
        "Deferred income taxes expenses": "N/A",
        "The interests of minority shareholders": -624,
        "Total Cost of profits": 39,
        "Profit after tax corporate income": 2637,
        "Volume": 6976319,
        "Close of Quarter": 6.4,
        "EPS": 676.6,
        "Non-adjusted EPS": 778,
        "PE": 8.2,
        "Book Price": 18.7
      }
    },
    {
      "quarter": "Q4 2015",
      "income status": {
        "Net sales": 83753,
        "Cost of goods sold": 72270,
        "Gross Profit": 11482,
        "Financial expenses": 375,
        "Of which: Interest expense": 115,
        "Cost of sales": 4005,
        "Enterprise cost management": 2273,
        "Total Operating Expenses": 6653,
        "Total revenue financing activities": 144,
        "Net profit from business activities": 4972,
        "Profit": 181,
        "Profit before tax": 5153,
        "Present corporate income tax expenses": 1262,
        "Deferred income taxes expenses": "N/A",
        "The interests of minority shareholders": -206,
        "Total Cost of profits": 1056,
        "Profit after tax corporate income": 4098,
        "Volume": 6976319,
        "Close of Quarter": 5.7,
        "EPS": 734.0,
        "Non-adjusted EPS": 844,
        "PE": 6.8,
        "Book Price": 18.4
      }
    },
    {
      "quarter": "Q3 2015",
      "income status": {
        "Net sales": 51072,
        "Cost of goods sold": 45471,
        "Gross Profit": 5601,
        "Financial expenses": 546,
        "Of which: Interest expense": 122,
        "Cost of sales": 976,
        "Enterprise cost management": 2410,
        "Total Operating Expenses": 3932,
        "Total revenue financing activities": 166,
        "Net profit from business activities": 1834,
        "Profit": -2299,
        "Profit before tax": -465,
        "Present corporate income tax expenses": "N/A",
        "Deferred income taxes expenses": "N/A",
        "The interests of minority shareholders": -367,
        "Total Cost of profits": -367,
        "Profit after tax corporate income": -98,
        "Volume": 6066500,
        "Close of Quarter": 6.4,
        "EPS": -1171.4,
        "Non-adjusted EPS": -1549,
        "PE": -4.1,
        "Book Price": 18
      }
    },
    {
      "quarter": "Q2 2015",
      "income status": {
        "Net sales": 62155,
        "Cost of goods sold": 54205,
        "Gross Profit": 7950,
        "Financial expenses": 605,
        "Of which: Interest expense": 145,
        "Cost of sales": 1040,
        "Enterprise cost management": 7748,
        "Total Operating Expenses": 9393,
        "Total revenue financing activities": 354,
        "Net profit from business activities": -1088,
        "Profit": -965,
        "Profit before tax": -2053,
        "Present corporate income tax expenses": -576,
        "Deferred income taxes expenses": "N/A",
        "The interests of minority shareholders": -267,
        "Total Cost of profits": -843,
        "Profit after tax corporate income": -1210,
        "Volume": 6066500,
        "Close of Quarter": 7.2,
        "EPS": -1372.6,
        "Non-adjusted EPS": -1815,
        "PE": -4.0,
        "Book Price": 18
      }
    },
    {
      "quarter": "Q1 2015",
      "income status": {
        "Net sales": 47705,
        "Cost of goods sold": 42943,
        "Gross Profit": 4762,
        "Financial expenses": 129,
        "Of which: Interest expense": 55,
        "Cost of sales": 925,
        "Enterprise cost management": 926,
        "Total Operating Expenses": 1980,
        "Total revenue financing activities": 291,
        "Net profit from business activities": 3073,
        "Profit": 597,
        "Profit before tax": 3670,
        "Present corporate income tax expenses": 576,
        "Deferred income taxes expenses": "N/A",
        "The interests of minority shareholders": "N/A",
        "Total Cost of profits": 576,
        "Profit after tax corporate income": 3095,
        "Volume": 6066500,
        "Close of Quarter": 6.5,
        "EPS": -930.9,
        "Non-adjusted EPS": -1231,
        "PE": -5.3,
        "Book Price": 18.2
      }
    },
    {
      "quarter": "Q4 2014",
      "income status": {
        "Net sales": 70818,
        "Cost of goods sold": 60429,
        "Gross Profit": 10388,
        "Financial expenses": 1807,
        "Of which: Interest expense": 98,
        "Cost of sales": 8380,
        "Enterprise cost management": 14467,
        "Total Operating Expenses": 24654,
        "Total revenue financing activities": 400,
        "Net profit from business activities": -13866,
        "Profit": 695,
        "Profit before tax": -13171,
        "Present corporate income tax expenses": -1870,
        "Deferred income taxes expenses": "N/A",
        "The interests of minority shareholders": -118,
        "Total Cost of profits": -1988,
        "Profit after tax corporate income": -11183,
        "Volume": 6066500,
        "Close of Quarter": 7.7,
        "EPS": -1427.8,
        "Non-adjusted EPS": -1888,
        "PE": -4.1,
        "Book Price": 17.3
      }
    },
    {
      "quarter": "Q3 2014",
      "income status": {
        "Net sales": 89254,
        "Cost of goods sold": 83777,
        "Gross Profit": 5477,
        "Financial expenses": 3427,
        "Of which: Interest expense": 263,
        "Cost of sales": 1284,
        "Enterprise cost management": 1858,
        "Total Operating Expenses": 6569,
        "Total revenue financing activities": 283,
        "Net profit from business activities": -809,
        "Profit": -950,
        "Profit before tax": -1758,
        "Present corporate income tax expenses": "N/A",
        "Deferred income taxes expenses": "N/A",
        "The interests of minority shareholders": -46,
        "Total Cost of profits": -46,
        "Profit after tax corporate income": -1712,
        "Volume": 6066500,
        "Close of Quarter": 7.4,
        "EPS": 428.8,
        "Non-adjusted EPS": 567,
        "PE": 13.1,
        "Book Price": 18.7
      }
    },
    {
      "quarter": "Q2 2014",
      "income status": {
        "Net sales": 67285,
        "Cost of goods sold": 60946,
        "Gross Profit": 6339,
        "Financial expenses": 672,
        "Of which: Interest expense": 76,
        "Cost of sales": 1276,
        "Enterprise cost management": 2047,
        "Total Operating Expenses": 3995,
        "Total revenue financing activities": 260,
        "Net profit from business activities": 2604,
        "Profit": 241,
        "Profit before tax": 2845,
        "Present corporate income tax expenses": 502,
        "Deferred income taxes expenses": "N/A",
        "The interests of minority shareholders": 8,
        "Total Cost of profits": 510,
        "Profit after tax corporate income": 2335,
        "Volume": 7000000,
        "Close of Quarter": 6.9,
        "EPS": 833.3,
        "Non-adjusted EPS": 955,
        "PE": 7.2,
        "Book Price": 18.9
      }
    },
    {
      "quarter": "Q1 2014",
      "income status": {
        "Net sales": 84784,
        "Cost of goods sold": 76375,
        "Gross Profit": 8409,
        "Financial expenses": -423,
        "Of which: Interest expense": 34,
        "Cost of sales": 1400,
        "Enterprise cost management": 2203,
        "Total Operating Expenses": 3180,
        "Total revenue financing activities": 144,
        "Net profit from business activities": 5373,
        "Profit": 63,
        "Profit before tax": 5436,
        "Present corporate income tax expenses": 6328,
        "Deferred income taxes expenses": "N/A",
        "The interests of minority shareholders": "N/A",
        "Total Cost of profits": 6328,
        "Profit after tax corporate income": -892,
        "Volume": 7000000,
        "Close of Quarter": 7.3,
        "EPS": 692.8,
        "Non-adjusted EPS": 794,
        "PE": 9.2,
        "Book Price": 19.6
      }
    },
    {
      "quarter": "Q4 2013",
      "income status": {
        "Net sales": 97611,
        "Cost of goods sold": 90410,
        "Gross Profit": 7200,
        "Financial expenses": -1016,
        "Of which: Interest expense": 109,
        "Cost of sales": 1234,
        "Enterprise cost management": 3054,
        "Total Operating Expenses": 3272,
        "Total revenue financing activities": 1129,
        "Net profit from business activities": 5057,
        "Profit": -1485,
        "Profit before tax": 3572,
        "Present corporate income tax expenses": 784,
        "Deferred income taxes expenses": "N/A",
        "The interests of minority shareholders": -923,
        "Total Cost of profits": -139,
        "Profit after tax corporate income": 3711,
        "Volume": 7000000,
        "Close of Quarter": 6.3,
        "EPS": 904.0,
        "Non-adjusted EPS": 1036,
        "PE": 6.1,
        "Book Price": 18.7
      }
    },
    {
      "quarter": "Q3 2013",
      "income status": {
        "Net sales": 72215,
        "Cost of goods sold": 65684,
        "Gross Profit": 6532,
        "Financial expenses": 394,
        "Of which: Interest expense": 107,
        "Cost of sales": 1316,
        "Enterprise cost management": 2189,
        "Total Operating Expenses": 3899,
        "Total revenue financing activities": 371,
        "Net profit from business activities": 3004,
        "Profit": -779,
        "Profit before tax": 2225,
        "Present corporate income tax expenses": 813,
        "Deferred income taxes expenses": "N/A",
        "The interests of minority shareholders": -123,
        "Total Cost of profits": 690,
        "Profit after tax corporate income": 1534,
        "Volume": 7000000,
        "Close of Quarter": 5.3,
        "EPS": 449.4,
        "Non-adjusted EPS": 515,
        "PE": 10.2,
        "Book Price": 18.4
      }
    },
    {
      "quarter": "Q2 2013",
      "income status": {
        "Net sales": 68235,
        "Cost of goods sold": 63182,
        "Gross Profit": 5053,
        "Financial expenses": 1470,
        "Of which: Interest expense": 188,
        "Cost of sales": 1189,
        "Enterprise cost management": 2330,
        "Total Operating Expenses": 4989,
        "Total revenue financing activities": 910,
        "Net profit from business activities": 972,
        "Profit": 200,
        "Profit before tax": 1172,
        "Present corporate income tax expenses": 204,
        "Deferred income taxes expenses": "N/A",
        "The interests of minority shareholders": -235,
        "Total Cost of profits": -31,
        "Profit after tax corporate income": 1203,
        "Volume": 7000000,
        "Close of Quarter": 6.2,
        "EPS": 363,
        "Non-adjusted EPS": 416,
        "PE": 14.8,
        "Book Price": 18.2
      }
    },
    {
      "quarter": "Q1 2013",
      "income status": {
        "Net sales": 48550,
        "Cost of goods sold": 44633,
        "Gross Profit": 3917,
        "Financial expenses": 303,
        "Of which: Interest expense": 82,
        "Cost of sales": 1337,
        "Enterprise cost management": 1945,
        "Total Operating Expenses": 3585,
        "Total revenue financing activities": 672,
        "Net profit from business activities": 1004,
        "Profit": -14,
        "Profit before tax": 990,
        "Present corporate income tax expenses": 389,
        "Deferred income taxes expenses": "N/A",
        "The interests of minority shareholders": -204,
        "Total Cost of profits": 185,
        "Profit after tax corporate income": 805,
        "Volume": 7000000,
        "Close of Quarter": 5.6,
        "EPS": 666.7,
        "Non-adjusted EPS": 764,
        "PE": 7.3,
        "Book Price": 19.6
      }
    },
    {
      "quarter": "Q4 2012",
      "income status": {
        "Net sales": 38972,
        "Cost of goods sold": 34016,
        "Gross Profit": 4956,
        "Financial expenses": 4278,
        "Of which: Interest expense": 155,
        "Cost of sales": 1025,
        "Enterprise cost management": 1907,
        "Total Operating Expenses": 7210,
        "Total revenue financing activities": 2704,
        "Net profit from business activities": 450,
        "Profit": -207,
        "Profit before tax": 243,
        "Present corporate income tax expenses": -53,
        "Deferred income taxes expenses": "N/A",
        "The interests of minority shareholders": 236,
        "Total Cost of profits": 183,
        "Profit after tax corporate income": 60,
        "Volume": 7000000,
        "Close of Quarter": 5.8,
        "EPS": 1120.4,
        "Non-adjusted EPS": 1284,
        "PE": 4.5,
        "Book Price": 19.4
      }
    },
    {
      "quarter": "Q3 2012",
      "income status": {
        "Net sales": 55523,
        "Cost of goods sold": 50497,
        "Gross Profit": 5025,
        "Financial expenses": 2720,
        "Of which: Interest expense": 170,
        "Cost of sales": 566,
        "Enterprise cost management": 1969,
        "Total Operating Expenses": 5255,
        "Total revenue financing activities": 913,
        "Net profit from business activities": 684,
        "Profit": -26,
        "Profit before tax": 658,
        "Present corporate income tax expenses": -29,
        "Deferred income taxes expenses": "N/A",
        "The interests of minority shareholders": -159,
        "Total Cost of profits": -188,
        "Profit after tax corporate income": 846,
        "Volume": 7000000,
        "Close of Quarter": 5.7,
        "EPS": 1264.4,
        "Non-adjusted EPS": 1449,
        "PE": 3.9,
        "Book Price": 19.3
      }
    },
    {
      "quarter": "Q2 2012",
      "income status": {
        "Net sales": 46955,
        "Cost of goods sold": 41159,
        "Gross Profit": 5796,
        "Financial expenses": -715,
        "Of which: Interest expense": 121,
        "Cost of sales": 769,
        "Enterprise cost management": 2540,
        "Total Operating Expenses": 2594,
        "Total revenue financing activities": 716,
        "Net profit from business activities": 3918,
        "Profit": 461,
        "Profit before tax": 4379,
        "Present corporate income tax expenses": 686,
        "Deferred income taxes expenses": "N/A",
        "The interests of minority shareholders": 55,
        "Total Cost of profits": 741,
        "Profit after tax corporate income": 3638,
        "Volume": 7000000,
        "Close of Quarter": 6.7,
        "EPS": 1786.2,
        "Non-adjusted EPS": 2047,
        "PE": 3.3,
        "Book Price": 19.2
      }
    },
    {
      "quarter": "Q1 2012",
      "income status": {
        "Net sales": 34287,
        "Cost of goods sold": 30001,
        "Gross Profit": 4285,
        "Financial expenses": -1952,
        "Of which: Interest expense": 30,
        "Cost of sales": 312,
        "Enterprise cost management": 1537,
        "Total Operating Expenses": -103,
        "Total revenue financing activities": 1162,
        "Net profit from business activities": 5550,
        "Profit": 148,
        "Profit before tax": 5697,
        "Present corporate income tax expenses": 1255,
        "Deferred income taxes expenses": "N/A",
        "The interests of minority shareholders": 1,
        "Total Cost of profits": 1256,
        "Profit after tax corporate income": 4442,
        "Volume": 7000000,
        "Close of Quarter": 6.5,
        "EPS": 1781.8,
        "Non-adjusted EPS": 2042,
        "PE": 3.2,
        "Book Price": 20.2
      }
    },
    {
      "quarter": "Q4 2011",
      "income status": {
        "Net sales": 36583,
        "Cost of goods sold": 31009,
        "Gross Profit": 5574,
        "Financial expenses": 4242,
        "Of which: Interest expense": 53,
        "Cost of sales": 1111,
        "Enterprise cost management": 1126,
        "Total Operating Expenses": 6479,
        "Total revenue financing activities": 899,
        "Net profit from business activities": -6,
        "Profit": 1331,
        "Profit before tax": 1325,
        "Present corporate income tax expenses": 137,
        "Deferred income taxes expenses": "N/A",
        "The interests of minority shareholders": -33,
        "Total Cost of profits": 104,
        "Profit after tax corporate income": 1220,
        "Volume": 7000000,
        "Close of Quarter": 4.8,
        "EPS": 1884.8,
        "Non-adjusted EPS": 2160,
        "PE": 2.2,
        "Book Price": 19.6
      }
    },
    {
      "quarter": "Q3 2011",
      "income status": {
        "Net sales": 59545,
        "Cost of goods sold": 53838,
        "Gross Profit": 5707,
        "Financial expenses": 205,
        "Of which: Interest expense": 22,
        "Cost of sales": 530,
        "Enterprise cost management": 1798,
        "Total Operating Expenses": 2533,
        "Total revenue financing activities": 1289,
        "Net profit from business activities": 4463,
        "Profit": 716,
        "Profit before tax": 5179,
        "Present corporate income tax expenses": 148,
        "Deferred income taxes expenses": "N/A",
        "The interests of minority shareholders": "N/A",
        "Total Cost of profits": 148,
        "Profit after tax corporate income": 5031,
        "Volume": 7000000,
        "Close of Quarter": 8.5,
        "EPS": 2522.7,
        "Non-adjusted EPS": 2891,
        "PE": 3.0,
        "Book Price": 19.5
      }
    },
    {
      "quarter": "Q2 2011",
      "income status": {
        "Net sales": 86593,
        "Cost of goods sold": 76469,
        "Gross Profit": 10124,
        "Financial expenses": 5560,
        "Of which: Interest expense": 19,
        "Cost of sales": 899,
        "Enterprise cost management": 1929,
        "Total Operating Expenses": 8388,
        "Total revenue financing activities": 2707,
        "Net profit from business activities": 4444,
        "Profit": -21,
        "Profit before tax": 4423,
        "Present corporate income tax expenses": 832,
        "Deferred income taxes expenses": "N/A",
        "The interests of minority shareholders": -10,
        "Total Cost of profits": 822,
        "Profit after tax corporate income": 3601,
        "Volume": 7000000,
        "Close of Quarter": 8.5,
        "EPS": 2685.0,
        "Non-adjusted EPS": 3077,
        "PE": 2.8,
        "Book Price": 19.1
      }
    },
    {
      "quarter": "Q1 2011",
      "income status": {
        "Net sales": 57385,
        "Cost of goods sold": 49152,
        "Gross Profit": 8232,
        "Financial expenses": 1221,
        "Of which: Interest expense": 66,
        "Cost of sales": 413,
        "Enterprise cost management": 1904,
        "Total Operating Expenses": 3538,
        "Total revenue financing activities": 1922,
        "Net profit from business activities": 6617,
        "Profit": 146,
        "Profit before tax": 6763,
        "Present corporate income tax expenses": 1493,
        "Deferred income taxes expenses": "N/A",
        "The interests of minority shareholders": "N/A",
        "Total Cost of profits": 1493,
        "Profit after tax corporate income": 5270,
        "Volume": 7000000,
        "Close of Quarter": 12.8,
        "EPS": 3548.8,
        "Non-adjusted EPS": 4067,
        "PE": 3.1,
        "Book Price": 20.2
      }
    }
  ]
}