{
  "ticker": "BTT",
  "data": [
    {
      "quarter": "Q4 2016",
      "income status": {
        "Net sales": 87111,
        "Cost of goods sold": 62667,
        "Gross Profit": 24444,
        "Financial expenses": 382,
        "Of which: Interest expense": 292,
        "Cost of sales": 10610,
        "Enterprise cost management": 6514,
        "Total Operating Expenses": 17506,
        "Total revenue financing activities": 1146,
        "Net profit from business activities": 6086,
        "Profit": 494,
        "Profit before tax": 6581,
        "Present corporate income tax expenses": 2030,
        "Deferred income taxes expenses": -749,
        "The interests of minority shareholders": 92,
        "Total Cost of profits": 1373,
        "Profit after tax corporate income": 5207,
        "Volume": 10600000,
        "Close of Quarter": 34.5,
        "EPS": 2904,
        "Non-adjusted EPS": 2904,
        "PE": 11.9,
        "Book Price": 27.5
      }
    },
    {
      "quarter": "Q3 2016",
      "income status": {
        "Net sales": 82814,
        "Cost of goods sold": 59823,
        "Gross Profit": 22991,
        "Financial expenses": 308,
        "Of which: Interest expense": 305,
        "Cost of sales": 8672,
        "Enterprise cost management": 5622,
        "Total Operating Expenses": 14602,
        "Total revenue financing activities": 1096,
        "Net profit from business activities": 8933,
        "Profit": 129,
        "Profit before tax": 9062,
        "Present corporate income tax expenses": 1842,
        "Deferred income taxes expenses": "N/A",
        "The interests of minority shareholders": 90,
        "Total Cost of profits": 1932,
        "Profit after tax corporate income": 7130,
        "Volume": 10600000,
        "Close of Quarter": 36.1,
        "EPS": 2961,
        "Non-adjusted EPS": 2961,
        "PE": 12.2,
        "Book Price": 27
      }
    },
    {
      "quarter": "Q2 2016",
      "income status": {
        "Net sales": 106499,
        "Cost of goods sold": 82697,
        "Gross Profit": 23802,
        "Financial expenses": 80,
        "Of which: Interest expense": 21,
        "Cost of sales": 4428,
        "Enterprise cost management": 4709,
        "Total Operating Expenses": 9217,
        "Total revenue financing activities": 1141,
        "Net profit from business activities": 14430,
        "Profit": 423,
        "Profit before tax": 14853,
        "Present corporate income tax expenses": 2976,
        "Deferred income taxes expenses": "N/A",
        "The interests of minority shareholders": 91,
        "Total Cost of profits": 3067,
        "Profit after tax corporate income": 11786,
        "Volume": 10600000,
        "Close of Quarter": 38,
        "EPS": 2993,
        "Non-adjusted EPS": 2993,
        "PE": 12.7,
        "Book Price": 26.3
      }
    },
    {
      "quarter": "Q1 2016",
      "income status": {
        "Net sales": 89284,
        "Cost of goods sold": 66347,
        "Gross Profit": 22936,
        "Financial expenses": 9,
        "Of which: Interest expense": "N/A",
        "Cost of sales": 8683,
        "Enterprise cost management": 5616,
        "Total Operating Expenses": 14308,
        "Total revenue financing activities": 1093,
        "Net profit from business activities": 8485,
        "Profit": 28,
        "Profit before tax": 8513,
        "Present corporate income tax expenses": 1772,
        "Deferred income taxes expenses": "N/A",
        "The interests of minority shareholders": 85,
        "Total Cost of profits": 1857,
        "Profit after tax corporate income": 6656,
        "Volume": 10600000,
        "Close of Quarter": 39.6,
        "EPS": 3510,
        "Non-adjusted EPS": 3510,
        "PE": 11.3,
        "Book Price": 26.9
      }
    },
    {
      "quarter": "Q4 2015",
      "income status": {
        "Net sales": 88765,
        "Cost of goods sold": 65610,
        "Gross Profit": 23155,
        "Financial expenses": 29,
        "Of which: Interest expense": "N/A",
        "Cost of sales": 7883,
        "Enterprise cost management": 6265,
        "Total Operating Expenses": 14177,
        "Total revenue financing activities": 1212,
        "Net profit from business activities": 9238,
        "Profit": -1411,
        "Profit before tax": 7826,
        "Present corporate income tax expenses": 1909,
        "Deferred income taxes expenses": "N/A",
        "The interests of minority shareholders": 104,
        "Total Cost of profits": 2013,
        "Profit after tax corporate income": 5813,
        "Volume": 10600000,
        "Close of Quarter": 40.0,
        "EPS": 3572,
        "Non-adjusted EPS": 3572,
        "PE": 11.2,
        "Book Price": 27
      }
    },
    {
      "quarter": "Q3 2015",
      "income status": {
        "Net sales": 80129,
        "Cost of goods sold": 58409,
        "Gross Profit": 21720,
        "Financial expenses": 126,
        "Of which: Interest expense": "N/A",
        "Cost of sales": 8705,
        "Enterprise cost management": 5158,
        "Total Operating Expenses": 13989,
        "Total revenue financing activities": 1330,
        "Net profit from business activities": 9523,
        "Profit": 31,
        "Profit before tax": 9554,
        "Present corporate income tax expenses": 1976,
        "Deferred income taxes expenses": "N/A",
        "The interests of minority shareholders": 106,
        "Total Cost of profits": 2082,
        "Profit after tax corporate income": 7472,
        "Volume": 10600000,
        "Close of Quarter": 31.5,
        "EPS": 4218,
        "Non-adjusted EPS": 4218,
        "PE": 7.5,
        "Book Price": 26.4
      }
    },
    {
      "quarter": "Q2 2015",
      "income status": {
        "Net sales": 92971,
        "Cost of goods sold": 71717,
        "Gross Profit": 21254,
        "Financial expenses": -1040,
        "Of which: Interest expense": "N/A",
        "Cost of sales": 11366,
        "Enterprise cost management": 5954,
        "Total Operating Expenses": 16280,
        "Total revenue financing activities": 4083,
        "Net profit from business activities": 9265,
        "Profit": 13114,
        "Profit before tax": 22379,
        "Present corporate income tax expenses": 5013,
        "Deferred income taxes expenses": "N/A",
        "The interests of minority shareholders": 105,
        "Total Cost of profits": 5118,
        "Profit after tax corporate income": 17261,
        "Volume": 10600000,
        "Close of Quarter": 34.0,
        "EPS": 4385,
        "Non-adjusted EPS": 4385,
        "PE": 7.8,
        "Book Price": 26.5
      }
    },
    {
      "quarter": "Q1 2015",
      "income status": {
        "Net sales": 71997,
        "Cost of goods sold": 49385,
        "Gross Profit": 22611,
        "Financial expenses": 5,
        "Of which: Interest expense": "N/A",
        "Cost of sales": 8765,
        "Enterprise cost management": 5770,
        "Total Operating Expenses": 14540,
        "Total revenue financing activities": 887,
        "Net profit from business activities": 9332,
        "Profit": 48,
        "Profit before tax": 9380,
        "Present corporate income tax expenses": 1962,
        "Deferred income taxes expenses": "N/A",
        "The interests of minority shareholders": 99,
        "Total Cost of profits": 2061,
        "Profit after tax corporate income": 7318,
        "Volume": 10600000,
        "Close of Quarter": 37.6,
        "EPS": 3570,
        "Non-adjusted EPS": 3570,
        "PE": 10.5,
        "Book Price": 25.6
      }
    },
    {
      "quarter": "Q4 2014",
      "income status": {
        "Net sales": 86427,
        "Cost of goods sold": 62454,
        "Gross Profit": 23973,
        "Financial expenses": 294,
        "Of which: Interest expense": "N/A",
        "Cost of sales": 4483,
        "Enterprise cost management": 4798,
        "Total Operating Expenses": 9575,
        "Total revenue financing activities": 1029,
        "Net profit from business activities": 16366,
        "Profit": -221,
        "Profit before tax": 16145,
        "Present corporate income tax expenses": 3336,
        "Deferred income taxes expenses": "N/A",
        "The interests of minority shareholders": 151,
        "Total Cost of profits": 3487,
        "Profit after tax corporate income": 12658,
        "Volume": 10600000,
        "Close of Quarter": 34.8,
        "EPS": 3614,
        "Non-adjusted EPS": 3614,
        "PE": 9.6,
        "Book Price": 25.6
      }
    },
    {
      "quarter": "Q3 2014",
      "income status": {
        "Net sales": 76396,
        "Cost of goods sold": 53244,
        "Gross Profit": 23153,
        "Financial expenses": 36,
        "Of which: Interest expense": "N/A",
        "Cost of sales": 8697,
        "Enterprise cost management": 3974,
        "Total Operating Expenses": 12707,
        "Total revenue financing activities": 1241,
        "Net profit from business activities": 11847,
        "Profit": 144,
        "Profit before tax": 11991,
        "Present corporate income tax expenses": 2597,
        "Deferred income taxes expenses": "N/A",
        "The interests of minority shareholders": 152,
        "Total Cost of profits": 2749,
        "Profit after tax corporate income": 9242,
        "Volume": 10600000,
        "Close of Quarter": 33.7,
        "EPS": 3990,
        "Non-adjusted EPS": 3990,
        "PE": 8.4,
        "Book Price": 25.2
      }
    },
    {
      "quarter": "Q2 2014",
      "income status": {
        "Net sales": 88977,
        "Cost of goods sold": 65461,
        "Gross Profit": 23515,
        "Financial expenses": 9,
        "Of which: Interest expense": "N/A",
        "Cost of sales": 10139,
        "Enterprise cost management": 5142,
        "Total Operating Expenses": 15290,
        "Total revenue financing activities": 2408,
        "Net profit from business activities": 10939,
        "Profit": 4,
        "Profit before tax": 10943,
        "Present corporate income tax expenses": 2292,
        "Deferred income taxes expenses": "N/A",
        "The interests of minority shareholders": 26,
        "Total Cost of profits": 2318,
        "Profit after tax corporate income": 8625,
        "Volume": 10600000,
        "Close of Quarter": 30.0,
        "EPS": 3948,
        "Non-adjusted EPS": 3948,
        "PE": 7.6,
        "Book Price": 25.3
      }
    },
    {
      "quarter": "Q1 2014",
      "income status": {
        "Net sales": 77441,
        "Cost of goods sold": 53268,
        "Gross Profit": 24173,
        "Financial expenses": 7,
        "Of which: Interest expense": "N/A",
        "Cost of sales": 10644,
        "Enterprise cost management": 4702,
        "Total Operating Expenses": 15353,
        "Total revenue financing activities": 1308,
        "Net profit from business activities": 8872,
        "Profit": 1532,
        "Profit before tax": 10404,
        "Present corporate income tax expenses": 2561,
        "Deferred income taxes expenses": "N/A",
        "The interests of minority shareholders": 56,
        "Total Cost of profits": 2617,
        "Profit after tax corporate income": 7787,
        "Volume": 10600000,
        "Close of Quarter": 29.0,
        "EPS": 4578,
        "Non-adjusted EPS": 4578,
        "PE": 6.3,
        "Book Price": 25.5
      }
    },
    {
      "quarter": "Q4 2013",
      "income status": {
        "Net sales": 89696,
        "Cost of goods sold": 59260,
        "Gross Profit": 30436,
        "Financial expenses": 4,
        "Of which: Interest expense": "N/A",
        "Cost of sales": 7061,
        "Enterprise cost management": 4333,
        "Total Operating Expenses": 11398,
        "Total revenue financing activities": 1556,
        "Net profit from business activities": 20594,
        "Profit": 334,
        "Profit before tax": 22087,
        "Present corporate income tax expenses": 5170,
        "Deferred income taxes expenses": "N/A",
        "The interests of minority shareholders": 278,
        "Total Cost of profits": 5448,
        "Profit after tax corporate income": 16640,
        "Volume": 10600000,
        "Close of Quarter": 25,
        "EPS": 4433,
        "Non-adjusted EPS": 4433,
        "PE": 5.6,
        "Book Price": 25.4
      }
    },
    {
      "quarter": "Q3 2013",
      "income status": {
        "Net sales": 83085,
        "Cost of goods sold": 61461,
        "Gross Profit": 21624,
        "Financial expenses": 11,
        "Of which: Interest expense": "N/A",
        "Cost of sales": 6976,
        "Enterprise cost management": 4540,
        "Total Operating Expenses": 11527,
        "Total revenue financing activities": 1683,
        "Net profit from business activities": 11779,
        "Profit": 449,
        "Profit before tax": 11912,
        "Present corporate income tax expenses": 2996,
        "Deferred income taxes expenses": "N/A",
        "The interests of minority shareholders": 123,
        "Total Cost of profits": 3119,
        "Profit after tax corporate income": 8793,
        "Volume": 10600000,
        "Close of Quarter": 22.2,
        "EPS": 3767,
        "Non-adjusted EPS": 3767,
        "PE": 5.9,
        "Book Price": 25
      }
    },
    {
      "quarter": "Q2 2013",
      "income status": {
        "Net sales": 81998,
        "Cost of goods sold": 58963,
        "Gross Profit": 23035,
        "Financial expenses": -12854,
        "Of which: Interest expense": "N/A",
        "Cost of sales": 16284,
        "Enterprise cost management": 6163,
        "Total Operating Expenses": 9593,
        "Total revenue financing activities": 5931,
        "Net profit from business activities": 19374,
        "Profit": 645,
        "Profit before tax": 20250,
        "Present corporate income tax expenses": 4873,
        "Deferred income taxes expenses": "N/A",
        "The interests of minority shareholders": 73,
        "Total Cost of profits": 4946,
        "Profit after tax corporate income": 15305,
        "Volume": 10600000,
        "Close of Quarter": 19.6,
        "EPS": 3718,
        "Non-adjusted EPS": 3718,
        "PE": 5.3,
        "Book Price": 25.2
      }
    },
    {
      "quarter": "Q1 2013",
      "income status": {
        "Net sales": 83587,
        "Cost of goods sold": 62082,
        "Gross Profit": 21505,
        "Financial expenses": "N/A",
        "Of which: Interest expense": "N/A",
        "Cost of sales": 9281,
        "Enterprise cost management": 5490,
        "Total Operating Expenses": 14771,
        "Total revenue financing activities": 1760,
        "Net profit from business activities": 8493,
        "Profit": 448,
        "Profit before tax": 8617,
        "Present corporate income tax expenses": 2363,
        "Deferred income taxes expenses": "N/A",
        "The interests of minority shareholders": "N/A",
        "Total Cost of profits": 2363,
        "Profit after tax corporate income": 6255,
        "Volume": 10600000,
        "Close of Quarter": 19.5,
        "EPS": 3063,
        "Non-adjusted EPS": 3063,
        "PE": 6.4,
        "Book Price": 24.6
      }
    },
    {
      "quarter": "Q4 2012",
      "income status": {
        "Net sales": 85489,
        "Cost of goods sold": 61561,
        "Gross Profit": 23928,
        "Financial expenses": 510,
        "Of which: Interest expense": "N/A",
        "Cost of sales": 8216,
        "Enterprise cost management": 6124,
        "Total Operating Expenses": 14850,
        "Total revenue financing activities": 3250,
        "Net profit from business activities": 12328,
        "Profit": 603,
        "Profit before tax": 13078,
        "Present corporate income tax expenses": 3386,
        "Deferred income taxes expenses": "N/A",
        "The interests of minority shareholders": 110,
        "Total Cost of profits": 3496,
        "Profit after tax corporate income": 9582,
        "Volume": 8800000,
        "Close of Quarter": 15.6,
        "EPS": 3343.2,
        "Non-adjusted EPS": 4027,
        "PE": 3.9,
        "Book Price": 25.5
      }
    },
    {
      "quarter": "Q3 2012",
      "income status": {
        "Net sales": 73366,
        "Cost of goods sold": 50784,
        "Gross Profit": 22582,
        "Financial expenses": 400,
        "Of which: Interest expense": "N/A",
        "Cost of sales": 7989,
        "Enterprise cost management": 5144,
        "Total Operating Expenses": 13533,
        "Total revenue financing activities": 2411,
        "Net profit from business activities": 11460,
        "Profit": 3,
        "Profit before tax": 11228,
        "Present corporate income tax expenses": 2876,
        "Deferred income taxes expenses": "N/A",
        "The interests of minority shareholders": 80,
        "Total Cost of profits": 2956,
        "Profit after tax corporate income": 8272,
        "Volume": 8800000,
        "Close of Quarter": 13.4,
        "EPS": 3313.3,
        "Non-adjusted EPS": 3991,
        "PE": 3.4,
        "Book Price": 24.2
      }
    },
    {
      "quarter": "Q2 2012",
      "income status": {
        "Net sales": 82423,
        "Cost of goods sold": 57963,
        "Gross Profit": 24460,
        "Financial expenses": 577,
        "Of which: Interest expense": 75,
        "Cost of sales": 12109,
        "Enterprise cost management": 3827,
        "Total Operating Expenses": 16513,
        "Total revenue financing activities": 3252,
        "Net profit from business activities": 11200,
        "Profit": 164,
        "Profit before tax": 11334,
        "Present corporate income tax expenses": 2839,
        "Deferred income taxes expenses": "N/A",
        "The interests of minority shareholders": 141,
        "Total Cost of profits": 2980,
        "Profit after tax corporate income": 8354,
        "Volume": 8800000,
        "Close of Quarter": 12.8,
        "EPS": 3409.6,
        "Non-adjusted EPS": 4107,
        "PE": 3.1,
        "Book Price": 24.2
      }
    },
    {
      "quarter": "Q1 2012",
      "income status": {
        "Net sales": 83899,
        "Cost of goods sold": 59696,
        "Gross Profit": 24203,
        "Financial expenses": 41,
        "Of which: Interest expense": 155,
        "Cost of sales": 11228,
        "Enterprise cost management": 6418,
        "Total Operating Expenses": 17687,
        "Total revenue financing activities": 5434,
        "Net profit from business activities": 11949,
        "Profit": 2,
        "Profit before tax": 11980,
        "Present corporate income tax expenses": 2597,
        "Deferred income taxes expenses": "N/A",
        "The interests of minority shareholders": 154,
        "Total Cost of profits": 2751,
        "Profit after tax corporate income": 9229,
        "Volume": 8800000,
        "Close of Quarter": 12.1,
        "EPS": 3431.2,
        "Non-adjusted EPS": 4133,
        "PE": 2.9,
        "Book Price": 24.5
      }
    },
    {
      "quarter": "Q4 2011",
      "income status": {
        "Net sales": 83853,
        "Cost of goods sold": 57698,
        "Gross Profit": 26155,
        "Financial expenses": 5579,
        "Of which: Interest expense": 156,
        "Cost of sales": 7305,
        "Enterprise cost management": 4540,
        "Total Operating Expenses": 17424,
        "Total revenue financing activities": 3574,
        "Net profit from business activities": 12305,
        "Profit": 62,
        "Profit before tax": 45668,
        "Present corporate income tax expenses": 3067,
        "Deferred income taxes expenses": "N/A",
        "The interests of minority shareholders": 211,
        "Total Cost of profits": 3278,
        "Profit after tax corporate income": 9270,
        "Volume": 8800000,
        "Close of Quarter": 9.4,
        "EPS": 3182.1,
        "Non-adjusted EPS": 3833,
        "PE": 2.5,
        "Book Price": 24.7
      }
    },
    {
      "quarter": "Q3 2011",
      "income status": {
        "Net sales": 71501,
        "Cost of goods sold": 47560,
        "Gross Profit": 23941,
        "Financial expenses": 18,
        "Of which: Interest expense": 180,
        "Cost of sales": 10569,
        "Enterprise cost management": 4936,
        "Total Operating Expenses": 15523,
        "Total revenue financing activities": 4040,
        "Net profit from business activities": 12458,
        "Profit": 8,
        "Profit before tax": 12573,
        "Present corporate income tax expenses": 3131,
        "Deferred income taxes expenses": "N/A",
        "The interests of minority shareholders": 150,
        "Total Cost of profits": 3281,
        "Profit after tax corporate income": 9292,
        "Volume": 8800000,
        "Close of Quarter": 10.7,
        "EPS": 3143.9,
        "Non-adjusted EPS": 3787,
        "PE": 2.8,
        "Book Price": 23.9
      }
    },
    {
      "quarter": "Q2 2011",
      "income status": {
        "Net sales": 73303,
        "Cost of goods sold": 48597,
        "Gross Profit": 24706,
        "Financial expenses": 4292,
        "Of which: Interest expense": 247,
        "Cost of sales": 7900,
        "Enterprise cost management": 5052,
        "Total Operating Expenses": 17244,
        "Total revenue financing activities": 3844,
        "Net profit from business activities": 11307,
        "Profit": 209,
        "Profit before tax": 11599,
        "Present corporate income tax expenses": 2873,
        "Deferred income taxes expenses": "N/A",
        "The interests of minority shareholders": 148,
        "Total Cost of profits": 3021,
        "Profit after tax corporate income": 8578,
        "Volume": 8800000,
        "Close of Quarter": 10.0,
        "EPS": 3076.7,
        "Non-adjusted EPS": 3706,
        "PE": 2.7,
        "Book Price": 23.9
      }
    },
    {
      "quarter": "Q1 2011",
      "income status": {
        "Net sales": 82477,
        "Cost of goods sold": 56883,
        "Gross Profit": 25594,
        "Financial expenses": 4265,
        "Of which: Interest expense": 202,
        "Cost of sales": 9423,
        "Enterprise cost management": 5282,
        "Total Operating Expenses": 18970,
        "Total revenue financing activities": 2201,
        "Net profit from business activities": 8825,
        "Profit": 29,
        "Profit before tax": 8948,
        "Present corporate income tax expenses": 2214,
        "Deferred income taxes expenses": "N/A",
        "The interests of minority shareholders": 143,
        "Total Cost of profits": 2357,
        "Profit after tax corporate income": 6591,
        "Volume": 8800000,
        "Close of Quarter": 10.7,
        "EPS": 3060.1,
        "Non-adjusted EPS": 3686,
        "PE": 2.9,
        "Book Price": 24.5
      }
    }
  ]
}