{
  "ticker": "SDK",
  "data": [
    {
      "quarter": "Q3 2016",
      "income status": {
        "Net sales": 49209,
        "Cost of goods sold": 41408,
        "Gross Profit": 7801,
        "Financial expenses": 194,
        "Of which: Interest expense": "N/A",
        "Cost of sales": 292,
        "Enterprise cost management": 4273,
        "Total Operating Expenses": 4759,
        "Total revenue financing activities": 57,
        "Net profit from business activities": 3099,
        "Profit": -27,
        "Profit before tax": 3071,
        "Present corporate income tax expenses": 226,
        "Deferred income taxes expenses": "N/A",
        "The interests of minority shareholders": "N/A",
        "Total Cost of profits": 226,
        "Profit after tax corporate income": 2845,
        "Volume": 2600000,
        "Close of Quarter": 25.4,
        "EPS": 5922,
        "Non-adjusted EPS": 5922,
        "PE": 4.3,
        "Book Price": 19.2
      }
    },
    {
      "quarter": "Q2 2016",
      "income status": {
        "Net sales": 45613,
        "Cost of goods sold": 35213,
        "Gross Profit": 10400,
        "Financial expenses": 150,
        "Of which: Interest expense": 227,
        "Cost of sales": 201,
        "Enterprise cost management": 4252,
        "Total Operating Expenses": 4603,
        "Total revenue financing activities": 45,
        "Net profit from business activities": 5843,
        "Profit": 1,
        "Profit before tax": 5844,
        "Present corporate income tax expenses": 439,
        "Deferred income taxes expenses": "N/A",
        "The interests of minority shareholders": "N/A",
        "Total Cost of profits": 439,
        "Profit after tax corporate income": 5405,
        "Volume": 2600000,
        "Close of Quarter": 24.5,
        "EPS": 6808,
        "Non-adjusted EPS": 6808,
        "PE": 3.6,
        "Book Price": 18.1
      }
    },
    {
      "quarter": "Q1 2016",
      "income status": {
        "Net sales": 32127,
        "Cost of goods sold": 25514,
        "Gross Profit": 6613,
        "Financial expenses": 173,
        "Of which: Interest expense": "N/A",
        "Cost of sales": 163,
        "Enterprise cost management": 3325,
        "Total Operating Expenses": 3661,
        "Total revenue financing activities": 77,
        "Net profit from business activities": 3029,
        "Profit": 56,
        "Profit before tax": 3085,
        "Present corporate income tax expenses": 240,
        "Deferred income taxes expenses": "N/A",
        "The interests of minority shareholders": "N/A",
        "Total Cost of profits": 240,
        "Profit after tax corporate income": 2846,
        "Volume": 2600000,
        "Close of Quarter": 19.7,
        "EPS": 5917,
        "Non-adjusted EPS": 5917,
        "PE": 3.3,
        "Book Price": 16
      }
    },
    {
      "quarter": "Q3 2015",
      "income status": {
        "Net sales": 53487,
        "Cost of goods sold": 43732,
        "Gross Profit": 9756,
        "Financial expenses": 556,
        "Of which: Interest expense": 116,
        "Cost of sales": 248,
        "Enterprise cost management": 4647,
        "Total Operating Expenses": 5451,
        "Total revenue financing activities": 265,
        "Net profit from business activities": 4571,
        "Profit": 92,
        "Profit before tax": 4663,
        "Present corporate income tax expenses": 363,
        "Deferred income taxes expenses": "N/A",
        "The interests of minority shareholders": "N/A",
        "Total Cost of profits": 363,
        "Profit after tax corporate income": 4300,
        "Volume": 2600000,
        "Close of Quarter": 17.5,
        "EPS": 5944,
        "Non-adjusted EPS": 5944,
        "PE": 3.0,
        "Book Price": 18.2
      }
    },
    {
      "quarter": "Q2 2015",
      "income status": {
        "Net sales": 45428,
        "Cost of goods sold": 35549,
        "Gross Profit": 9878,
        "Financial expenses": 357,
        "Of which: Interest expense": 98,
        "Cost of sales": 239,
        "Enterprise cost management": 4002,
        "Total Operating Expenses": 4598,
        "Total revenue financing activities": 251,
        "Net profit from business activities": 5532,
        "Profit": 41,
        "Profit before tax": 5574,
        "Present corporate income tax expenses": 424,
        "Deferred income taxes expenses": "N/A",
        "The interests of minority shareholders": "N/A",
        "Total Cost of profits": 424,
        "Profit after tax corporate income": 5150,
        "Volume": 2600000,
        "Close of Quarter": 13.9,
        "EPS": 4494,
        "Non-adjusted EPS": 4494,
        "PE": 3.1,
        "Book Price": 16.6
      }
    },
    {
      "quarter": "Q1 2015",
      "income status": {
        "Net sales": 46616,
        "Cost of goods sold": 39341,
        "Gross Profit": 7275,
        "Financial expenses": 115,
        "Of which: Interest expense": 81,
        "Cost of sales": 197,
        "Enterprise cost management": 3629,
        "Total Operating Expenses": 3941,
        "Total revenue financing activities": 27,
        "Net profit from business activities": 3361,
        "Profit": -19,
        "Profit before tax": 3341,
        "Present corporate income tax expenses": 252,
        "Deferred income taxes expenses": "N/A",
        "The interests of minority shareholders": "N/A",
        "Total Cost of profits": 252,
        "Profit after tax corporate income": 3089,
        "Volume": 2600000,
        "Close of Quarter": 12.8,
        "EPS": 3442,
        "Non-adjusted EPS": 3442,
        "PE": 3.7,
        "Book Price": 14.6
      }
    },
    {
      "quarter": "Q4 2014",
      "income status": {
        "Net sales": 72063,
        "Cost of goods sold": 61522,
        "Gross Profit": 10540,
        "Financial expenses": 278,
        "Of which: Interest expense": 91,
        "Cost of sales": 547,
        "Enterprise cost management": 7083,
        "Total Operating Expenses": 7908,
        "Total revenue financing activities": 41,
        "Net profit from business activities": 2673,
        "Profit": 590,
        "Profit before tax": 3263,
        "Present corporate income tax expenses": 348,
        "Deferred income taxes expenses": "N/A",
        "The interests of minority shareholders": "N/A",
        "Total Cost of profits": 348,
        "Profit after tax corporate income": 2915,
        "Volume": 2600000,
        "Close of Quarter": 9.8,
        "EPS": 2966,
        "Non-adjusted EPS": 2966,
        "PE": 3.3,
        "Book Price": 15.9
      }
    },
    {
      "quarter": "Q3 2014",
      "income status": {
        "Net sales": 13493,
        "Cost of goods sold": 11542,
        "Gross Profit": 1951,
        "Financial expenses": 51,
        "Of which: Interest expense": 93,
        "Cost of sales": 78,
        "Enterprise cost management": 1263,
        "Total Operating Expenses": 1392,
        "Total revenue financing activities": 15,
        "Net profit from business activities": 575,
        "Profit": "N/A",
        "Profit before tax": 575,
        "Present corporate income tax expenses": 43,
        "Deferred income taxes expenses": "N/A",
        "The interests of minority shareholders": "N/A",
        "Total Cost of profits": 43,
        "Profit after tax corporate income": 531,
        "Volume": 2600000,
        "Close of Quarter": 9.1,
        "EPS": 1938,
        "Non-adjusted EPS": 1938,
        "PE": 4.7,
        "Book Price": 15.6
      }
    },
    {
      "quarter": "Q2 2014",
      "income status": {
        "Net sales": 37816,
        "Cost of goods sold": 31527,
        "Gross Profit": 6290,
        "Financial expenses": 93,
        "Of which: Interest expense": 62,
        "Cost of sales": 420,
        "Enterprise cost management": 3188,
        "Total Operating Expenses": 3701,
        "Total revenue financing activities": 48,
        "Net profit from business activities": 2637,
        "Profit": -27,
        "Profit before tax": 2610,
        "Present corporate income tax expenses": 196,
        "Deferred income taxes expenses": "N/A",
        "The interests of minority shareholders": "N/A",
        "Total Cost of profits": 196,
        "Profit after tax corporate income": 2414,
        "Volume": 2600000,
        "Close of Quarter": 8.6,
        "EPS": 2589,
        "Non-adjusted EPS": 2589,
        "PE": 3.3,
        "Book Price": 14.5
      }
    },
    {
      "quarter": "Q1 2014",
      "income status": {
        "Net sales": 33275,
        "Cost of goods sold": 27220,
        "Gross Profit": 6055,
        "Financial expenses": 101,
        "Of which: Interest expense": "N/A",
        "Cost of sales": 542,
        "Enterprise cost management": 3413,
        "Total Operating Expenses": 4056,
        "Total revenue financing activities": 26,
        "Net profit from business activities": 2025,
        "Profit": -23,
        "Profit before tax": 2002,
        "Present corporate income tax expenses": 150,
        "Deferred income taxes expenses": "N/A",
        "The interests of minority shareholders": "N/A",
        "Total Cost of profits": 150,
        "Profit after tax corporate income": 1852,
        "Volume": 2600000,
        "Close of Quarter": 8.8,
        "EPS": 2593,
        "Non-adjusted EPS": 2593,
        "PE": 3.4,
        "Book Price": 13.6
      }
    },
    {
      "quarter": "Q4 2013",
      "income status": {
        "Net sales": 39744,
        "Cost of goods sold": 35453,
        "Gross Profit": 4292,
        "Financial expenses": 94,
        "Of which: Interest expense": 208,
        "Cost of sales": 436,
        "Enterprise cost management": 3547,
        "Total Operating Expenses": 4077,
        "Total revenue financing activities": 19,
        "Net profit from business activities": 233,
        "Profit": 261,
        "Profit before tax": 495,
        "Present corporate income tax expenses": 253,
        "Deferred income taxes expenses": "N/A",
        "The interests of minority shareholders": "N/A",
        "Total Cost of profits": 253,
        "Profit after tax corporate income": 242,
        "Volume": 2600000,
        "Close of Quarter": 5.3,
        "EPS": 1880,
        "Non-adjusted EPS": 1880,
        "PE": 2.8,
        "Book Price": 15
      }
    },
    {
      "quarter": "Q3 2013",
      "income status": {
        "Net sales": 39997,
        "Cost of goods sold": 34351,
        "Gross Profit": 5646,
        "Financial expenses": 131,
        "Of which: Interest expense": -159,
        "Cost of sales": 312,
        "Enterprise cost management": 2842,
        "Total Operating Expenses": 3285,
        "Total revenue financing activities": 55,
        "Net profit from business activities": 2416,
        "Profit": -12,
        "Profit before tax": 2404,
        "Present corporate income tax expenses": 181,
        "Deferred income taxes expenses": "N/A",
        "The interests of minority shareholders": "N/A",
        "Total Cost of profits": 181,
        "Profit after tax corporate income": 2223,
        "Volume": 2600000,
        "Close of Quarter": 3.9,
        "EPS": 1787,
        "Non-adjusted EPS": 1787,
        "PE": 2.2,
        "Book Price": 14.9
      }
    },
    {
      "quarter": "Q2 2013",
      "income status": {
        "Net sales": 35547,
        "Cost of goods sold": 30187,
        "Gross Profit": 5361,
        "Financial expenses": 104,
        "Of which: Interest expense": 104,
        "Cost of sales": 312,
        "Enterprise cost management": 2391,
        "Total Operating Expenses": 2807,
        "Total revenue financing activities": 43,
        "Net profit from business activities": 2597,
        "Profit": 29,
        "Profit before tax": 2626,
        "Present corporate income tax expenses": 202,
        "Deferred income taxes expenses": "N/A",
        "The interests of minority shareholders": "N/A",
        "Total Cost of profits": 202,
        "Profit after tax corporate income": 2424,
        "Volume": 2600000,
        "Close of Quarter": 4.7,
        "EPS": 932,
        "Non-adjusted EPS": 932,
        "PE": 5.0,
        "Book Price": 14
      }
    }
  ]
}