{
  "ticker": "NHP",
  "data": [
    {
      "quarter": "Q4 2016",
      "income status": {
        "Net sales": 64804,
        "Cost of goods sold": 60205,
        "Gross Profit": 4599,
        "Financial expenses": 1596,
        "Of which: Interest expense": 1594,
        "Cost of sales": 246,
        "Enterprise cost management": 1054,
        "Total Operating Expenses": 2896,
        "Total revenue financing activities": 802,
        "Net profit from business activities": 2506,
        "Profit": -98,
        "Profit before tax": 2408,
        "Present corporate income tax expenses": 501,
        "Deferred income taxes expenses": "N/A",
        "The interests of minority shareholders": "N/A",
        "Total Cost of profits": 501,
        "Profit after tax corporate income": 1907,
        "Volume": 27576490,
        "Close of Quarter": 3,
        "EPS": 224,
        "Non-adjusted EPS": 224,
        "PE": 13.4,
        "Book Price": 10.3
      }
    },
    {
      "quarter": "Q3 2016",
      "income status": {
        "Net sales": 48345,
        "Cost of goods sold": 44499,
        "Gross Profit": 3847,
        "Financial expenses": 1539,
        "Of which: Interest expense": 1537,
        "Cost of sales": 190,
        "Enterprise cost management": 941,
        "Total Operating Expenses": 2670,
        "Total revenue financing activities": 1209,
        "Net profit from business activities": 2385,
        "Profit": -192,
        "Profit before tax": 2193,
        "Present corporate income tax expenses": 487,
        "Deferred income taxes expenses": "N/A",
        "The interests of minority shareholders": "N/A",
        "Total Cost of profits": 487,
        "Profit after tax corporate income": 1707,
        "Volume": 17455400,
        "Close of Quarter": 16.8,
        "EPS": 212.7,
        "Non-adjusted EPS": 336,
        "PE": 49.9,
        "Book Price": 10.3
      }
    },
    {
      "quarter": "Q2 2016",
      "income status": {
        "Net sales": 32235,
        "Cost of goods sold": 27972,
        "Gross Profit": 4263,
        "Financial expenses": 1469,
        "Of which: Interest expense": 1440,
        "Cost of sales": 151,
        "Enterprise cost management": 1147,
        "Total Operating Expenses": 2767,
        "Total revenue financing activities": 126,
        "Net profit from business activities": 1620,
        "Profit": 26,
        "Profit before tax": 1647,
        "Present corporate income tax expenses": 347,
        "Deferred income taxes expenses": "N/A",
        "The interests of minority shareholders": "N/A",
        "Total Cost of profits": 347,
        "Profit after tax corporate income": 1300,
        "Volume": 17455400,
        "Close of Quarter": 15.6,
        "EPS": 210.8,
        "Non-adjusted EPS": 333,
        "PE": 46.9,
        "Book Price": 6.5
      }
    },
    {
      "quarter": "Q1 2016",
      "income status": {
        "Net sales": 36138,
        "Cost of goods sold": 32799,
        "Gross Profit": 3340,
        "Financial expenses": 1305,
        "Of which: Interest expense": 1196,
        "Cost of sales": 930,
        "Enterprise cost management": 1112,
        "Total Operating Expenses": 3347,
        "Total revenue financing activities": 683,
        "Net profit from business activities": 676,
        "Profit": 909,
        "Profit before tax": 1585,
        "Present corporate income tax expenses": 334,
        "Deferred income taxes expenses": "N/A",
        "The interests of minority shareholders": "N/A",
        "Total Cost of profits": 334,
        "Profit after tax corporate income": 1250,
        "Volume": 17455400,
        "Close of Quarter": 12.9,
        "EPS": 222.2,
        "Non-adjusted EPS": 351,
        "PE": 36.7,
        "Book Price": 6.9
      }
    },
    {
      "quarter": "Q4 2015",
      "income status": {
        "Net sales": 24097,
        "Cost of goods sold": 20563,
        "Gross Profit": 3534,
        "Financial expenses": 676,
        "Of which: Interest expense": 676,
        "Cost of sales": 182,
        "Enterprise cost management": 906,
        "Total Operating Expenses": 1764,
        "Total revenue financing activities": 3,
        "Net profit from business activities": 1773,
        "Profit": 345,
        "Profit before tax": 2118,
        "Present corporate income tax expenses": 508,
        "Deferred income taxes expenses": "N/A",
        "The interests of minority shareholders": "N/A",
        "Total Cost of profits": 508,
        "Profit after tax corporate income": 1610,
        "Volume": 17455400,
        "Close of Quarter": 13.0,
        "EPS": 342.4,
        "Non-adjusted EPS": 541,
        "PE": 24.1,
        "Book Price": 6.8
      }
    },
    {
      "quarter": "Q3 2015",
      "income status": {
        "Net sales": 24959,
        "Cost of goods sold": 23163,
        "Gross Profit": 1796,
        "Financial expenses": 335,
        "Of which: Interest expense": 328,
        "Cost of sales": 161,
        "Enterprise cost management": 437,
        "Total Operating Expenses": 933,
        "Total revenue financing activities": 785,
        "Net profit from business activities": 1648,
        "Profit": 468,
        "Profit before tax": 2116,
        "Present corporate income tax expenses": 465,
        "Deferred income taxes expenses": "N/A",
        "The interests of minority shareholders": "N/A",
        "Total Cost of profits": 465,
        "Profit after tax corporate income": 1650,
        "Volume": 12500000,
        "Close of Quarter": 11.1,
        "EPS": 449.7,
        "Non-adjusted EPS": 992,
        "PE": 11.2,
        "Book Price": 5.0
      }
    },
    {
      "quarter": "Q2 2015",
      "income status": {
        "Net sales": 25255,
        "Cost of goods sold": 21733,
        "Gross Profit": 3523,
        "Financial expenses": 224,
        "Of which: Interest expense": 224,
        "Cost of sales": 349,
        "Enterprise cost management": 911,
        "Total Operating Expenses": 1484,
        "Total revenue financing activities": 30,
        "Net profit from business activities": 2068,
        "Profit": -1,
        "Profit before tax": 2068,
        "Present corporate income tax expenses": 455,
        "Deferred income taxes expenses": "N/A",
        "The interests of minority shareholders": "N/A",
        "Total Cost of profits": 455,
        "Profit after tax corporate income": 1613,
        "Volume": 12500000,
        "Close of Quarter": 10.9,
        "EPS": 389.8,
        "Non-adjusted EPS": 860,
        "PE": 12.7,
        "Book Price": 4.9
      }
    },
    {
      "quarter": "Q1 2015",
      "income status": {
        "Net sales": 16285,
        "Cost of goods sold": 14642,
        "Gross Profit": 1644,
        "Financial expenses": 178,
        "Of which: Interest expense": 178,
        "Cost of sales": 91,
        "Enterprise cost management": 515,
        "Total Operating Expenses": 784,
        "Total revenue financing activities": 5008,
        "Net profit from business activities": 5867,
        "Profit": -10,
        "Profit before tax": 5858,
        "Present corporate income tax expenses": 1289,
        "Deferred income taxes expenses": "N/A",
        "The interests of minority shareholders": "N/A",
        "Total Cost of profits": 1289,
        "Profit after tax corporate income": 4569,
        "Volume": 12500000,
        "Close of Quarter": 13.5,
        "EPS": 331.4,
        "Non-adjusted EPS": 731,
        "PE": 18.4,
        "Book Price": 4.7
      }
    },
    {
      "quarter": "Q2 2014",
      "income status": {
        "Net sales": 16285,
        "Cost of goods sold": 14642,
        "Gross Profit": 1644,
        "Financial expenses": 178,
        "Of which: Interest expense": 178,
        "Cost of sales": 91,
        "Enterprise cost management": 515,
        "Total Operating Expenses": 784,
        "Total revenue financing activities": 5008,
        "Net profit from business activities": 5867,
        "Profit": -10,
        "Profit before tax": 5858,
        "Present corporate income tax expenses": 1289,
        "Deferred income taxes expenses": "N/A",
        "The interests of minority shareholders": "N/A",
        "Total Cost of profits": 1289,
        "Profit after tax corporate income": 4569,
        "Volume": 12500000,
        "Close of Quarter": "N/A",
        "EPS": 165.9,
        "Non-adjusted EPS": 366,
        "PE": "N/A",
        "Book Price": "N/A"
      }
    }
  ]
}