{
  "ticker": "QST",
  "data": [
    {
      "quarter": "Q4 2016",
      "income status": {
        "Net sales": 19495,
        "Cost of goods sold": 13849,
        "Gross Profit": 5647,
        "Financial expenses": 207,
        "Of which: Interest expense": 207,
        "Cost of sales": 1491,
        "Enterprise cost management": 1008,
        "Total Operating Expenses": 2706,
        "Total revenue financing activities": 1,
        "Net profit from business activities": 2941,
        "Profit": 107,
        "Profit before tax": 3048,
        "Present corporate income tax expenses": 697,
        "Deferred income taxes expenses": "N/A",
        "The interests of minority shareholders": "N/A",
        "Total Cost of profits": 697,
        "Profit after tax corporate income": 2352,
        "Volume": 1620000,
        "Close of Quarter": 9.1,
        "EPS": 1595,
        "Non-adjusted EPS": 1595,
        "PE": 5.7,
        "Book Price": 12
      }
    },
    {
      "quarter": "Q3 2016",
      "income status": {
        "Net sales": 21866,
        "Cost of goods sold": 18091,
        "Gross Profit": 3775,
        "Financial expenses": 202,
        "Of which: Interest expense": 202,
        "Cost of sales": 2322,
        "Enterprise cost management": 333,
        "Total Operating Expenses": 2857,
        "Total revenue financing activities": "N/A",
        "Net profit from business activities": 919,
        "Profit": 89,
        "Profit before tax": 1008,
        "Present corporate income tax expenses": 58,
        "Deferred income taxes expenses": "N/A",
        "The interests of minority shareholders": "N/A",
        "Total Cost of profits": 58,
        "Profit after tax corporate income": 950,
        "Volume": 1620000,
        "Close of Quarter": 9.1,
        "EPS": 1191,
        "Non-adjusted EPS": 1191,
        "PE": 7.7,
        "Book Price": 10.7
      }
    },
    {
      "quarter": "Q2 2016",
      "income status": {
        "Net sales": 29839,
        "Cost of goods sold": 25574,
        "Gross Profit": 4265,
        "Financial expenses": 303,
        "Of which: Interest expense": 303,
        "Cost of sales": 1910,
        "Enterprise cost management": 1568,
        "Total Operating Expenses": 3781,
        "Total revenue financing activities": "N/A",
        "Net profit from business activities": 484,
        "Profit": 35,
        "Profit before tax": 519,
        "Present corporate income tax expenses": "N/A",
        "Deferred income taxes expenses": "N/A",
        "The interests of minority shareholders": "N/A",
        "Total Cost of profits": 0,
        "Profit after tax corporate income": 519,
        "Volume": 1620000,
        "Close of Quarter": 9.1,
        "EPS": 1594,
        "Non-adjusted EPS": 1594,
        "PE": 5.7,
        "Book Price": 10.1
      }
    },
    {
      "quarter": "Q1 2016",
      "income status": {
        "Net sales": 6357,
        "Cost of goods sold": 6116,
        "Gross Profit": 241,
        "Financial expenses": 153,
        "Of which: Interest expense": 153,
        "Cost of sales": 935,
        "Enterprise cost management": 431,
        "Total Operating Expenses": 1519,
        "Total revenue financing activities": 1,
        "Net profit from business activities": -1278,
        "Profit": 41,
        "Profit before tax": -1237,
        "Present corporate income tax expenses": "N/A",
        "Deferred income taxes expenses": "N/A",
        "The interests of minority shareholders": "N/A",
        "Total Cost of profits": 0,
        "Profit after tax corporate income": -1237,
        "Volume": 1620000,
        "Close of Quarter": 7.1,
        "EPS": 1072,
        "Non-adjusted EPS": 1072,
        "PE": 6.7,
        "Book Price": 11.1
      }
    },
    {
      "quarter": "Q4 2015",
      "income status": {
        "Net sales": 16688,
        "Cost of goods sold": 12384,
        "Gross Profit": 4305,
        "Financial expenses": 153,
        "Of which: Interest expense": 153,
        "Cost of sales": 1036,
        "Enterprise cost management": 1308,
        "Total Operating Expenses": 2497,
        "Total revenue financing activities": 1,
        "Net profit from business activities": 1809,
        "Profit": 40,
        "Profit before tax": 1850,
        "Present corporate income tax expenses": 152,
        "Deferred income taxes expenses": "N/A",
        "The interests of minority shareholders": "N/A",
        "Total Cost of profits": 152,
        "Profit after tax corporate income": 1698,
        "Volume": 1620000,
        "Close of Quarter": 6.5,
        "EPS": 1627,
        "Non-adjusted EPS": 1627,
        "PE": 4.0,
        "Book Price": 11.9
      }
    },
    {
      "quarter": "Q3 2015",
      "income status": {
        "Net sales": 20907,
        "Cost of goods sold": 16479,
        "Gross Profit": 4427,
        "Financial expenses": 189,
        "Of which: Interest expense": 189,
        "Cost of sales": 2209,
        "Enterprise cost management": 304,
        "Total Operating Expenses": 2702,
        "Total revenue financing activities": 1,
        "Net profit from business activities": 1727,
        "Profit": 142,
        "Profit before tax": 1869,
        "Present corporate income tax expenses": 267,
        "Deferred income taxes expenses": "N/A",
        "The interests of minority shareholders": "N/A",
        "Total Cost of profits": 267,
        "Profit after tax corporate income": 1602,
        "Volume": 1620000,
        "Close of Quarter": 7.8,
        "EPS": 1544,
        "Non-adjusted EPS": 1544,
        "PE": 5.1,
        "Book Price": 11
      }
    },
    {
      "quarter": "Q2 2015",
      "income status": {
        "Net sales": 23833,
        "Cost of goods sold": 20988,
        "Gross Profit": 2845,
        "Financial expenses": 224,
        "Of which: Interest expense": 224,
        "Cost of sales": 1960,
        "Enterprise cost management": 1011,
        "Total Operating Expenses": 3195,
        "Total revenue financing activities": 2,
        "Net profit from business activities": -349,
        "Profit": 21,
        "Profit before tax": -327,
        "Present corporate income tax expenses": "N/A",
        "Deferred income taxes expenses": "N/A",
        "The interests of minority shareholders": "N/A",
        "Total Cost of profits": 0,
        "Profit after tax corporate income": -327,
        "Volume": 1620000,
        "Close of Quarter": 8.2,
        "EPS": 1480,
        "Non-adjusted EPS": 1480,
        "PE": 5.6,
        "Book Price": 10.1
      }
    },
    {
      "quarter": "Q1 2015",
      "income status": {
        "Net sales": 6045,
        "Cost of goods sold": 5242,
        "Gross Profit": 803,
        "Financial expenses": 102,
        "Of which: Interest expense": 102,
        "Cost of sales": 683,
        "Enterprise cost management": 381,
        "Total Operating Expenses": 1166,
        "Total revenue financing activities": "N/A",
        "Net profit from business activities": -363,
        "Profit": 26,
        "Profit before tax": -337,
        "Present corporate income tax expenses": "N/A",
        "Deferred income taxes expenses": "N/A",
        "The interests of minority shareholders": "N/A",
        "Total Cost of profits": 0,
        "Profit after tax corporate income": -337,
        "Volume": 1620000,
        "Close of Quarter": 7.1,
        "EPS": 2077,
        "Non-adjusted EPS": 2077,
        "PE": 3.4,
        "Book Price": 11.8
      }
    },
    {
      "quarter": "Q4 2014",
      "income status": {
        "Net sales": 14114,
        "Cost of goods sold": 9774,
        "Gross Profit": 4341,
        "Financial expenses": 116,
        "Of which: Interest expense": 116,
        "Cost of sales": 1770,
        "Enterprise cost management": 927,
        "Total Operating Expenses": 2813,
        "Total revenue financing activities": 1,
        "Net profit from business activities": 1528,
        "Profit": 75,
        "Profit before tax": 1603,
        "Present corporate income tax expenses": 40,
        "Deferred income taxes expenses": "N/A",
        "The interests of minority shareholders": "N/A",
        "Total Cost of profits": 40,
        "Profit after tax corporate income": 1563,
        "Volume": 1620000,
        "Close of Quarter": 5.9,
        "EPS": 1614,
        "Non-adjusted EPS": 1614,
        "PE": 3.7,
        "Book Price": 12
      }
    },
    {
      "quarter": "Q3 2014",
      "income status": {
        "Net sales": 19570,
        "Cost of goods sold": 14666,
        "Gross Profit": 4905,
        "Financial expenses": 207,
        "Of which: Interest expense": 207,
        "Cost of sales": 2438,
        "Enterprise cost management": 546,
        "Total Operating Expenses": 3191,
        "Total revenue financing activities": 1,
        "Net profit from business activities": 1714,
        "Profit": 102,
        "Profit before tax": 1816,
        "Present corporate income tax expenses": 318,
        "Deferred income taxes expenses": "N/A",
        "The interests of minority shareholders": "N/A",
        "Total Cost of profits": 318,
        "Profit after tax corporate income": 1498,
        "Volume": 1620000,
        "Close of Quarter": 7.1,
        "EPS": 1191,
        "Non-adjusted EPS": 1191,
        "PE": 6.0,
        "Book Price": 11.1
      }
    },
    {
      "quarter": "Q2 2014",
      "income status": {
        "Net sales": 23005,
        "Cost of goods sold": 18238,
        "Gross Profit": 4767,
        "Financial expenses": 129,
        "Of which: Interest expense": 129,
        "Cost of sales": 3490,
        "Enterprise cost management": 567,
        "Total Operating Expenses": 4186,
        "Total revenue financing activities": 61,
        "Net profit from business activities": 641,
        "Profit": -1,
        "Profit before tax": 640,
        "Present corporate income tax expenses": "N/A",
        "Deferred income taxes expenses": "N/A",
        "The interests of minority shareholders": "N/A",
        "Total Cost of profits": 0,
        "Profit after tax corporate income": 640,
        "Volume": 1620000,
        "Close of Quarter": 10.7,
        "EPS": 1511,
        "Non-adjusted EPS": 1511,
        "PE": 7.1,
        "Book Price": 10.1
      }
    },
    {
      "quarter": "Q1 2014",
      "income status": {
        "Net sales": 4846,
        "Cost of goods sold": 4804,
        "Gross Profit": 42,
        "Financial expenses": 208,
        "Of which: Interest expense": 208,
        "Cost of sales": 185,
        "Enterprise cost management": 792,
        "Total Operating Expenses": 1185,
        "Total revenue financing activities": 1,
        "Net profit from business activities": -1142,
        "Profit": 54,
        "Profit before tax": -1087,
        "Present corporate income tax expenses": "N/A",
        "Deferred income taxes expenses": "N/A",
        "The interests of minority shareholders": "N/A",
        "Total Cost of profits": 0,
        "Profit after tax corporate income": -1087,
        "Volume": 1620000,
        "Close of Quarter": 10.7,
        "EPS": 1478,
        "Non-adjusted EPS": 1478,
        "PE": 7.2,
        "Book Price": 11.1
      }
    },
    {
      "quarter": "Q4 2013",
      "income status": {
        "Net sales": 15139,
        "Cost of goods sold": 10664,
        "Gross Profit": 4475,
        "Financial expenses": 100,
        "Of which: Interest expense": 100,
        "Cost of sales": 1336,
        "Enterprise cost management": 2027,
        "Total Operating Expenses": 3463,
        "Total revenue financing activities": 2,
        "Net profit from business activities": 1015,
        "Profit": 76,
        "Profit before tax": 1091,
        "Present corporate income tax expenses": 214,
        "Deferred income taxes expenses": "N/A",
        "The interests of minority shareholders": "N/A",
        "Total Cost of profits": 214,
        "Profit after tax corporate income": 878,
        "Volume": 1620000,
        "Close of Quarter": 7.3,
        "EPS": 1794,
        "Non-adjusted EPS": 1794,
        "PE": 4.1,
        "Book Price": 11.8
      }
    },
    {
      "quarter": "Q3 2013",
      "income status": {
        "Net sales": 18272,
        "Cost of goods sold": 13174,
        "Gross Profit": 5098,
        "Financial expenses": 245,
        "Of which: Interest expense": 245,
        "Cost of sales": 1165,
        "Enterprise cost management": 1713,
        "Total Operating Expenses": 3123,
        "Total revenue financing activities": 2,
        "Net profit from business activities": 1976,
        "Profit": 219,
        "Profit before tax": 2195,
        "Present corporate income tax expenses": 178,
        "Deferred income taxes expenses": "N/A",
        "The interests of minority shareholders": "N/A",
        "Total Cost of profits": 178,
        "Profit after tax corporate income": 2017,
        "Volume": 1620000,
        "Close of Quarter": 5.9,
        "EPS": 1836,
        "Non-adjusted EPS": 1836,
        "PE": 3.2,
        "Book Price": 11.6
      }
    },
    {
      "quarter": "Q2 2013",
      "income status": {
        "Net sales": 25724,
        "Cost of goods sold": 20278,
        "Gross Profit": 5447,
        "Financial expenses": 598,
        "Of which: Interest expense": 598,
        "Cost of sales": 1861,
        "Enterprise cost management": 2574,
        "Total Operating Expenses": 5033,
        "Total revenue financing activities": 2,
        "Net profit from business activities": 415,
        "Profit": 187,
        "Profit before tax": 603,
        "Present corporate income tax expenses": 15,
        "Deferred income taxes expenses": "N/A",
        "The interests of minority shareholders": "N/A",
        "Total Cost of profits": 15,
        "Profit after tax corporate income": 587,
        "Volume": 1350000,
        "Close of Quarter": 5.5,
        "EPS": 1749.2,
        "Non-adjusted EPS": 2099,
        "PE": 2.6,
        "Book Price": 10.3
      }
    },
    {
      "quarter": "Q1 2013",
      "income status": {
        "Net sales": 4450,
        "Cost of goods sold": 4147,
        "Gross Profit": 303,
        "Financial expenses": 47,
        "Of which: Interest expense": 47,
        "Cost of sales": 234,
        "Enterprise cost management": 870,
        "Total Operating Expenses": 1151,
        "Total revenue financing activities": 5,
        "Net profit from business activities": -844,
        "Profit": 267,
        "Profit before tax": -576,
        "Present corporate income tax expenses": "N/A",
        "Deferred income taxes expenses": "N/A",
        "The interests of minority shareholders": "N/A",
        "Total Cost of profits": 0,
        "Profit after tax corporate income": -576,
        "Volume": 1350000,
        "Close of Quarter": 5.3,
        "EPS": 1805.8,
        "Non-adjusted EPS": 2167,
        "PE": 2.4,
        "Book Price": 11.3
      }
    },
    {
      "quarter": "Q4 2012",
      "income status": {
        "Net sales": 19618,
        "Cost of goods sold": 15347,
        "Gross Profit": 4270,
        "Financial expenses": 541,
        "Of which: Interest expense": 541,
        "Cost of sales": 587,
        "Enterprise cost management": 2244,
        "Total Operating Expenses": 3372,
        "Total revenue financing activities": 3,
        "Net profit from business activities": 901,
        "Profit": 112,
        "Profit before tax": 1013,
        "Present corporate income tax expenses": 67,
        "Deferred income taxes expenses": "N/A",
        "The interests of minority shareholders": "N/A",
        "Total Cost of profits": 67,
        "Profit after tax corporate income": 946,
        "Volume": 1350000,
        "Close of Quarter": 3.8,
        "EPS": 1862.5,
        "Non-adjusted EPS": 2235,
        "PE": 1.7,
        "Book Price": 11.8
      }
    },
    {
      "quarter": "Q3 2012",
      "income status": {
        "Net sales": 17529,
        "Cost of goods sold": 13372,
        "Gross Profit": 4156,
        "Financial expenses": 83,
        "Of which: Interest expense": 83,
        "Cost of sales": 1288,
        "Enterprise cost management": 1937,
        "Total Operating Expenses": 3308,
        "Total revenue financing activities": 2,
        "Net profit from business activities": 850,
        "Profit": 1257,
        "Profit before tax": 2107,
        "Present corporate income tax expenses": 231,
        "Deferred income taxes expenses": "N/A",
        "The interests of minority shareholders": "N/A",
        "Total Cost of profits": 231,
        "Profit after tax corporate income": 1876,
        "Volume": 1350000,
        "Close of Quarter": 3.8,
        "EPS": 1670.8,
        "Non-adjusted EPS": 2005,
        "PE": 1.9,
        "Book Price": 11.6
      }
    },
    {
      "quarter": "Q2 2012",
      "income status": {
        "Net sales": 22831,
        "Cost of goods sold": 17548,
        "Gross Profit": 5283,
        "Financial expenses": 490,
        "Of which: Interest expense": 490,
        "Cost of sales": 1885,
        "Enterprise cost management": 2350,
        "Total Operating Expenses": 4725,
        "Total revenue financing activities": 4,
        "Net profit from business activities": 562,
        "Profit": 188,
        "Profit before tax": 750,
        "Present corporate income tax expenses": 72,
        "Deferred income taxes expenses": "N/A",
        "The interests of minority shareholders": "N/A",
        "Total Cost of profits": 72,
        "Profit after tax corporate income": 679,
        "Volume": 1350000,
        "Close of Quarter": 3.8,
        "EPS": 2116.7,
        "Non-adjusted EPS": 2540,
        "PE": 1.5,
        "Book Price": 10.4
      }
    },
    {
      "quarter": "Q1 2012",
      "income status": {
        "Net sales": 4196,
        "Cost of goods sold": 3594,
        "Gross Profit": 602,
        "Financial expenses": 221,
        "Of which: Interest expense": 221,
        "Cost of sales": 101,
        "Enterprise cost management": 960,
        "Total Operating Expenses": 1282,
        "Total revenue financing activities": 2,
        "Net profit from business activities": -679,
        "Profit": 195,
        "Profit before tax": -484,
        "Present corporate income tax expenses": "N/A",
        "Deferred income taxes expenses": "N/A",
        "The interests of minority shareholders": "N/A",
        "Total Cost of profits": 0,
        "Profit after tax corporate income": -484,
        "Volume": 1350000,
        "Close of Quarter": 4.5,
        "EPS": 2122.5,
        "Non-adjusted EPS": 2547,
        "PE": 1.8,
        "Book Price": 10
      }
    },
    {
      "quarter": "Q4 2011",
      "income status": {
        "Net sales": 16419,
        "Cost of goods sold": 12466,
        "Gross Profit": 3953,
        "Financial expenses": 333,
        "Of which: Interest expense": 333,
        "Cost of sales": 776,
        "Enterprise cost management": 2723,
        "Total Operating Expenses": 3832,
        "Total revenue financing activities": 3,
        "Net profit from business activities": 123,
        "Profit": 338,
        "Profit before tax": 462,
        "Present corporate income tax expenses": -174,
        "Deferred income taxes expenses": "N/A",
        "The interests of minority shareholders": "N/A",
        "Total Cost of profits": -174,
        "Profit after tax corporate income": 636,
        "Volume": 1350000,
        "Close of Quarter": 3.2,
        "EPS": 2150.8,
        "Non-adjusted EPS": 2581,
        "PE": 1.2,
        "Book Price": 11.8
      }
    },
    {
      "quarter": "Q3 2011",
      "income status": {
        "Net sales": 15299,
        "Cost of goods sold": 11107,
        "Gross Profit": 4192,
        "Financial expenses": 364,
        "Of which: Interest expense": 364,
        "Cost of sales": 751,
        "Enterprise cost management": 1353,
        "Total Operating Expenses": 2468,
        "Total revenue financing activities": 3,
        "Net profit from business activities": 1728,
        "Profit": 1364,
        "Profit before tax": 3092,
        "Present corporate income tax expenses": 494,
        "Deferred income taxes expenses": "N/A",
        "The interests of minority shareholders": "N/A",
        "Total Cost of profits": 494,
        "Profit after tax corporate income": 2598,
        "Volume": 1350000,
        "Close of Quarter": 3.2,
        "EPS": 2492.5,
        "Non-adjusted EPS": 2991,
        "PE": 1.1,
        "Book Price": 11.8
      }
    },
    {
      "quarter": "Q2 2011",
      "income status": {
        "Net sales": 18947,
        "Cost of goods sold": 12718,
        "Gross Profit": 6229,
        "Financial expenses": 354,
        "Of which: Interest expense": 354,
        "Cost of sales": 3612,
        "Enterprise cost management": 1595,
        "Total Operating Expenses": 5561,
        "Total revenue financing activities": 3,
        "Net profit from business activities": 670,
        "Profit": 109,
        "Profit before tax": 780,
        "Present corporate income tax expenses": 90,
        "Deferred income taxes expenses": "N/A",
        "The interests of minority shareholders": "N/A",
        "Total Cost of profits": 90,
        "Profit after tax corporate income": 689,
        "Volume": 1350000,
        "Close of Quarter": 3.2,
        "EPS": 2108.3,
        "Non-adjusted EPS": 2530,
        "PE": 1.3,
        "Book Price": 10.3
      }
    },
    {
      "quarter": "Q1 2011",
      "income status": {
        "Net sales": 3910,
        "Cost of goods sold": 1698,
        "Gross Profit": 2212,
        "Financial expenses": 148,
        "Of which: Interest expense": 148,
        "Cost of sales": 1916,
        "Enterprise cost management": 709,
        "Total Operating Expenses": 2773,
        "Total revenue financing activities": 3,
        "Net profit from business activities": -558,
        "Profit": 119,
        "Profit before tax": -439,
        "Present corporate income tax expenses": "N/A",
        "Deferred income taxes expenses": "N/A",
        "The interests of minority shareholders": "N/A",
        "Total Cost of profits": 0,
        "Profit after tax corporate income": -439,
        "Volume": 1350000,
        "Close of Quarter": 3.7,
        "EPS": 1689.2,
        "Non-adjusted EPS": 2027,
        "PE": 1.8,
        "Book Price": 11.3
      }
    }
  ]
}