{
  "ticker": "HAP",
  "data": [
    {
      "quarter": "Q4 2016",
      "income status": {
        "Net sales": 105685,
        "Cost of goods sold": 84153,
        "Gross Profit": 21532,
        "Financial expenses": 4938,
        "Of which: Interest expense": 4912,
        "Cost of sales": 4996,
        "Enterprise cost management": 8054,
        "Total Operating Expenses": 17988,
        "Total revenue financing activities": 1128,
        "Net profit from business activities": 4672,
        "Profit": -7717,
        "Profit before tax": -3045,
        "Present corporate income tax expenses": 739,
        "Deferred income taxes expenses": "N/A",
        "The interests of minority shareholders": -50,
        "Total Cost of profits": 689,
        "Profit after tax corporate income": -3734,
        "Volume": 55471151,
        "Close of Quarter": 3.0,
        "EPS": 233,
        "Non-adjusted EPS": 233,
        "PE": 12.8,
        "Book Price": 12
      }
    },
    {
      "quarter": "Q3 2016",
      "income status": {
        "Net sales": 102951,
        "Cost of goods sold": 84007,
        "Gross Profit": 18944,
        "Financial expenses": 4018,
        "Of which: Interest expense": 3936,
        "Cost of sales": 4132,
        "Enterprise cost management": 6513,
        "Total Operating Expenses": 14663,
        "Total revenue financing activities": 944,
        "Net profit from business activities": 5225,
        "Profit": -693,
        "Profit before tax": 4532,
        "Present corporate income tax expenses": 797,
        "Deferred income taxes expenses": "N/A",
        "The interests of minority shareholders": 50,
        "Total Cost of profits": 847,
        "Profit after tax corporate income": 3684,
        "Volume": 51364766,
        "Close of Quarter": 3.7,
        "EPS": 322.2,
        "Non-adjusted EPS": 348,
        "PE": 10.8,
        "Book Price": 12.2
      }
    },
    {
      "quarter": "Q2 2016",
      "income status": {
        "Net sales": 112578,
        "Cost of goods sold": 97165,
        "Gross Profit": 15413,
        "Financial expenses": 10279,
        "Of which: Interest expense": 8188,
        "Cost of sales": 5158,
        "Enterprise cost management": 6862,
        "Total Operating Expenses": 22299,
        "Total revenue financing activities": 1830,
        "Net profit from business activities": -5055,
        "Profit": 14287,
        "Profit before tax": 9231,
        "Present corporate income tax expenses": 1648,
        "Deferred income taxes expenses": "N/A",
        "The interests of minority shareholders": 168,
        "Total Cost of profits": 1816,
        "Profit after tax corporate income": 7415,
        "Volume": 51364766,
        "Close of Quarter": 4.4,
        "EPS": 348.2,
        "Non-adjusted EPS": 376,
        "PE": 11.6,
        "Book Price": 12.1
      }
    },
    {
      "quarter": "Q1 2016",
      "income status": {
        "Net sales": 104778,
        "Cost of goods sold": 81617,
        "Gross Profit": 23161,
        "Financial expenses": 7202,
        "Of which: Interest expense": 6306,
        "Cost of sales": 4589,
        "Enterprise cost management": 6339,
        "Total Operating Expenses": 18130,
        "Total revenue financing activities": 1721,
        "Net profit from business activities": 6752,
        "Profit": -63,
        "Profit before tax": 6689,
        "Present corporate income tax expenses": 1057,
        "Deferred income taxes expenses": "N/A",
        "The interests of minority shareholders": 77,
        "Total Cost of profits": 1134,
        "Profit after tax corporate income": 5555,
        "Volume": 51364766,
        "Close of Quarter": 4.2,
        "EPS": 493.5,
        "Non-adjusted EPS": 533,
        "PE": 7.9,
        "Book Price": 12.5
      }
    },
    {
      "quarter": "Q4 2015",
      "income status": {
        "Net sales": 111245,
        "Cost of goods sold": 92120,
        "Gross Profit": 19125,
        "Financial expenses": 5652,
        "Of which: Interest expense": 12991,
        "Cost of sales": 5011,
        "Enterprise cost management": 8825,
        "Total Operating Expenses": 19488,
        "Total revenue financing activities": 2911,
        "Net profit from business activities": 2548,
        "Profit": -162,
        "Profit before tax": 2386,
        "Present corporate income tax expenses": 1102,
        "Deferred income taxes expenses": "N/A",
        "The interests of minority shareholders": 70,
        "Total Cost of profits": 1172,
        "Profit after tax corporate income": 1214,
        "Volume": 51364766,
        "Close of Quarter": 4.8,
        "EPS": 665.8,
        "Non-adjusted EPS": 719,
        "PE": 6.7,
        "Book Price": 12.4
      }
    },
    {
      "quarter": "Q3 2015",
      "income status": {
        "Net sales": 95668,
        "Cost of goods sold": 80255,
        "Gross Profit": 15413,
        "Financial expenses": 2609,
        "Of which: Interest expense": 2633,
        "Cost of sales": 4321,
        "Enterprise cost management": 5914,
        "Total Operating Expenses": 12844,
        "Total revenue financing activities": 3702,
        "Net profit from business activities": 6271,
        "Profit": -15,
        "Profit before tax": 6256,
        "Present corporate income tax expenses": 1088,
        "Deferred income taxes expenses": "N/A",
        "The interests of minority shareholders": 21,
        "Total Cost of profits": 1109,
        "Profit after tax corporate income": 5147,
        "Volume": 51364766,
        "Close of Quarter": 5.0,
        "EPS": 693.6,
        "Non-adjusted EPS": 749,
        "PE": 6.6,
        "Book Price": 12.4
      }
    },
    {
      "quarter": "Q2 2015",
      "income status": {
        "Net sales": 84953,
        "Cost of goods sold": 97059,
        "Gross Profit": -12106,
        "Financial expenses": 8494,
        "Of which: Interest expense": 5942,
        "Cost of sales": 4308,
        "Enterprise cost management": 8104,
        "Total Operating Expenses": 20906,
        "Total revenue financing activities": -10524,
        "Net profit from business activities": -43535,
        "Profit": 65894,
        "Profit before tax": 22360,
        "Present corporate income tax expenses": 6723,
        "Deferred income taxes expenses": "N/A",
        "The interests of minority shareholders": 162,
        "Total Cost of profits": 6885,
        "Profit after tax corporate income": 15474,
        "Volume": 32104652,
        "Close of Quarter": 5.5,
        "EPS": 1014.6,
        "Non-adjusted EPS": 1753,
        "PE": 3.1,
        "Book Price": 12.3
      }
    },
    {
      "quarter": "Q1 2015",
      "income status": {
        "Net sales": 83766,
        "Cost of goods sold": 65310,
        "Gross Profit": 18456,
        "Financial expenses": 6777,
        "Of which: Interest expense": 6776,
        "Cost of sales": 3293,
        "Enterprise cost management": 6358,
        "Total Operating Expenses": 16428,
        "Total revenue financing activities": 16699,
        "Net profit from business activities": 18727,
        "Profit": 17,
        "Profit before tax": 18744,
        "Present corporate income tax expenses": 3668,
        "Deferred income taxes expenses": "N/A",
        "The interests of minority shareholders": -41,
        "Total Cost of profits": 3627,
        "Profit after tax corporate income": 15117,
        "Volume": 32104652,
        "Close of Quarter": 4.8,
        "EPS": 737.9,
        "Non-adjusted EPS": 1275,
        "PE": 3.8,
        "Book Price": 10.6
      }
    },
    {
      "quarter": "Q4 2014",
      "income status": {
        "Net sales": 89598,
        "Cost of goods sold": 74193,
        "Gross Profit": 15405,
        "Financial expenses": 12399,
        "Of which: Interest expense": 9135,
        "Cost of sales": 4213,
        "Enterprise cost management": 6537,
        "Total Operating Expenses": 23149,
        "Total revenue financing activities": 15405,
        "Net profit from business activities": 7661,
        "Profit": -3357,
        "Profit before tax": 4304,
        "Present corporate income tax expenses": 1508,
        "Deferred income taxes expenses": "N/A",
        "The interests of minority shareholders": 79,
        "Total Cost of profits": 1587,
        "Profit after tax corporate income": 2717,
        "Volume": 32104652,
        "Close of Quarter": 5.3,
        "EPS": 500.1,
        "Non-adjusted EPS": 864,
        "PE": 6.1,
        "Book Price": 10.3
      }
    },
    {
      "quarter": "Q3 2014",
      "income status": {
        "Net sales": 101764,
        "Cost of goods sold": 89627,
        "Gross Profit": 12136,
        "Financial expenses": 1855,
        "Of which: Interest expense": 2224,
        "Cost of sales": 4475,
        "Enterprise cost management": 6869,
        "Total Operating Expenses": 13199,
        "Total revenue financing activities": 28578,
        "Net profit from business activities": 27516,
        "Profit": -118,
        "Profit before tax": 27398,
        "Present corporate income tax expenses": 4481,
        "Deferred income taxes expenses": "N/A",
        "The interests of minority shareholders": -53,
        "Total Cost of profits": 4428,
        "Profit after tax corporate income": 22969,
        "Volume": 32104652,
        "Close of Quarter": 5.7,
        "EPS": 422.5,
        "Non-adjusted EPS": 730,
        "PE": 7.8,
        "Book Price": 10.3
      }
    },
    {
      "quarter": "Q2 2014",
      "income status": {
        "Net sales": 83254,
        "Cost of goods sold": 66674,
        "Gross Profit": 16580,
        "Financial expenses": 7596,
        "Of which: Interest expense": 3879,
        "Cost of sales": 5383,
        "Enterprise cost management": 10010,
        "Total Operating Expenses": 22989,
        "Total revenue financing activities": 8095,
        "Net profit from business activities": 1686,
        "Profit": -682,
        "Profit before tax": 1004,
        "Present corporate income tax expenses": 801,
        "Deferred income taxes expenses": "N/A",
        "The interests of minority shareholders": 63,
        "Total Cost of profits": 864,
        "Profit after tax corporate income": 140,
        "Volume": 32104652,
        "Close of Quarter": 5.7,
        "EPS": 65.4,
        "Non-adjusted EPS": 113,
        "PE": 50.3,
        "Book Price": 9.8
      }
    },
    {
      "quarter": "Q1 2014",
      "income status": {
        "Net sales": 80393,
        "Cost of goods sold": 70394,
        "Gross Profit": 9999,
        "Financial expenses": 3447,
        "Of which: Interest expense": 3822,
        "Cost of sales": 4618,
        "Enterprise cost management": 5911,
        "Total Operating Expenses": 13976,
        "Total revenue financing activities": 6388,
        "Net profit from business activities": 2411,
        "Profit": 29,
        "Profit before tax": 2439,
        "Present corporate income tax expenses": 330,
        "Deferred income taxes expenses": "N/A",
        "The interests of minority shareholders": 188,
        "Total Cost of profits": 518,
        "Profit after tax corporate income": 1921,
        "Volume": 32104652,
        "Close of Quarter": 6.0,
        "EPS": 427.7,
        "Non-adjusted EPS": 739,
        "PE": 8.1,
        "Book Price": 10.1
      }
    },
    {
      "quarter": "Q4 2013",
      "income status": {
        "Net sales": 100022,
        "Cost of goods sold": 87999,
        "Gross Profit": 12023,
        "Financial expenses": 2780,
        "Of which: Interest expense": 2495,
        "Cost of sales": 5196,
        "Enterprise cost management": 7918,
        "Total Operating Expenses": 15894,
        "Total revenue financing activities": 2778,
        "Net profit from business activities": -1094,
        "Profit": 359,
        "Profit before tax": -735,
        "Present corporate income tax expenses": 658,
        "Deferred income taxes expenses": "N/A",
        "The interests of minority shareholders": 211,
        "Total Cost of profits": 869,
        "Profit after tax corporate income": -1603,
        "Volume": 32104652,
        "Close of Quarter": 4.1,
        "EPS": 415.6,
        "Non-adjusted EPS": 718,
        "PE": 5.7,
        "Book Price": 10.0
      }
    },
    {
      "quarter": "Q3 2013",
      "income status": {
        "Net sales": 91585,
        "Cost of goods sold": 79780,
        "Gross Profit": 11804,
        "Financial expenses": 1902,
        "Of which: Interest expense": 1742,
        "Cost of sales": 4439,
        "Enterprise cost management": 5681,
        "Total Operating Expenses": 12022,
        "Total revenue financing activities": 1121,
        "Net profit from business activities": 904,
        "Profit": 2990,
        "Profit before tax": 3894,
        "Present corporate income tax expenses": 717,
        "Deferred income taxes expenses": "N/A",
        "The interests of minority shareholders": 1,
        "Total Cost of profits": 718,
        "Profit after tax corporate income": 3176,
        "Volume": 27919791,
        "Close of Quarter": 3.3,
        "EPS": 535.5,
        "Non-adjusted EPS": 1064,
        "PE": 3.1,
        "Book Price": 10.1
      }
    },
    {
      "quarter": "Q2 2013",
      "income status": {
        "Net sales": 76859,
        "Cost of goods sold": 67404,
        "Gross Profit": 9455,
        "Financial expenses": 3552,
        "Of which: Interest expense": 2042,
        "Cost of sales": 4572,
        "Enterprise cost management": 6772,
        "Total Operating Expenses": 14896,
        "Total revenue financing activities": 26207,
        "Net profit from business activities": 20765,
        "Profit": -183,
        "Profit before tax": 20582,
        "Present corporate income tax expenses": 185,
        "Deferred income taxes expenses": "N/A",
        "The interests of minority shareholders": 177,
        "Total Cost of profits": 362,
        "Profit after tax corporate income": 20220,
        "Volume": 27919791,
        "Close of Quarter": 3.0,
        "EPS": 500.3,
        "Non-adjusted EPS": 994,
        "PE": 3.0,
        "Book Price": 10.0
      }
    },
    {
      "quarter": "Q1 2013",
      "income status": {
        "Net sales": 83890,
        "Cost of goods sold": 69780,
        "Gross Profit": 14110,
        "Financial expenses": 1459,
        "Of which: Interest expense": 1615,
        "Cost of sales": 4275,
        "Enterprise cost management": 6108,
        "Total Operating Expenses": 11842,
        "Total revenue financing activities": 361,
        "Net profit from business activities": 2629,
        "Profit": -158,
        "Profit before tax": 2471,
        "Present corporate income tax expenses": 1056,
        "Deferred income taxes expenses": "N/A",
        "The interests of minority shareholders": 167,
        "Total Cost of profits": 1223,
        "Profit after tax corporate income": 1248,
        "Volume": 27919791,
        "Close of Quarter": 2.9,
        "EPS": 198.3,
        "Non-adjusted EPS": 394,
        "PE": 7.3,
        "Book Price": 9.7
      }
    },
    {
      "quarter": "Q4 2012",
      "income status": {
        "Net sales": 98679,
        "Cost of goods sold": 82523,
        "Gross Profit": 16156,
        "Financial expenses": -537,
        "Of which: Interest expense": 666,
        "Cost of sales": 5161,
        "Enterprise cost management": 7398,
        "Total Operating Expenses": 12022,
        "Total revenue financing activities": 947,
        "Net profit from business activities": 5080,
        "Profit": 917,
        "Profit before tax": 5997,
        "Present corporate income tax expenses": 661,
        "Deferred income taxes expenses": "N/A",
        "The interests of minority shareholders": 267,
        "Total Cost of profits": 928,
        "Profit after tax corporate income": 5069,
        "Volume": 27919791,
        "Close of Quarter": 2.6,
        "EPS": 189.3,
        "Non-adjusted EPS": 376,
        "PE": 7.0,
        "Book Price": 9.6
      }
    },
    {
      "quarter": "Q3 2012",
      "income status": {
        "Net sales": 80522,
        "Cost of goods sold": 69746,
        "Gross Profit": 10776,
        "Financial expenses": 1210,
        "Of which: Interest expense": 1576,
        "Cost of sales": 4114,
        "Enterprise cost management": 5412,
        "Total Operating Expenses": 10736,
        "Total revenue financing activities": 769,
        "Net profit from business activities": 810,
        "Profit": 162,
        "Profit before tax": 1385,
        "Present corporate income tax expenses": 75,
        "Deferred income taxes expenses": "N/A",
        "The interests of minority shareholders": 103,
        "Total Cost of profits": 178,
        "Profit after tax corporate income": 1207,
        "Volume": 27919791,
        "Close of Quarter": 2.3,
        "EPS": 266.3,
        "Non-adjusted EPS": 529,
        "PE": 4.4,
        "Book Price": 9.7
      }
    },
    {
      "quarter": "Q2 2012",
      "income status": {
        "Net sales": 102576,
        "Cost of goods sold": 90666,
        "Gross Profit": 11910,
        "Financial expenses": 5805,
        "Of which: Interest expense": 2032,
        "Cost of sales": 4391,
        "Enterprise cost management": 7189,
        "Total Operating Expenses": 17385,
        "Total revenue financing activities": 550,
        "Net profit from business activities": -4923,
        "Profit": 8751,
        "Profit before tax": 4387,
        "Present corporate income tax expenses": 1138,
        "Deferred income taxes expenses": "N/A",
        "The interests of minority shareholders": -231,
        "Total Cost of profits": 907,
        "Profit after tax corporate income": 3480,
        "Volume": 24280759,
        "Close of Quarter": 3.1,
        "EPS": 293.7,
        "Non-adjusted EPS": 671,
        "PE": 4.6,
        "Book Price": 9.6
      }
    },
    {
      "quarter": "Q1 2012",
      "income status": {
        "Net sales": 78124,
        "Cost of goods sold": 65142,
        "Gross Profit": 12982,
        "Financial expenses": 2140,
        "Of which: Interest expense": 2057,
        "Cost of sales": 4245,
        "Enterprise cost management": 7252,
        "Total Operating Expenses": 13637,
        "Total revenue financing activities": 716,
        "Net profit from business activities": 61,
        "Profit": 180,
        "Profit before tax": 1336,
        "Present corporate income tax expenses": 997,
        "Deferred income taxes expenses": "N/A",
        "The interests of minority shareholders": -413,
        "Total Cost of profits": 584,
        "Profit after tax corporate income": 752,
        "Volume": 24280759,
        "Close of Quarter": 2.6,
        "EPS": 218.9,
        "Non-adjusted EPS": 500,
        "PE": 5.1,
        "Book Price": 9.5
      }
    },
    {
      "quarter": "Q4 2011",
      "income status": {
        "Net sales": 84988,
        "Cost of goods sold": 68058,
        "Gross Profit": 16930,
        "Financial expenses": -2657,
        "Of which: Interest expense": 2579,
        "Cost of sales": 5342,
        "Enterprise cost management": 6858,
        "Total Operating Expenses": 9543,
        "Total revenue financing activities": 2367,
        "Net profit from business activities": 9754,
        "Profit": -118,
        "Profit before tax": 15803,
        "Present corporate income tax expenses": 1366,
        "Deferred income taxes expenses": "N/A",
        "The interests of minority shareholders": -319,
        "Total Cost of profits": 1047,
        "Profit after tax corporate income": 9339,
        "Volume": 24280759,
        "Close of Quarter": 1.5,
        "EPS": 218.0,
        "Non-adjusted EPS": 498,
        "PE": 3.1,
        "Book Price": 9.6
      }
    },
    {
      "quarter": "Q3 2011",
      "income status": {
        "Net sales": 78262,
        "Cost of goods sold": 69629,
        "Gross Profit": 8633,
        "Financial expenses": 3576,
        "Of which: Interest expense": 1127,
        "Cost of sales": 3564,
        "Enterprise cost management": 7427,
        "Total Operating Expenses": 14567,
        "Total revenue financing activities": 2395,
        "Net profit from business activities": -3539,
        "Profit": 4623,
        "Profit before tax": 5417,
        "Present corporate income tax expenses": 748,
        "Deferred income taxes expenses": "N/A",
        "The interests of minority shareholders": -2378,
        "Total Cost of profits": -1630,
        "Profit after tax corporate income": 2713,
        "Volume": 22782487,
        "Close of Quarter": 2.6,
        "EPS": 33.3,
        "Non-adjusted EPS": 81,
        "PE": 31.6,
        "Book Price": 9.4
      }
    },
    {
      "quarter": "Q2 2011",
      "income status": {
        "Net sales": 93050,
        "Cost of goods sold": 78402,
        "Gross Profit": 14648,
        "Financial expenses": 5491,
        "Of which: Interest expense": 1258,
        "Cost of sales": 3606,
        "Enterprise cost management": 8488,
        "Total Operating Expenses": 17585,
        "Total revenue financing activities": 6484,
        "Net profit from business activities": 3546,
        "Profit": 308,
        "Profit before tax": 1829,
        "Present corporate income tax expenses": 1322,
        "Deferred income taxes expenses": "N/A",
        "The interests of minority shareholders": 1160,
        "Total Cost of profits": 2482,
        "Profit after tax corporate income": -653,
        "Volume": 18496208,
        "Close of Quarter": 3.0,
        "EPS": 20.0,
        "Non-adjusted EPS": 60,
        "PE": 49.8,
        "Book Price": 9.1
      }
    },
    {
      "quarter": "Q1 2011",
      "income status": {
        "Net sales": 100720,
        "Cost of goods sold": 85764,
        "Gross Profit": 14957,
        "Financial expenses": 2362,
        "Of which: Interest expense": 1166,
        "Cost of sales": 3759,
        "Enterprise cost management": 8135,
        "Total Operating Expenses": 14256,
        "Total revenue financing activities": 2446,
        "Net profit from business activities": 3148,
        "Profit": -31,
        "Profit before tax": 2547,
        "Present corporate income tax expenses": 1252,
        "Deferred income taxes expenses": "N/A",
        "The interests of minority shareholders": 604,
        "Total Cost of profits": 1856,
        "Profit after tax corporate income": 691,
        "Volume": 18496208,
        "Close of Quarter": 3.9,
        "EPS": 838.6,
        "Non-adjusted EPS": 2515,
        "PE": 1.5,
        "Book Price": 9.1
      }
    }
  ]
}