{
  "ticker": "DVH",
  "data": [
    {
      "quarter": "Q4 2016",
      "income status": {
        "Net sales": 54659,
        "Cost of goods sold": 37427,
        "Gross Profit": 17232,
        "Financial expenses": 1011,
        "Of which: Interest expense": 1011,
        "Cost of sales": 1927,
        "Enterprise cost management": 12613,
        "Total Operating Expenses": 15551,
        "Total revenue financing activities": 2,
        "Net profit from business activities": 1683,
        "Profit": 143,
        "Profit before tax": 1826,
        "Present corporate income tax expenses": "N/A",
        "Deferred income taxes expenses": "N/A",
        "The interests of minority shareholders": "N/A",
        "Total Cost of profits": 0,
        "Profit after tax corporate income": 1826,
        "Volume": 4350000,
        "Close of Quarter": 10.8,
        "EPS": 1833,
        "Non-adjusted EPS": 1833,
        "PE": 5.9,
        "Book Price": 0.9
      }
    },
    {
      "quarter": "Q3 2016",
      "income status": {
        "Net sales": 44284,
        "Cost of goods sold": 32307,
        "Gross Profit": 11977,
        "Financial expenses": 1336,
        "Of which: Interest expense": 1336,
        "Cost of sales": 2480,
        "Enterprise cost management": 7283,
        "Total Operating Expenses": 11099,
        "Total revenue financing activities": 106,
        "Net profit from business activities": 985,
        "Profit": 29,
        "Profit before tax": 1014,
        "Present corporate income tax expenses": "N/A",
        "Deferred income taxes expenses": "N/A",
        "The interests of minority shareholders": "N/A",
        "Total Cost of profits": 0,
        "Profit after tax corporate income": 1014,
        "Volume": 4350000,
        "Close of Quarter": 9.5,
        "EPS": 1683,
        "Non-adjusted EPS": 1683,
        "PE": 5.6,
        "Book Price": 0.5
      }
    },
    {
      "quarter": "Q2 2016",
      "income status": {
        "Net sales": 57114,
        "Cost of goods sold": 44208,
        "Gross Profit": 12906,
        "Financial expenses": 1243,
        "Of which: Interest expense": 1243,
        "Cost of sales": 1786,
        "Enterprise cost management": 9066,
        "Total Operating Expenses": 12095,
        "Total revenue financing activities": 23,
        "Net profit from business activities": 834,
        "Profit": 220,
        "Profit before tax": 1055,
        "Present corporate income tax expenses": "N/A",
        "Deferred income taxes expenses": "N/A",
        "The interests of minority shareholders": "N/A",
        "Total Cost of profits": 0,
        "Profit after tax corporate income": 1055,
        "Volume": 4350000,
        "Close of Quarter": 8.5,
        "EPS": 1720,
        "Non-adjusted EPS": 1720,
        "PE": 4.9,
        "Book Price": 0.2
      }
    },
    {
      "quarter": "Q1 2016",
      "income status": {
        "Net sales": 30293,
        "Cost of goods sold": 22008,
        "Gross Profit": 8285,
        "Financial expenses": 449,
        "Of which: Interest expense": 449,
        "Cost of sales": 1541,
        "Enterprise cost management": 2240,
        "Total Operating Expenses": 4230,
        "Total revenue financing activities": 21,
        "Net profit from business activities": 4077,
        "Profit": "N/A",
        "Profit before tax": 4077,
        "Present corporate income tax expenses": "N/A",
        "Deferred income taxes expenses": "N/A",
        "The interests of minority shareholders": "N/A",
        "Total Cost of profits": 0,
        "Profit after tax corporate income": 4077,
        "Volume": 4350000,
        "Close of Quarter": 6,
        "EPS": 1656,
        "Non-adjusted EPS": 1656,
        "PE": 3.6,
        "Book Price": "N/A"
      }
    },
    {
      "quarter": "Q3 2015",
      "income status": {
        "Net sales": 45253,
        "Cost of goods sold": 32923,
        "Gross Profit": 12331,
        "Financial expenses": 1408,
        "Of which: Interest expense": 1408,
        "Cost of sales": 1370,
        "Enterprise cost management": 8112,
        "Total Operating Expenses": 10890,
        "Total revenue financing activities": 2,
        "Net profit from business activities": 1442,
        "Profit": 75,
        "Profit before tax": 1518,
        "Present corporate income tax expenses": 343,
        "Deferred income taxes expenses": "N/A",
        "The interests of minority shareholders": "N/A",
        "Total Cost of profits": 343,
        "Profit after tax corporate income": 1174,
        "Volume": 4350000,
        "Close of Quarter": 6,
        "EPS": 996,
        "Non-adjusted EPS": 996,
        "PE": 6.0,
        "Book Price": 13.4
      }
    },
    {
      "quarter": "Q2 2015",
      "income status": {
        "Net sales": 46862,
        "Cost of goods sold": 34100,
        "Gross Profit": 12762,
        "Financial expenses": 1580,
        "Of which: Interest expense": 1580,
        "Cost of sales": 1483,
        "Enterprise cost management": 8259,
        "Total Operating Expenses": 11322,
        "Total revenue financing activities": 12,
        "Net profit from business activities": 1452,
        "Profit": 65,
        "Profit before tax": 1517,
        "Present corporate income tax expenses": 340,
        "Deferred income taxes expenses": "N/A",
        "The interests of minority shareholders": "N/A",
        "Total Cost of profits": 340,
        "Profit after tax corporate income": 1178,
        "Volume": 4350000,
        "Close of Quarter": 7.0,
        "EPS": 996,
        "Non-adjusted EPS": 996,
        "PE": 7.1,
        "Book Price": 13.1
      }
    },
    {
      "quarter": "Q1 2015",
      "income status": {
        "Net sales": 31620,
        "Cost of goods sold": 25521,
        "Gross Profit": 6098,
        "Financial expenses": 903,
        "Of which: Interest expense": 903,
        "Cost of sales": 2096,
        "Enterprise cost management": 2102,
        "Total Operating Expenses": 5101,
        "Total revenue financing activities": 3,
        "Net profit from business activities": 1001,
        "Profit": 2,
        "Profit before tax": 1003,
        "Present corporate income tax expenses": 229,
        "Deferred income taxes expenses": "N/A",
        "The interests of minority shareholders": "N/A",
        "Total Cost of profits": 229,
        "Profit after tax corporate income": 774,
        "Volume": 4350000,
        "Close of Quarter": 6.1,
        "EPS": 905,
        "Non-adjusted EPS": 905,
        "PE": 6.7,
        "Book Price": 14
      }
    },
    {
      "quarter": "Q3 2014",
      "income status": {
        "Net sales": 51734,
        "Cost of goods sold": 44921,
        "Gross Profit": 6813,
        "Financial expenses": 2296,
        "Of which: Interest expense": 2296,
        "Cost of sales": 1190,
        "Enterprise cost management": 2029,
        "Total Operating Expenses": 5515,
        "Total revenue financing activities": 167,
        "Net profit from business activities": 1463,
        "Profit": 46,
        "Profit before tax": 1509,
        "Present corporate income tax expenses": 304,
        "Deferred income taxes expenses": "N/A",
        "The interests of minority shareholders": "N/A",
        "Total Cost of profits": 304,
        "Profit after tax corporate income": 1205,
        "Volume": 4350000,
        "Close of Quarter": 7.6,
        "EPS": 727,
        "Non-adjusted EPS": 727,
        "PE": 10.5,
        "Book Price": "N/A"
      }
    },
    {
      "quarter": "Q2 2014",
      "income status": {
        "Net sales": 40711,
        "Cost of goods sold": 31931,
        "Gross Profit": 8780,
        "Financial expenses": 1835,
        "Of which: Interest expense": 1835,
        "Cost of sales": 2325,
        "Enterprise cost management": 3126,
        "Total Operating Expenses": 7286,
        "Total revenue financing activities": 5,
        "Net profit from business activities": 1498,
        "Profit": 20,
        "Profit before tax": 1519,
        "Present corporate income tax expenses": 342,
        "Deferred income taxes expenses": "N/A",
        "The interests of minority shareholders": "N/A",
        "Total Cost of profits": 342,
        "Profit after tax corporate income": 1177,
        "Volume": 4350000,
        "Close of Quarter": 6.8,
        "EPS": 450,
        "Non-adjusted EPS": 450,
        "PE": 15.2,
        "Book Price": "N/A"
      }
    },
    {
      "quarter": "Q1 2014",
      "income status": {
        "Net sales": 27316,
        "Cost of goods sold": 21577,
        "Gross Profit": 5739,
        "Financial expenses": 1329,
        "Of which: Interest expense": 1239,
        "Cost of sales": 1413,
        "Enterprise cost management": 2016,
        "Total Operating Expenses": 4758,
        "Total revenue financing activities": 25,
        "Net profit from business activities": 1006,
        "Profit": "N/A",
        "Profit before tax": 1006,
        "Present corporate income tax expenses": 225,
        "Deferred income taxes expenses": "N/A",
        "The interests of minority shareholders": "N/A",
        "Total Cost of profits": 225,
        "Profit after tax corporate income": 781,
        "Volume": 4350000,
        "Close of Quarter": 6.6,
        "EPS": 180,
        "Non-adjusted EPS": 180,
        "PE": 36.7,
        "Book Price": "N/A"
      }
    }
  ]
}