{
  "ticker": "VLC",
  "data": [
    {
      "quarter": "Q4 2016",
      "income status": {
        "Net sales": 614385,
        "Cost of goods sold": 556196,
        "Gross Profit": 58189,
        "Financial expenses": -885,
        "Of which: Interest expense": 73,
        "Cost of sales": 27339,
        "Enterprise cost management": 25778,
        "Total Operating Expenses": 52232,
        "Total revenue financing activities": 21593,
        "Net profit from business activities": 27550,
        "Profit": 3725,
        "Profit before tax": 31276,
        "Present corporate income tax expenses": 1580,
        "Deferred income taxes expenses": -158,
        "The interests of minority shareholders": 13931,
        "Total Cost of profits": 15353,
        "Profit after tax corporate income": 15922,
        "Volume": 63101000,
        "Close of Quarter": 16.1,
        "EPS": 1841,
        "Non-adjusted EPS": 1841,
        "PE": 8.8,
        "Book Price": 18.7
      }
    },
    {
      "quarter": "Q3 2016",
      "income status": {
        "Net sales": 726595,
        "Cost of goods sold": 598228,
        "Gross Profit": 128367,
        "Financial expenses": 5824,
        "Of which: Interest expense": 20,
        "Cost of sales": 66453,
        "Enterprise cost management": 17847,
        "Total Operating Expenses": 90124,
        "Total revenue financing activities": 13566,
        "Net profit from business activities": 51809,
        "Profit": 305,
        "Profit before tax": 52114,
        "Present corporate income tax expenses": 2789,
        "Deferred income taxes expenses": "N/A",
        "The interests of minority shareholders": 22641,
        "Total Cost of profits": 25430,
        "Profit after tax corporate income": 26684,
        "Volume": 63101000,
        "Close of Quarter": 14.6,
        "EPS": 1765,
        "Non-adjusted EPS": 1765,
        "PE": 8.3,
        "Book Price": 18.8
      }
    },
    {
      "quarter": "Q2 2016",
      "income status": {
        "Net sales": 726273,
        "Cost of goods sold": 586282,
        "Gross Profit": 139991,
        "Financial expenses": 4916,
        "Of which: Interest expense": 20,
        "Cost of sales": 50332,
        "Enterprise cost management": 3977,
        "Total Operating Expenses": 59225,
        "Total revenue financing activities": 7517,
        "Net profit from business activities": 88284,
        "Profit": -616,
        "Profit before tax": 87668,
        "Present corporate income tax expenses": 5353,
        "Deferred income taxes expenses": -140,
        "The interests of minority shareholders": 35226,
        "Total Cost of profits": 40439,
        "Profit after tax corporate income": 47230,
        "Volume": 63101000,
        "Close of Quarter": 16.6,
        "EPS": 1826,
        "Non-adjusted EPS": 1826,
        "PE": 9.1,
        "Book Price": 18.9
      }
    },
    {
      "quarter": "Q1 2016",
      "income status": {
        "Net sales": 605963,
        "Cost of goods sold": 499632,
        "Gross Profit": 106332,
        "Financial expenses": 382,
        "Of which: Interest expense": 382,
        "Cost of sales": 51560,
        "Enterprise cost management": 17583,
        "Total Operating Expenses": 69525,
        "Total revenue financing activities": 7538,
        "Net profit from business activities": 44345,
        "Profit": 7328,
        "Profit before tax": 51673,
        "Present corporate income tax expenses": 4300,
        "Deferred income taxes expenses": "N/A",
        "The interests of minority shareholders": 21046,
        "Total Cost of profits": 25346,
        "Profit after tax corporate income": 26326,
        "Volume": 63101000,
        "Close of Quarter": 19.2,
        "EPS": 1517,
        "Non-adjusted EPS": 1517,
        "PE": 12.6,
        "Book Price": 19
      }
    },
    {
      "quarter": "Q4 2015",
      "income status": {
        "Net sales": 685320,
        "Cost of goods sold": 595328,
        "Gross Profit": 89992,
        "Financial expenses": 9995,
        "Of which: Interest expense": 2667,
        "Cost of sales": 56565,
        "Enterprise cost management": 17846,
        "Total Operating Expenses": 84406,
        "Total revenue financing activities": 13110,
        "Net profit from business activities": 18695,
        "Profit": 4469,
        "Profit before tax": 23164,
        "Present corporate income tax expenses": -2680,
        "Deferred income taxes expenses": "N/A",
        "The interests of minority shareholders": 14692,
        "Total Cost of profits": 12012,
        "Profit after tax corporate income": 11152,
        "Volume": 63101000,
        "Close of Quarter": 13.9,
        "EPS": 1345,
        "Non-adjusted EPS": 1345,
        "PE": 10.3,
        "Book Price": 18.6
      }
    },
    {
      "quarter": "Q3 2015",
      "income status": {
        "Net sales": 700002,
        "Cost of goods sold": 577444,
        "Gross Profit": 122558,
        "Financial expenses": 299,
        "Of which: Interest expense": 231,
        "Cost of sales": 48921,
        "Enterprise cost management": 15991,
        "Total Operating Expenses": 65211,
        "Total revenue financing activities": 15866,
        "Net profit from business activities": 73213,
        "Profit": -637,
        "Profit before tax": 72576,
        "Present corporate income tax expenses": 6225,
        "Deferred income taxes expenses": "N/A",
        "The interests of minority shareholders": 35856,
        "Total Cost of profits": 42081,
        "Profit after tax corporate income": 30495,
        "Volume": 63101000,
        "Close of Quarter": "N/A",
        "EPS": 1412,
        "Non-adjusted EPS": 1412,
        "PE": "N/A",
        "Book Price": 19.2
      }
    },
    {
      "quarter": "Q2 2015",
      "income status": {
        "Net sales": 736957,
        "Cost of goods sold": 635993,
        "Gross Profit": 100964,
        "Financial expenses": 956,
        "Of which: Interest expense": 424,
        "Cost of sales": 29572,
        "Enterprise cost management": 11299,
        "Total Operating Expenses": 41827,
        "Total revenue financing activities": 6661,
        "Net profit from business activities": 65798,
        "Profit": -289,
        "Profit before tax": 65509,
        "Present corporate income tax expenses": 3721,
        "Deferred income taxes expenses": "N/A",
        "The interests of minority shareholders": 34046,
        "Total Cost of profits": 37767,
        "Profit after tax corporate income": 27741,
        "Volume": 63101000,
        "Close of Quarter": "N/A",
        "EPS": 1875,
        "Non-adjusted EPS": 1875,
        "PE": "N/A",
        "Book Price": 18.7
      }
    },
    {
      "quarter": "Q1 2015",
      "income status": {
        "Net sales": 521872,
        "Cost of goods sold": 461742,
        "Gross Profit": 60130,
        "Financial expenses": 405,
        "Of which: Interest expense": 170,
        "Cost of sales": 25501,
        "Enterprise cost management": 12031,
        "Total Operating Expenses": 37937,
        "Total revenue financing activities": 3893,
        "Net profit from business activities": 26086,
        "Profit": 6794,
        "Profit before tax": 32880,
        "Present corporate income tax expenses": 2830,
        "Deferred income taxes expenses": "N/A",
        "The interests of minority shareholders": 14573,
        "Total Cost of profits": 17403,
        "Profit after tax corporate income": 15477,
        "Volume": 63101000,
        "Close of Quarter": "N/A",
        "EPS": 2066,
        "Non-adjusted EPS": 2066,
        "PE": "N/A",
        "Book Price": 18.3
      }
    },
    {
      "quarter": "Q4 2014",
      "income status": {
        "Net sales": 652457,
        "Cost of goods sold": 551092,
        "Gross Profit": 101364,
        "Financial expenses": -2409,
        "Of which: Interest expense": 446,
        "Cost of sales": 84730,
        "Enterprise cost management": 19264,
        "Total Operating Expenses": 101585,
        "Total revenue financing activities": 10352,
        "Net profit from business activities": 14597,
        "Profit": 771,
        "Profit before tax": 15369,
        "Present corporate income tax expenses": -3,
        "Deferred income taxes expenses": "N/A",
        "The interests of minority shareholders": "N/A",
        "Total Cost of profits": -3,
        "Profit after tax corporate income": 15372,
        "Volume": 63101000,
        "Close of Quarter": "N/A",
        "EPS": 1821,
        "Non-adjusted EPS": 1821,
        "PE": "N/A",
        "Book Price": 17.5
      }
    },
    {
      "quarter": "Q3 2014",
      "income status": {
        "Net sales": 670234,
        "Cost of goods sold": 523793,
        "Gross Profit": 146441,
        "Financial expenses": 756,
        "Of which: Interest expense": 680,
        "Cost of sales": 80134,
        "Enterprise cost management": 11693,
        "Total Operating Expenses": 92583,
        "Total revenue financing activities": 10923,
        "Net profit from business activities": 64781,
        "Profit": -983,
        "Profit before tax": 63798,
        "Present corporate income tax expenses": 4050,
        "Deferred income taxes expenses": "N/A",
        "The interests of minority shareholders": "N/A",
        "Total Cost of profits": 4050,
        "Profit after tax corporate income": 59748,
        "Volume": 63101000,
        "Close of Quarter": "N/A",
        "EPS": 1578,
        "Non-adjusted EPS": 1578,
        "PE": "N/A",
        "Book Price": 17.7
      }
    },
    {
      "quarter": "Q2 2014",
      "income status": {
        "Net sales": 785660,
        "Cost of goods sold": 628155,
        "Gross Profit": 157505,
        "Financial expenses": 4796,
        "Of which: Interest expense": 1190,
        "Cost of sales": 92830,
        "Enterprise cost management": 15916,
        "Total Operating Expenses": 113542,
        "Total revenue financing activities": -1109,
        "Net profit from business activities": 42855,
        "Profit": 729,
        "Profit before tax": 43584,
        "Present corporate income tax expenses": 3787,
        "Deferred income taxes expenses": "N/A",
        "The interests of minority shareholders": "N/A",
        "Total Cost of profits": 3787,
        "Profit after tax corporate income": 39797,
        "Volume": 63101000,
        "Close of Quarter": "N/A",
        "EPS": 631,
        "Non-adjusted EPS": 631,
        "PE": "N/A",
        "Book Price": 17.4
      }
    }
  ]
}