{
  "ticker": "ELC",
  "data": [
    {
      "quarter": "Q4 2016",
      "income status": {
        "Net sales": 376569,
        "Cost of goods sold": 288716,
        "Gross Profit": 87852,
        "Financial expenses": -7817,
        "Of which: Interest expense": 2478,
        "Cost of sales": 7142,
        "Enterprise cost management": 62981,
        "Total Operating Expenses": 62306,
        "Total revenue financing activities": 2104,
        "Net profit from business activities": 27651,
        "Profit": 2009,
        "Profit before tax": 29660,
        "Present corporate income tax expenses": 2680,
        "Deferred income taxes expenses": -1527,
        "The interests of minority shareholders": -138,
        "Total Cost of profits": 1015,
        "Profit after tax corporate income": 28644,
        "Volume": 46597375,
        "Close of Quarter": 25.8,
        "EPS": 2024,
        "Non-adjusted EPS": 2024,
        "PE": 12.8,
        "Book Price": 16.9
      }
    },
    {
      "quarter": "Q3 2016",
      "income status": {
        "Net sales": 565299,
        "Cost of goods sold": 470638,
        "Gross Profit": 94662,
        "Financial expenses": 3698,
        "Of which: Interest expense": 3693,
        "Cost of sales": 22945,
        "Enterprise cost management": 23476,
        "Total Operating Expenses": 50119,
        "Total revenue financing activities": 981,
        "Net profit from business activities": 45523,
        "Profit": -1092,
        "Profit before tax": 44430,
        "Present corporate income tax expenses": 9683,
        "Deferred income taxes expenses": -362,
        "The interests of minority shareholders": -138,
        "Total Cost of profits": 9183,
        "Profit after tax corporate income": 35248,
        "Volume": 46597375,
        "Close of Quarter": 22.0,
        "EPS": 2651,
        "Non-adjusted EPS": 2651,
        "PE": 8.3,
        "Book Price": 16.4
      }
    },
    {
      "quarter": "Q2 2016",
      "income status": {
        "Net sales": 281537,
        "Cost of goods sold": 202316,
        "Gross Profit": 79221,
        "Financial expenses": 6694,
        "Of which: Interest expense": 2823,
        "Cost of sales": 7148,
        "Enterprise cost management": 36851,
        "Total Operating Expenses": 50693,
        "Total revenue financing activities": 2836,
        "Net profit from business activities": 31364,
        "Profit": 997,
        "Profit before tax": 32361,
        "Present corporate income tax expenses": 4663,
        "Deferred income taxes expenses": 1845,
        "The interests of minority shareholders": -178,
        "Total Cost of profits": 6330,
        "Profit after tax corporate income": 26030,
        "Volume": 42371998,
        "Close of Quarter": 21.4,
        "EPS": 2102.4,
        "Non-adjusted EPS": 2312,
        "PE": 9.3,
        "Book Price": 15.6
      }
    },
    {
      "quarter": "Q1 2016",
      "income status": {
        "Net sales": 78174,
        "Cost of goods sold": 59040,
        "Gross Profit": 19135,
        "Financial expenses": 2611,
        "Of which: Interest expense": 1750,
        "Cost of sales": 2932,
        "Enterprise cost management": 11283,
        "Total Operating Expenses": 16826,
        "Total revenue financing activities": 2541,
        "Net profit from business activities": 4850,
        "Profit": -97,
        "Profit before tax": 4753,
        "Present corporate income tax expenses": 577,
        "Deferred income taxes expenses": -54,
        "The interests of minority shareholders": -147,
        "Total Cost of profits": 376,
        "Profit after tax corporate income": 4377,
        "Volume": 41571998,
        "Close of Quarter": 20.9,
        "EPS": 1564.8,
        "Non-adjusted EPS": 1754,
        "PE": 11.9,
        "Book Price": 15.1
      }
    },
    {
      "quarter": "Q4 2015",
      "income status": {
        "Net sales": 313348,
        "Cost of goods sold": 195356,
        "Gross Profit": 117992,
        "Financial expenses": 11590,
        "Of which: Interest expense": 797,
        "Cost of sales": 10483,
        "Enterprise cost management": 29997,
        "Total Operating Expenses": 52070,
        "Total revenue financing activities": 2892,
        "Net profit from business activities": 68521,
        "Profit": 3508,
        "Profit before tax": 72029,
        "Present corporate income tax expenses": 10356,
        "Deferred income taxes expenses": 439,
        "The interests of minority shareholders": 3354,
        "Total Cost of profits": 14149,
        "Profit after tax corporate income": 57880,
        "Volume": 40971998,
        "Close of Quarter": 19.2,
        "EPS": 1632.8,
        "Non-adjusted EPS": 1857,
        "PE": 10.3,
        "Book Price": 15.7
      }
    },
    {
      "quarter": "Q3 2015",
      "income status": {
        "Net sales": 151174,
        "Cost of goods sold": 107769,
        "Gross Profit": 43405,
        "Financial expenses": 11906,
        "Of which: Interest expense": 905,
        "Cost of sales": 3326,
        "Enterprise cost management": 16919,
        "Total Operating Expenses": 32151,
        "Total revenue financing activities": 4372,
        "Net profit from business activities": 15409,
        "Profit": -5647,
        "Profit before tax": 9762,
        "Present corporate income tax expenses": 2320,
        "Deferred income taxes expenses": 432,
        "The interests of minority shareholders": -2659,
        "Total Cost of profits": 93,
        "Profit after tax corporate income": 9669,
        "Volume": 40971998,
        "Close of Quarter": 18.0,
        "EPS": 1594.1,
        "Non-adjusted EPS": 1813,
        "PE": 9.9,
        "Book Price": 14.4
      }
    },
    {
      "quarter": "Q2 2015",
      "income status": {
        "Net sales": 153066,
        "Cost of goods sold": 117194,
        "Gross Profit": 35872,
        "Financial expenses": 9059,
        "Of which: Interest expense": 752,
        "Cost of sales": 8006,
        "Enterprise cost management": 18092,
        "Total Operating Expenses": 35157,
        "Total revenue financing activities": 2080,
        "Net profit from business activities": 2297,
        "Profit": -3110,
        "Profit before tax": -812,
        "Present corporate income tax expenses": 269,
        "Deferred income taxes expenses": -367,
        "The interests of minority shareholders": -1687,
        "Total Cost of profits": -1785,
        "Profit after tax corporate income": 973,
        "Volume": 37939909,
        "Close of Quarter": 13.4,
        "EPS": 1410.2,
        "Non-adjusted EPS": 1732,
        "PE": 7.7,
        "Book Price": 14
      }
    },
    {
      "quarter": "Q1 2015",
      "income status": {
        "Net sales": 105681,
        "Cost of goods sold": 75929,
        "Gross Profit": 29753,
        "Financial expenses": 2060,
        "Of which: Interest expense": 1585,
        "Cost of sales": 3561,
        "Enterprise cost management": 18498,
        "Total Operating Expenses": 24119,
        "Total revenue financing activities": 1306,
        "Net profit from business activities": 7333,
        "Profit": 2331,
        "Profit before tax": 9664,
        "Present corporate income tax expenses": 929,
        "Deferred income taxes expenses": 186,
        "The interests of minority shareholders": 969,
        "Total Cost of profits": 2084,
        "Profit after tax corporate income": 7580,
        "Volume": 37939909,
        "Close of Quarter": 12.8,
        "EPS": 1415.1,
        "Non-adjusted EPS": 1738,
        "PE": 7.4,
        "Book Price": 15.0
      }
    },
    {
      "quarter": "Q4 2014",
      "income status": {
        "Net sales": 184996,
        "Cost of goods sold": 101246,
        "Gross Profit": 83751,
        "Financial expenses": 8386,
        "Of which: Interest expense": 1553,
        "Cost of sales": 4397,
        "Enterprise cost management": 16260,
        "Total Operating Expenses": 29043,
        "Total revenue financing activities": 3278,
        "Net profit from business activities": 58689,
        "Profit": -2737,
        "Profit before tax": 55952,
        "Present corporate income tax expenses": 3450,
        "Deferred income taxes expenses": -1346,
        "The interests of minority shareholders": -2209,
        "Total Cost of profits": -105,
        "Profit after tax corporate income": 56057,
        "Volume": 37939909,
        "Close of Quarter": 10.2,
        "EPS": 1361.4,
        "Non-adjusted EPS": 1672,
        "PE": 6.1,
        "Book Price": 15.0
      }
    },
    {
      "quarter": "Q3 2014",
      "income status": {
        "Net sales": 33740,
        "Cost of goods sold": 32552,
        "Gross Profit": 1188,
        "Financial expenses": 1876,
        "Of which: Interest expense": 1656,
        "Cost of sales": 5304,
        "Enterprise cost management": -2898,
        "Total Operating Expenses": 4282,
        "Total revenue financing activities": 3714,
        "Net profit from business activities": 1272,
        "Profit": -130,
        "Profit before tax": 1141,
        "Present corporate income tax expenses": 113,
        "Deferred income taxes expenses": -70,
        "The interests of minority shareholders": -21,
        "Total Cost of profits": 22,
        "Profit after tax corporate income": 1119,
        "Volume": 37939909,
        "Close of Quarter": 10.5,
        "EPS": 678.2,
        "Non-adjusted EPS": 833,
        "PE": 12.6,
        "Book Price": 13.6
      }
    },
    {
      "quarter": "Q2 2014",
      "income status": {
        "Net sales": 62575,
        "Cost of goods sold": 41023,
        "Gross Profit": 21552,
        "Financial expenses": 3155,
        "Of which: Interest expense": -4367,
        "Cost of sales": 3848,
        "Enterprise cost management": 17897,
        "Total Operating Expenses": 24900,
        "Total revenue financing activities": 4985,
        "Net profit from business activities": 1289,
        "Profit": -176,
        "Profit before tax": 1113,
        "Present corporate income tax expenses": 182,
        "Deferred income taxes expenses": -203,
        "The interests of minority shareholders": -38,
        "Total Cost of profits": -59,
        "Profit after tax corporate income": 1172,
        "Volume": 37939909,
        "Close of Quarter": 10.8,
        "EPS": 765.4,
        "Non-adjusted EPS": 940,
        "PE": 11.5,
        "Book Price": 13.5
      }
    },
    {
      "quarter": "Q1 2014",
      "income status": {
        "Net sales": 49310,
        "Cost of goods sold": 30264,
        "Gross Profit": 19046,
        "Financial expenses": 1436,
        "Of which: Interest expense": 1412,
        "Cost of sales": 326,
        "Enterprise cost management": 16261,
        "Total Operating Expenses": 18023,
        "Total revenue financing activities": 5236,
        "Net profit from business activities": 5657,
        "Profit": -83,
        "Profit before tax": 5574,
        "Present corporate income tax expenses": 260,
        "Deferred income taxes expenses": 225,
        "The interests of minority shareholders": -2,
        "Total Cost of profits": 483,
        "Profit after tax corporate income": 5091,
        "Volume": 37939909,
        "Close of Quarter": 13.7,
        "EPS": 811.0,
        "Non-adjusted EPS": 996,
        "PE": 13.7,
        "Book Price": 13.4
      }
    },
    {
      "quarter": "Q4 2013",
      "income status": {
        "Net sales": 171862,
        "Cost of goods sold": 116104,
        "Gross Profit": 55758,
        "Financial expenses": 5652,
        "Of which: Interest expense": 1796,
        "Cost of sales": 3861,
        "Enterprise cost management": 28219,
        "Total Operating Expenses": 37732,
        "Total revenue financing activities": 6369,
        "Net profit from business activities": 24397,
        "Profit": -152,
        "Profit before tax": 26569,
        "Present corporate income tax expenses": 814,
        "Deferred income taxes expenses": 1542,
        "The interests of minority shareholders": -2,
        "Total Cost of profits": 2354,
        "Profit after tax corporate income": 24214,
        "Volume": 37339909,
        "Close of Quarter": 12.4,
        "EPS": 774.9,
        "Non-adjusted EPS": 967,
        "PE": 12.9,
        "Book Price": 13.9
      }
    },
    {
      "quarter": "Q3 2013",
      "income status": {
        "Net sales": 91129,
        "Cost of goods sold": 68194,
        "Gross Profit": 22936,
        "Financial expenses": 1645,
        "Of which: Interest expense": 1154,
        "Cost of sales": 5825,
        "Enterprise cost management": 16215,
        "Total Operating Expenses": 23685,
        "Total revenue financing activities": 7294,
        "Net profit from business activities": 6545,
        "Profit": 247,
        "Profit before tax": 6581,
        "Present corporate income tax expenses": 494,
        "Deferred income taxes expenses": 909,
        "The interests of minority shareholders": -1,
        "Total Cost of profits": 1402,
        "Profit after tax corporate income": 5179,
        "Volume": 36624909,
        "Close of Quarter": 13.8,
        "EPS": 1084.7,
        "Non-adjusted EPS": 1380,
        "PE": 10.0,
        "Book Price": 13.3
      }
    },
    {
      "quarter": "Q2 2013",
      "income status": {
        "Net sales": 62216,
        "Cost of goods sold": 62182,
        "Gross Profit": 34,
        "Financial expenses": -4954,
        "Of which: Interest expense": 229,
        "Cost of sales": -593,
        "Enterprise cost management": 15785,
        "Total Operating Expenses": 10238,
        "Total revenue financing activities": 16411,
        "Net profit from business activities": 6207,
        "Profit": -511,
        "Profit before tax": 5451,
        "Present corporate income tax expenses": 5100,
        "Deferred income taxes expenses": -2947,
        "The interests of minority shareholders": -4,
        "Total Cost of profits": 2149,
        "Profit after tax corporate income": 3302,
        "Volume": 36624909,
        "Close of Quarter": 16.5,
        "EPS": 1596.3,
        "Non-adjusted EPS": 2031,
        "PE": 8.1,
        "Book Price": 13.8
      }
    },
    {
      "quarter": "Q1 2013",
      "income status": {
        "Net sales": 93682,
        "Cost of goods sold": 83841,
        "Gross Profit": 9842,
        "Financial expenses": 212,
        "Of which: Interest expense": 187,
        "Cost of sales": 9,
        "Enterprise cost management": 13783,
        "Total Operating Expenses": 14004,
        "Total revenue financing activities": 9437,
        "Net profit from business activities": 5274,
        "Profit": 15,
        "Profit before tax": 3885,
        "Present corporate income tax expenses": 444,
        "Deferred income taxes expenses": 25,
        "The interests of minority shareholders": -2,
        "Total Cost of profits": 467,
        "Profit after tax corporate income": 3418,
        "Volume": 36624909,
        "Close of Quarter": 20.3,
        "EPS": 1862.8,
        "Non-adjusted EPS": 2370,
        "PE": 8.5,
        "Book Price": 13.8
      }
    },
    {
      "quarter": "Q4 2012",
      "income status": {
        "Net sales": 188031,
        "Cost of goods sold": 113279,
        "Gross Profit": 74752,
        "Financial expenses": 920,
        "Of which: Interest expense": 28,
        "Cost of sales": -2152,
        "Enterprise cost management": 48512,
        "Total Operating Expenses": 47280,
        "Total revenue financing activities": 5734,
        "Net profit from business activities": 33206,
        "Profit": 1438,
        "Profit before tax": 35355,
        "Present corporate income tax expenses": -3088,
        "Deferred income taxes expenses": -212,
        "The interests of minority shareholders": -2,
        "Total Cost of profits": -3302,
        "Profit after tax corporate income": 38657,
        "Volume": 36624909,
        "Close of Quarter": 18.0,
        "EPS": 2476.6,
        "Non-adjusted EPS": 3151,
        "PE": 5.7,
        "Book Price": 14.5
      }
    },
    {
      "quarter": "Q3 2012",
      "income status": {
        "Net sales": 140619,
        "Cost of goods sold": 98188,
        "Gross Profit": 42431,
        "Financial expenses": 56,
        "Of which: Interest expense": 48,
        "Cost of sales": 4356,
        "Enterprise cost management": 13449,
        "Total Operating Expenses": 17861,
        "Total revenue financing activities": 5541,
        "Net profit from business activities": 30111,
        "Profit": 274,
        "Profit before tax": 29689,
        "Present corporate income tax expenses": 627,
        "Deferred income taxes expenses": 44,
        "The interests of minority shareholders": 1,
        "Total Cost of profits": 672,
        "Profit after tax corporate income": 29017,
        "Volume": 36624909,
        "Close of Quarter": 15.9,
        "EPS": 2532.5,
        "Non-adjusted EPS": 3222,
        "PE": 4.9,
        "Book Price": 13.8
      }
    },
    {
      "quarter": "Q2 2012",
      "income status": {
        "Net sales": 80952,
        "Cost of goods sold": 56777,
        "Gross Profit": 24176,
        "Financial expenses": -23,
        "Of which: Interest expense": 167,
        "Cost of sales": 5163,
        "Enterprise cost management": 14771,
        "Total Operating Expenses": 19911,
        "Total revenue financing activities": 17575,
        "Net profit from business activities": 21840,
        "Profit": 55,
        "Profit before tax": 21705,
        "Present corporate income tax expenses": 5986,
        "Deferred income taxes expenses": 27,
        "The interests of minority shareholders": -6,
        "Total Cost of profits": 6007,
        "Profit after tax corporate income": 15699,
        "Volume": 36624909,
        "Close of Quarter": 14.6,
        "EPS": 2659.8,
        "Non-adjusted EPS": 3384,
        "PE": 4.3,
        "Book Price": 13.1
      }
    },
    {
      "quarter": "Q1 2012",
      "income status": {
        "Net sales": 70321,
        "Cost of goods sold": 33248,
        "Gross Profit": 37072,
        "Financial expenses": 631,
        "Of which: Interest expense": 333,
        "Cost of sales": -82,
        "Enterprise cost management": 13329,
        "Total Operating Expenses": 13878,
        "Total revenue financing activities": 8785,
        "Net profit from business activities": 31979,
        "Profit": 179,
        "Profit before tax": 32269,
        "Present corporate income tax expenses": 246,
        "Deferred income taxes expenses": 3,
        "The interests of minority shareholders": -5,
        "Total Cost of profits": 244,
        "Profit after tax corporate income": 32026,
        "Volume": 29300000,
        "Close of Quarter": 14.3,
        "EPS": 2563.0,
        "Non-adjusted EPS": 4076,
        "PE": 3.5,
        "Book Price": 13.4
      }
    },
    {
      "quarter": "Q4 2011",
      "income status": {
        "Net sales": 187446,
        "Cost of goods sold": 112443,
        "Gross Profit": 75003,
        "Financial expenses": 31207,
        "Of which: Interest expense": 661,
        "Cost of sales": -4945,
        "Enterprise cost management": 19762,
        "Total Operating Expenses": 46024,
        "Total revenue financing activities": 15541,
        "Net profit from business activities": 44522,
        "Profit": 899,
        "Profit before tax": 44952,
        "Present corporate income tax expenses": 3272,
        "Deferred income taxes expenses": 418,
        "The interests of minority shareholders": -1,
        "Total Cost of profits": 3689,
        "Profit after tax corporate income": 41263,
        "Volume": 29300000,
        "Close of Quarter": 16.2,
        "EPS": 2534.0,
        "Non-adjusted EPS": 4030,
        "PE": 4.0,
        "Book Price": 12.5
      }
    },
    {
      "quarter": "Q3 2011",
      "income status": {
        "Net sales": 133159,
        "Cost of goods sold": 80054,
        "Gross Profit": 53105,
        "Financial expenses": 690,
        "Of which: Interest expense": 471,
        "Cost of sales": 6702,
        "Enterprise cost management": 12689,
        "Total Operating Expenses": 20081,
        "Total revenue financing activities": 1792,
        "Net profit from business activities": 34815,
        "Profit": -415,
        "Profit before tax": 34720,
        "Present corporate income tax expenses": 498,
        "Deferred income taxes expenses": -737,
        "The interests of minority shareholders": -1,
        "Total Cost of profits": -240,
        "Profit after tax corporate income": 34960,
        "Volume": 29300000,
        "Close of Quarter": 14.7,
        "EPS": 3605.5,
        "Non-adjusted EPS": 5734,
        "PE": 2.6,
        "Book Price": 12.3
      }
    },
    {
      "quarter": "Q2 2011",
      "income status": {
        "Net sales": 76093,
        "Cost of goods sold": 47480,
        "Gross Profit": 28613,
        "Financial expenses": 13806,
        "Of which: Interest expense": 808,
        "Cost of sales": 4452,
        "Enterprise cost management": 13335,
        "Total Operating Expenses": 31593,
        "Total revenue financing activities": 13770,
        "Net profit from business activities": 10790,
        "Profit": -26,
        "Profit before tax": 11785,
        "Present corporate income tax expenses": 61,
        "Deferred income taxes expenses": 537,
        "The interests of minority shareholders": -6,
        "Total Cost of profits": 592,
        "Profit after tax corporate income": 11192,
        "Volume": 29300000,
        "Close of Quarter": 14.6,
        "EPS": 4110.4,
        "Non-adjusted EPS": 6537,
        "PE": 2.2,
        "Book Price": 11.6
      }
    },
    {
      "quarter": "Q1 2011",
      "income status": {
        "Net sales": 85888,
        "Cost of goods sold": 33239,
        "Gross Profit": 52649,
        "Financial expenses": 5728,
        "Of which: Interest expense": 2659,
        "Cost of sales": 9210,
        "Enterprise cost management": 9962,
        "Total Operating Expenses": 24900,
        "Total revenue financing activities": 7974,
        "Net profit from business activities": 35724,
        "Profit": 96,
        "Profit before tax": 34980,
        "Present corporate income tax expenses": 418,
        "Deferred income taxes expenses": 3906,
        "The interests of minority shareholders": -1,
        "Total Cost of profits": 4323,
        "Profit after tax corporate income": 30656,
        "Volume": 29300000,
        "Close of Quarter": 17.0,
        "EPS": 4079.0,
        "Non-adjusted EPS": 6487,
        "PE": 2.6,
        "Book Price": 12.6
      }
    }
  ]
}