{
  "ticker": "PPI",
  "data": [
    {
      "quarter": "Q4 2016",
      "income status": {
        "Net sales": 4266,
        "Cost of goods sold": 726,
        "Gross Profit": 3540,
        "Financial expenses": 1886,
        "Of which: Interest expense": 1877,
        "Cost of sales": "N/A",
        "Enterprise cost management": 2500,
        "Total Operating Expenses": 4386,
        "Total revenue financing activities": 2316,
        "Net profit from business activities": 1470,
        "Profit": -873,
        "Profit before tax": 598,
        "Present corporate income tax expenses": 120,
        "Deferred income taxes expenses": "N/A",
        "The interests of minority shareholders": "N/A",
        "Total Cost of profits": 120,
        "Profit after tax corporate income": 478,
        "Volume": 48290629,
        "Close of Quarter": 2.2,
        "EPS": 57,
        "Non-adjusted EPS": 57,
        "PE": 38.6,
        "Book Price": 11.3
      }
    },
    {
      "quarter": "Q3 2016",
      "income status": {
        "Net sales": 86192,
        "Cost of goods sold": 75515,
        "Gross Profit": 10677,
        "Financial expenses": 2370,
        "Of which: Interest expense": 2370,
        "Cost of sales": "N/A",
        "Enterprise cost management": 2502,
        "Total Operating Expenses": 4872,
        "Total revenue financing activities": 3,
        "Net profit from business activities": 5260,
        "Profit": -2637,
        "Profit before tax": 2623,
        "Present corporate income tax expenses": 525,
        "Deferred income taxes expenses": 110,
        "The interests of minority shareholders": "N/A",
        "Total Cost of profits": 635,
        "Profit after tax corporate income": 1989,
        "Volume": 48290629,
        "Close of Quarter": 3.1,
        "EPS": -77,
        "Non-adjusted EPS": -77,
        "PE": -39.9,
        "Book Price": 11.3
      }
    },
    {
      "quarter": "Q2 2016",
      "income status": {
        "Net sales": 112381,
        "Cost of goods sold": 119174,
        "Gross Profit": -6793,
        "Financial expenses": 1980,
        "Of which: Interest expense": 1957,
        "Cost of sales": "N/A",
        "Enterprise cost management": 2548,
        "Total Operating Expenses": 4528,
        "Total revenue financing activities": 7,
        "Net profit from business activities": -11314,
        "Profit": -3041,
        "Profit before tax": -14355,
        "Present corporate income tax expenses": -2526,
        "Deferred income taxes expenses": "N/A",
        "The interests of minority shareholders": "N/A",
        "Total Cost of profits": -2526,
        "Profit after tax corporate income": -11829,
        "Volume": 48290629,
        "Close of Quarter": 4.5,
        "EPS": 210,
        "Non-adjusted EPS": 210,
        "PE": 21.4,
        "Book Price": 11.3
      }
    },
    {
      "quarter": "Q1 2016",
      "income status": {
        "Net sales": 87564,
        "Cost of goods sold": 67478,
        "Gross Profit": 20086,
        "Financial expenses": 1928,
        "Of which: Interest expense": 1921,
        "Cost of sales": 20,
        "Enterprise cost management": 2659,
        "Total Operating Expenses": 4607,
        "Total revenue financing activities": 54,
        "Net profit from business activities": 15534,
        "Profit": 9,
        "Profit before tax": 15543,
        "Present corporate income tax expenses": 3419,
        "Deferred income taxes expenses": "N/A",
        "The interests of minority shareholders": "N/A",
        "Total Cost of profits": 3419,
        "Profit after tax corporate income": 12123,
        "Volume": 48290629,
        "Close of Quarter": 4.9,
        "EPS": 780,
        "Non-adjusted EPS": 780,
        "PE": 6.3,
        "Book Price": 11.5
      }
    },
    {
      "quarter": "Q4 2015",
      "income status": {
        "Net sales": 31171,
        "Cost of goods sold": 30972,
        "Gross Profit": 200,
        "Financial expenses": 2672,
        "Of which: Interest expense": 2480,
        "Cost of sales": "N/A",
        "Enterprise cost management": 3615,
        "Total Operating Expenses": 6287,
        "Total revenue financing activities": 68,
        "Net profit from business activities": -6011,
        "Profit": -7,
        "Profit before tax": -6018,
        "Present corporate income tax expenses": "N/A",
        "Deferred income taxes expenses": "N/A",
        "The interests of minority shareholders": "N/A",
        "Total Cost of profits": 0,
        "Profit after tax corporate income": -6018,
        "Volume": 48290629,
        "Close of Quarter": 5.3,
        "EPS": 615,
        "Non-adjusted EPS": 615,
        "PE": 8.6,
        "Book Price": 11.4
      }
    },
    {
      "quarter": "Q3 2015",
      "income status": {
        "Net sales": 127104,
        "Cost of goods sold": 101137,
        "Gross Profit": 25967,
        "Financial expenses": 2448,
        "Of which: Interest expense": 2448,
        "Cost of sales": "N/A",
        "Enterprise cost management": 3183,
        "Total Operating Expenses": 5631,
        "Total revenue financing activities": 9,
        "Net profit from business activities": 20347,
        "Profit": 48,
        "Profit before tax": 20394,
        "Present corporate income tax expenses": 4515,
        "Deferred income taxes expenses": "N/A",
        "The interests of minority shareholders": "N/A",
        "Total Cost of profits": 4515,
        "Profit after tax corporate income": 15879,
        "Volume": 48290629,
        "Close of Quarter": 6.8,
        "EPS": 918,
        "Non-adjusted EPS": 918,
        "PE": 7.4,
        "Book Price": 11.4
      }
    },
    {
      "quarter": "Q2 2015",
      "income status": {
        "Net sales": 194507,
        "Cost of goods sold": 170812,
        "Gross Profit": 23695,
        "Financial expenses": 1503,
        "Of which: Interest expense": 1498,
        "Cost of sales": 20,
        "Enterprise cost management": 2259,
        "Total Operating Expenses": 3782,
        "Total revenue financing activities": 2,
        "Net profit from business activities": 19920,
        "Profit": 159,
        "Profit before tax": 20079,
        "Present corporate income tax expenses": 4417,
        "Deferred income taxes expenses": "N/A",
        "The interests of minority shareholders": "N/A",
        "Total Cost of profits": 4417,
        "Profit after tax corporate income": 15662,
        "Volume": 25049053,
        "Close of Quarter": 8.2,
        "EPS": 837.7,
        "Non-adjusted EPS": 1615,
        "PE": 5.1,
        "Book Price": 7.4
      }
    },
    {
      "quarter": "Q1 2015",
      "income status": {
        "Net sales": 86516,
        "Cost of goods sold": 77484,
        "Gross Profit": 9031,
        "Financial expenses": 1374,
        "Of which: Interest expense": 1374,
        "Cost of sales": 44,
        "Enterprise cost management": 2295,
        "Total Operating Expenses": 3713,
        "Total revenue financing activities": 3,
        "Net profit from business activities": 5330,
        "Profit": "N/A",
        "Profit before tax": 5330,
        "Present corporate income tax expenses": 1171,
        "Deferred income taxes expenses": "N/A",
        "The interests of minority shareholders": "N/A",
        "Total Cost of profits": 1171,
        "Profit after tax corporate income": 4159,
        "Volume": 25049053,
        "Close of Quarter": 9.6,
        "EPS": 723.6,
        "Non-adjusted EPS": 1395,
        "PE": 6.9,
        "Book Price": 7.1
      }
    },
    {
      "quarter": "Q4 2014",
      "income status": {
        "Net sales": 127752,
        "Cost of goods sold": 114299,
        "Gross Profit": 13452,
        "Financial expenses": 332,
        "Of which: Interest expense": 332,
        "Cost of sales": "N/A",
        "Enterprise cost management": 2132,
        "Total Operating Expenses": 2464,
        "Total revenue financing activities": 7,
        "Net profit from business activities": 10999,
        "Profit": 84,
        "Profit before tax": 11083,
        "Present corporate income tax expenses": 2437,
        "Deferred income taxes expenses": "N/A",
        "The interests of minority shareholders": "N/A",
        "Total Cost of profits": 2437,
        "Profit after tax corporate income": 8645,
        "Volume": 25049053,
        "Close of Quarter": 11.6,
        "EPS": 740.7,
        "Non-adjusted EPS": 1428,
        "PE": 8.2,
        "Book Price": 7.3
      }
    },
    {
      "quarter": "Q3 2014",
      "income status": {
        "Net sales": 97230,
        "Cost of goods sold": 79122,
        "Gross Profit": 18108,
        "Financial expenses": 595,
        "Of which: Interest expense": 593,
        "Cost of sales": 23,
        "Enterprise cost management": 2167,
        "Total Operating Expenses": 2785,
        "Total revenue financing activities": 68,
        "Net profit from business activities": 15401,
        "Profit": -20,
        "Profit before tax": 15381,
        "Present corporate income tax expenses": 3381,
        "Deferred income taxes expenses": "N/A",
        "The interests of minority shareholders": "N/A",
        "Total Cost of profits": 3381,
        "Profit after tax corporate income": 12000,
        "Volume": 25049053,
        "Close of Quarter": 10.4,
        "EPS": 669.1,
        "Non-adjusted EPS": 1290,
        "PE": 8.0,
        "Book Price": 7.1
      }
    },
    {
      "quarter": "Q2 2014",
      "income status": {
        "Net sales": 108839,
        "Cost of goods sold": 93338,
        "Gross Profit": 15501,
        "Financial expenses": 516,
        "Of which: Interest expense": 509,
        "Cost of sales": 79,
        "Enterprise cost management": 1915,
        "Total Operating Expenses": 2510,
        "Total revenue financing activities": 39,
        "Net profit from business activities": 13047,
        "Profit": -7,
        "Profit before tax": 13039,
        "Present corporate income tax expenses": 2899,
        "Deferred income taxes expenses": "N/A",
        "The interests of minority shareholders": "N/A",
        "Total Cost of profits": 2899,
        "Profit after tax corporate income": 10140,
        "Volume": 14049053,
        "Close of Quarter": 9.6,
        "EPS": 320.6,
        "Non-adjusted EPS": 1102,
        "PE": 8.8,
        "Book Price": 4.7
      }
    },
    {
      "quarter": "Q1 2014",
      "income status": {
        "Net sales": 20498,
        "Cost of goods sold": 11948,
        "Gross Profit": 8550,
        "Financial expenses": 594,
        "Of which: Interest expense": 594,
        "Cost of sales": 300,
        "Enterprise cost management": 1276,
        "Total Operating Expenses": 2170,
        "Total revenue financing activities": 14,
        "Net profit from business activities": 6373,
        "Profit": 24,
        "Profit before tax": 6397,
        "Present corporate income tax expenses": 1412,
        "Deferred income taxes expenses": "N/A",
        "The interests of minority shareholders": "N/A",
        "Total Cost of profits": 1412,
        "Profit after tax corporate income": 4985,
        "Volume": 14049053,
        "Close of Quarter": 10.9,
        "EPS": 69.5,
        "Non-adjusted EPS": 239,
        "PE": 45.7,
        "Book Price": 5.6
      }
    },
    {
      "quarter": "Q4 2013",
      "income status": {
        "Net sales": 54934,
        "Cost of goods sold": 42854,
        "Gross Profit": 12080,
        "Financial expenses": 1981,
        "Of which: Interest expense": 1981,
        "Cost of sales": 225,
        "Enterprise cost management": 1474,
        "Total Operating Expenses": 3680,
        "Total revenue financing activities": 23,
        "Net profit from business activities": 8424,
        "Profit": -1486,
        "Profit before tax": 6910,
        "Present corporate income tax expenses": 1718,
        "Deferred income taxes expenses": "N/A",
        "The interests of minority shareholders": "N/A",
        "Total Cost of profits": 1718,
        "Profit after tax corporate income": 5192,
        "Volume": 14049053,
        "Close of Quarter": 4.2,
        "EPS": -32.3,
        "Non-adjusted EPS": -111,
        "PE": -37.7,
        "Book Price": 5.5
      }
    },
    {
      "quarter": "Q3 2013",
      "income status": {
        "Net sales": 21857,
        "Cost of goods sold": 21385,
        "Gross Profit": 472,
        "Financial expenses": 2117,
        "Of which: Interest expense": 2117,
        "Cost of sales": 52,
        "Enterprise cost management": 1323,
        "Total Operating Expenses": 3492,
        "Total revenue financing activities": 61,
        "Net profit from business activities": -2958,
        "Profit": 741,
        "Profit before tax": -4840,
        "Present corporate income tax expenses": "N/A",
        "Deferred income taxes expenses": "N/A",
        "The interests of minority shareholders": "N/A",
        "Total Cost of profits": 0,
        "Profit after tax corporate income": -4840,
        "Volume": 14049053,
        "Close of Quarter": 4.6,
        "EPS": -117.5,
        "Non-adjusted EPS": -404,
        "PE": -11.3,
        "Book Price": 5.4
      }
    },
    {
      "quarter": "Q2 2013",
      "income status": {
        "Net sales": 4379,
        "Cost of goods sold": 2130,
        "Gross Profit": 2249,
        "Financial expenses": 1910,
        "Of which: Interest expense": 1686,
        "Cost of sales": -1245,
        "Enterprise cost management": 1986,
        "Total Operating Expenses": 2651,
        "Total revenue financing activities": -45,
        "Net profit from business activities": -448,
        "Profit": -31,
        "Profit before tax": -2009,
        "Present corporate income tax expenses": -23,
        "Deferred income taxes expenses": "N/A",
        "The interests of minority shareholders": "N/A",
        "Total Cost of profits": -23,
        "Profit after tax corporate income": -1985,
        "Volume": 14049053,
        "Close of Quarter": 4.6,
        "EPS": -16,
        "Non-adjusted EPS": -55,
        "PE": -82.7,
        "Book Price": 5.5
      }
    },
    {
      "quarter": "Q1 2013",
      "income status": {
        "Net sales": 22333,
        "Cost of goods sold": 16282,
        "Gross Profit": 6052,
        "Financial expenses": 2017,
        "Of which: Interest expense": 1993,
        "Cost of sales": 1732,
        "Enterprise cost management": 2007,
        "Total Operating Expenses": 5756,
        "Total revenue financing activities": 86,
        "Net profit from business activities": 382,
        "Profit": -288,
        "Profit before tax": 103,
        "Present corporate income tax expenses": 23,
        "Deferred income taxes expenses": "N/A",
        "The interests of minority shareholders": "N/A",
        "Total Cost of profits": 23,
        "Profit after tax corporate income": 79,
        "Volume": 14049053,
        "Close of Quarter": 4.5,
        "EPS": 51.8,
        "Non-adjusted EPS": 178,
        "PE": 25,
        "Book Price": 5.5
      }
    },
    {
      "quarter": "Q4 2012",
      "income status": {
        "Net sales": 81024,
        "Cost of goods sold": 73920,
        "Gross Profit": 7104,
        "Financial expenses": 1998,
        "Of which: Interest expense": 1911,
        "Cost of sales": 1600,
        "Enterprise cost management": 2538,
        "Total Operating Expenses": 6136,
        "Total revenue financing activities": 114,
        "Net profit from business activities": 1083,
        "Profit": 341,
        "Profit before tax": 1423,
        "Present corporate income tax expenses": 356,
        "Deferred income taxes expenses": "N/A",
        "The interests of minority shareholders": "N/A",
        "Total Cost of profits": 356,
        "Profit after tax corporate income": 1068,
        "Volume": 14049053,
        "Close of Quarter": 3.8,
        "EPS": 24.2,
        "Non-adjusted EPS": 83,
        "PE": 46.0,
        "Book Price": 5.5
      }
    },
    {
      "quarter": "Q3 2012",
      "income status": {
        "Net sales": 45940,
        "Cost of goods sold": 40595,
        "Gross Profit": 5345,
        "Financial expenses": 1918,
        "Of which: Interest expense": 1460,
        "Cost of sales": 1161,
        "Enterprise cost management": 2387,
        "Total Operating Expenses": 5466,
        "Total revenue financing activities": 93,
        "Net profit from business activities": -28,
        "Profit": 111,
        "Profit before tax": 82,
        "Present corporate income tax expenses": 21,
        "Deferred income taxes expenses": "N/A",
        "The interests of minority shareholders": "N/A",
        "Total Cost of profits": 21,
        "Profit after tax corporate income": 62,
        "Volume": 12216733,
        "Close of Quarter": 4.0,
        "EPS": -70.1,
        "Non-adjusted EPS": -277,
        "PE": -14.6,
        "Book Price": 5.5
      }
    },
    {
      "quarter": "Q2 2012",
      "income status": {
        "Net sales": 37535,
        "Cost of goods sold": 30715,
        "Gross Profit": 6820,
        "Financial expenses": 2597,
        "Of which: Interest expense": 2481,
        "Cost of sales": 444,
        "Enterprise cost management": 1439,
        "Total Operating Expenses": 4480,
        "Total revenue financing activities": 75,
        "Net profit from business activities": 2415,
        "Profit": -1020,
        "Profit before tax": 1396,
        "Present corporate income tax expenses": 103,
        "Deferred income taxes expenses": "N/A",
        "The interests of minority shareholders": "N/A",
        "Total Cost of profits": 103,
        "Profit after tax corporate income": 1293,
        "Volume": 12216733,
        "Close of Quarter": 4.7,
        "EPS": -1.5,
        "Non-adjusted EPS": -6,
        "PE": -776.7,
        "Book Price": 5.5
      }
    },
    {
      "quarter": "Q1 2012",
      "income status": {
        "Net sales": 27075,
        "Cost of goods sold": 24134,
        "Gross Profit": 2941,
        "Financial expenses": 2732,
        "Of which: Interest expense": 2395,
        "Cost of sales": 280,
        "Enterprise cost management": 1616,
        "Total Operating Expenses": 4628,
        "Total revenue financing activities": 419,
        "Net profit from business activities": -1267,
        "Profit": 17,
        "Profit before tax": -1252,
        "Present corporate income tax expenses": "N/A",
        "Deferred income taxes expenses": "N/A",
        "The interests of minority shareholders": "N/A",
        "Total Cost of profits": 0,
        "Profit after tax corporate income": -1252,
        "Volume": 12216733,
        "Close of Quarter": 5.2,
        "EPS": 45.5,
        "Non-adjusted EPS": 180,
        "PE": 29,
        "Book Price": 5.2
      }
    },
    {
      "quarter": "Q4 2011",
      "income status": {
        "Net sales": 43526,
        "Cost of goods sold": 39476,
        "Gross Profit": 4050,
        "Financial expenses": 4195,
        "Of which: Interest expense": 1376,
        "Cost of sales": 1582,
        "Enterprise cost management": 1732,
        "Total Operating Expenses": 7509,
        "Total revenue financing activities": 494,
        "Net profit from business activities": -2965,
        "Profit": -300,
        "Profit before tax": -3457,
        "Present corporate income tax expenses": 27,
        "Deferred income taxes expenses": "N/A",
        "The interests of minority shareholders": 3,
        "Total Cost of profits": 30,
        "Profit after tax corporate income": -3488,
        "Volume": 12216733,
        "Close of Quarter": 3.9,
        "EPS": 125.0,
        "Non-adjusted EPS": 494,
        "PE": 7.8,
        "Book Price": 5.5
      }
    },
    {
      "quarter": "Q3 2011",
      "income status": {
        "Net sales": 37052,
        "Cost of goods sold": 27452,
        "Gross Profit": 9600,
        "Financial expenses": 2603,
        "Of which: Interest expense": 2546,
        "Cost of sales": 911,
        "Enterprise cost management": 2306,
        "Total Operating Expenses": 5820,
        "Total revenue financing activities": 676,
        "Net profit from business activities": 4455,
        "Profit": 7,
        "Profit before tax": 4492,
        "Present corporate income tax expenses": 1112,
        "Deferred income taxes expenses": "N/A",
        "The interests of minority shareholders": 2,
        "Total Cost of profits": 1114,
        "Profit after tax corporate income": 3379,
        "Volume": 12216733,
        "Close of Quarter": 7.0,
        "EPS": 514.8,
        "Non-adjusted EPS": 2035,
        "PE": 3.5,
        "Book Price": 5.5
      }
    },
    {
      "quarter": "Q2 2011",
      "income status": {
        "Net sales": 47432,
        "Cost of goods sold": 38770,
        "Gross Profit": 8663,
        "Financial expenses": 2892,
        "Of which: Interest expense": 2454,
        "Cost of sales": 209,
        "Enterprise cost management": 2025,
        "Total Operating Expenses": 5126,
        "Total revenue financing activities": 922,
        "Net profit from business activities": 4459,
        "Profit": 79,
        "Profit before tax": 4693,
        "Present corporate income tax expenses": 1133,
        "Deferred income taxes expenses": "N/A",
        "The interests of minority shareholders": "N/A",
        "Total Cost of profits": 1133,
        "Profit after tax corporate income": 3559,
        "Volume": 12216733,
        "Close of Quarter": 7.7,
        "EPS": 691.7,
        "Non-adjusted EPS": 2734,
        "PE": 2.8,
        "Book Price": 6.6
      }
    },
    {
      "quarter": "Q1 2011",
      "income status": {
        "Net sales": 27666,
        "Cost of goods sold": 22355,
        "Gross Profit": 5310,
        "Financial expenses": 1288,
        "Of which: Interest expense": 693,
        "Cost of sales": 91,
        "Enterprise cost management": 1422,
        "Total Operating Expenses": 2801,
        "Total revenue financing activities": 1111,
        "Net profit from business activities": 3620,
        "Profit": -248,
        "Profit before tax": 3416,
        "Present corporate income tax expenses": 835,
        "Deferred income taxes expenses": "N/A",
        "The interests of minority shareholders": 2,
        "Total Cost of profits": 837,
        "Profit after tax corporate income": 2580,
        "Volume": 12183000,
        "Close of Quarter": 12.1,
        "EPS": 758.6,
        "Non-adjusted EPS": 3007,
        "PE": 4.0,
        "Book Price": 6.5
      }
    }
  ]
}