{
  "ticker": "GIL",
  "data": [
    {
      "quarter": "Q4 2016",
      "income status": {
        "Net sales": 260444,
        "Cost of goods sold": 205471,
        "Gross Profit": 54973,
        "Financial expenses": 34490,
        "Of which: Interest expense": 3462,
        "Cost of sales": 2554,
        "Enterprise cost management": 25378,
        "Total Operating Expenses": 62422,
        "Total revenue financing activities": 6253,
        "Net profit from business activities": -1197,
        "Profit": 5114,
        "Profit before tax": 3918,
        "Present corporate income tax expenses": 5516,
        "Deferred income taxes expenses": 65,
        "The interests of minority shareholders": 4918,
        "Total Cost of profits": 10499,
        "Profit after tax corporate income": -6581,
        "Volume": 12674588,
        "Close of Quarter": 42.7,
        "EPS": 6232,
        "Non-adjusted EPS": 6232,
        "PE": 6.9,
        "Book Price": 35.4
      }
    },
    {
      "quarter": "Q3 2016",
      "income status": {
        "Net sales": 300467,
        "Cost of goods sold": 236488,
        "Gross Profit": 63980,
        "Financial expenses": 3378,
        "Of which: Interest expense": 2776,
        "Cost of sales": 9329,
        "Enterprise cost management": 20796,
        "Total Operating Expenses": 33503,
        "Total revenue financing activities": 1499,
        "Net profit from business activities": 31975,
        "Profit": -919,
        "Profit before tax": 31056,
        "Present corporate income tax expenses": 7021,
        "Deferred income taxes expenses": "N/A",
        "The interests of minority shareholders": 2871,
        "Total Cost of profits": 9892,
        "Profit after tax corporate income": 21163,
        "Volume": 12674588,
        "Close of Quarter": 63.6,
        "EPS": 8087,
        "Non-adjusted EPS": 8087,
        "PE": 7.9,
        "Book Price": 36.1
      }
    },
    {
      "quarter": "Q2 2016",
      "income status": {
        "Net sales": 342950,
        "Cost of goods sold": 273978,
        "Gross Profit": 68973,
        "Financial expenses": 4004,
        "Of which: Interest expense": 2685,
        "Cost of sales": 11424,
        "Enterprise cost management": 18082,
        "Total Operating Expenses": 33510,
        "Total revenue financing activities": 8305,
        "Net profit from business activities": 43767,
        "Profit": 499,
        "Profit before tax": 44266,
        "Present corporate income tax expenses": 9797,
        "Deferred income taxes expenses": -37,
        "The interests of minority shareholders": 3920,
        "Total Cost of profits": 13680,
        "Profit after tax corporate income": 30587,
        "Volume": 12674588,
        "Close of Quarter": 49.4,
        "EPS": 8094,
        "Non-adjusted EPS": 8094,
        "PE": 6.1,
        "Book Price": 36.6
      }
    },
    {
      "quarter": "Q1 2016",
      "income status": {
        "Net sales": 386584,
        "Cost of goods sold": 304198,
        "Gross Profit": 82387,
        "Financial expenses": 8699,
        "Of which: Interest expense": 3048,
        "Cost of sales": 12867,
        "Enterprise cost management": 21003,
        "Total Operating Expenses": 42569,
        "Total revenue financing activities": 5026,
        "Net profit from business activities": 44843,
        "Profit": -941,
        "Profit before tax": 43903,
        "Present corporate income tax expenses": 7432,
        "Deferred income taxes expenses": "N/A",
        "The interests of minority shareholders": 2647,
        "Total Cost of profits": 10079,
        "Profit after tax corporate income": 33824,
        "Volume": 12674588,
        "Close of Quarter": 32.9,
        "EPS": 7363,
        "Non-adjusted EPS": 7363,
        "PE": 4.5,
        "Book Price": 33.8
      }
    },
    {
      "quarter": "Q4 2015",
      "income status": {
        "Net sales": 298092,
        "Cost of goods sold": 244155,
        "Gross Profit": 53937,
        "Financial expenses": 11572,
        "Of which: Interest expense": 3574,
        "Cost of sales": 11432,
        "Enterprise cost management": 19470,
        "Total Operating Expenses": 42474,
        "Total revenue financing activities": 11024,
        "Net profit from business activities": 22487,
        "Profit": 1285,
        "Profit before tax": 23771,
        "Present corporate income tax expenses": 4910,
        "Deferred income taxes expenses": -33,
        "The interests of minority shareholders": 1972,
        "Total Cost of profits": 6849,
        "Profit after tax corporate income": 16923,
        "Volume": 12674588,
        "Close of Quarter": 31.7,
        "EPS": 5259,
        "Non-adjusted EPS": 5259,
        "PE": 6.0,
        "Book Price": 31.2
      }
    },
    {
      "quarter": "Q3 2015",
      "income status": {
        "Net sales": 271218,
        "Cost of goods sold": 215858,
        "Gross Profit": 55360,
        "Financial expenses": 13475,
        "Of which: Interest expense": 2218,
        "Cost of sales": 5149,
        "Enterprise cost management": 18930,
        "Total Operating Expenses": 37554,
        "Total revenue financing activities": 7245,
        "Net profit from business activities": 25051,
        "Profit": 1276,
        "Profit before tax": 26327,
        "Present corporate income tax expenses": 3277,
        "Deferred income taxes expenses": "N/A",
        "The interests of minority shareholders": 1798,
        "Total Cost of profits": 5075,
        "Profit after tax corporate income": 21252,
        "Volume": 12674588,
        "Close of Quarter": 27.3,
        "EPS": 5347,
        "Non-adjusted EPS": 5347,
        "PE": 5.1,
        "Book Price": 29.8
      }
    },
    {
      "quarter": "Q2 2015",
      "income status": {
        "Net sales": 297995,
        "Cost of goods sold": 244173,
        "Gross Profit": 53822,
        "Financial expenses": 13851,
        "Of which: Interest expense": 3671,
        "Cost of sales": 5113,
        "Enterprise cost management": 15412,
        "Total Operating Expenses": 34376,
        "Total revenue financing activities": 5597,
        "Net profit from business activities": 25043,
        "Profit": 553,
        "Profit before tax": 25596,
        "Present corporate income tax expenses": 5440,
        "Deferred income taxes expenses": 26,
        "The interests of minority shareholders": -1198,
        "Total Cost of profits": 4268,
        "Profit after tax corporate income": 21328,
        "Volume": 12674588,
        "Close of Quarter": 23.3,
        "EPS": 5036,
        "Non-adjusted EPS": 5036,
        "PE": 4.6,
        "Book Price": 27.8
      }
    },
    {
      "quarter": "Q1 2015",
      "income status": {
        "Net sales": 217835,
        "Cost of goods sold": 185904,
        "Gross Profit": 31931,
        "Financial expenses": 5049,
        "Of which: Interest expense": 2839,
        "Cost of sales": 3956,
        "Enterprise cost management": 14233,
        "Total Operating Expenses": 23238,
        "Total revenue financing activities": 3416,
        "Net profit from business activities": 12109,
        "Profit": -277,
        "Profit before tax": 11832,
        "Present corporate income tax expenses": 4633,
        "Deferred income taxes expenses": "N/A",
        "The interests of minority shareholders": 47,
        "Total Cost of profits": 4680,
        "Profit after tax corporate income": 7152,
        "Volume": 12674588,
        "Close of Quarter": 20.7,
        "EPS": 4331,
        "Non-adjusted EPS": 4331,
        "PE": 4.8,
        "Book Price": 26.6
      }
    },
    {
      "quarter": "Q4 2014",
      "income status": {
        "Net sales": 293569,
        "Cost of goods sold": 225765,
        "Gross Profit": 67804,
        "Financial expenses": 9257,
        "Of which: Interest expense": 5087,
        "Cost of sales": 8446,
        "Enterprise cost management": 25221,
        "Total Operating Expenses": 42924,
        "Total revenue financing activities": 2402,
        "Net profit from business activities": 27282,
        "Profit": -1021,
        "Profit before tax": 26262,
        "Present corporate income tax expenses": 6852,
        "Deferred income taxes expenses": -210,
        "The interests of minority shareholders": 1576,
        "Total Cost of profits": 8218,
        "Profit after tax corporate income": 18043,
        "Volume": 12674588,
        "Close of Quarter": 23.7,
        "EPS": 4102,
        "Non-adjusted EPS": 4102,
        "PE": 5.8,
        "Book Price": 29.8
      }
    },
    {
      "quarter": "Q3 2014",
      "income status": {
        "Net sales": 260956,
        "Cost of goods sold": 214058,
        "Gross Profit": 46898,
        "Financial expenses": 3760,
        "Of which: Interest expense": 5581,
        "Cost of sales": 5897,
        "Enterprise cost management": 19478,
        "Total Operating Expenses": 29135,
        "Total revenue financing activities": 1682,
        "Net profit from business activities": 19445,
        "Profit": -314,
        "Profit before tax": 19131,
        "Present corporate income tax expenses": 3515,
        "Deferred income taxes expenses": "N/A",
        "The interests of minority shareholders": -1690,
        "Total Cost of profits": 1825,
        "Profit after tax corporate income": 17306,
        "Volume": 12674588,
        "Close of Quarter": 16.5,
        "EPS": 6798,
        "Non-adjusted EPS": 6798,
        "PE": 2.4,
        "Book Price": 29.9
      }
    },
    {
      "quarter": "Q2 2014",
      "income status": {
        "Net sales": 384248,
        "Cost of goods sold": 341566,
        "Gross Profit": 42682,
        "Financial expenses": 7183,
        "Of which: Interest expense": 5597,
        "Cost of sales": 6055,
        "Enterprise cost management": 19540,
        "Total Operating Expenses": 32778,
        "Total revenue financing activities": 3632,
        "Net profit from business activities": 13536,
        "Profit": 288,
        "Profit before tax": 13825,
        "Present corporate income tax expenses": 4245,
        "Deferred income taxes expenses": 204,
        "The interests of minority shareholders": -3013,
        "Total Cost of profits": 1436,
        "Profit after tax corporate income": 12389,
        "Volume": 12674588,
        "Close of Quarter": 15.1,
        "EPS": 5499,
        "Non-adjusted EPS": 5499,
        "PE": 2.8,
        "Book Price": 29.5
      }
    },
    {
      "quarter": "Q1 2014",
      "income status": {
        "Net sales": 169492,
        "Cost of goods sold": 143619,
        "Gross Profit": 25872,
        "Financial expenses": 4938,
        "Of which: Interest expense": 4496,
        "Cost of sales": 1695,
        "Enterprise cost management": 14210,
        "Total Operating Expenses": 20843,
        "Total revenue financing activities": 786,
        "Net profit from business activities": 5816,
        "Profit": 37,
        "Profit before tax": 5853,
        "Present corporate income tax expenses": 3247,
        "Deferred income taxes expenses": "N/A",
        "The interests of minority shareholders": -1644,
        "Total Cost of profits": 1603,
        "Profit after tax corporate income": 4250,
        "Volume": 12674588,
        "Close of Quarter": 17.6,
        "EPS": 4797,
        "Non-adjusted EPS": 4797,
        "PE": 3.7,
        "Book Price": 28.7
      }
    },
    {
      "quarter": "Q4 2013",
      "income status": {
        "Net sales": 272347,
        "Cost of goods sold": 252249,
        "Gross Profit": 20098,
        "Financial expenses": 6171,
        "Of which: Interest expense": 7736,
        "Cost of sales": 2967,
        "Enterprise cost management": 28406,
        "Total Operating Expenses": 37544,
        "Total revenue financing activities": 1606,
        "Net profit from business activities": -15840,
        "Profit": 84377,
        "Profit before tax": 71946,
        "Present corporate income tax expenses": 25259,
        "Deferred income taxes expenses": "N/A",
        "The interests of minority shareholders": -5526,
        "Total Cost of profits": 19733,
        "Profit after tax corporate income": 52213,
        "Volume": 12674588,
        "Close of Quarter": 17.5,
        "EPS": 5187,
        "Non-adjusted EPS": 5187,
        "PE": 3.4,
        "Book Price": 26.5
      }
    },
    {
      "quarter": "Q3 2013",
      "income status": {
        "Net sales": 190353,
        "Cost of goods sold": 163424,
        "Gross Profit": 26929,
        "Financial expenses": 5329,
        "Of which: Interest expense": 4648,
        "Cost of sales": 2438,
        "Enterprise cost management": 18777,
        "Total Operating Expenses": 26544,
        "Total revenue financing activities": 747,
        "Net profit from business activities": 1131,
        "Profit": 81,
        "Profit before tax": 1212,
        "Present corporate income tax expenses": 1209,
        "Deferred income taxes expenses": "N/A",
        "The interests of minority shareholders": -839,
        "Total Cost of profits": 370,
        "Profit after tax corporate income": 842,
        "Volume": 12674588,
        "Close of Quarter": 13.9,
        "EPS": 1691,
        "Non-adjusted EPS": 1691,
        "PE": 8.2,
        "Book Price": 24.5
      }
    },
    {
      "quarter": "Q2 2013",
      "income status": {
        "Net sales": 180132,
        "Cost of goods sold": 152339,
        "Gross Profit": 27793,
        "Financial expenses": 8462,
        "Of which: Interest expense": 6822,
        "Cost of sales": 2607,
        "Enterprise cost management": 12868,
        "Total Operating Expenses": 23937,
        "Total revenue financing activities": 3284,
        "Net profit from business activities": 7139,
        "Profit": -345,
        "Profit before tax": 3385,
        "Present corporate income tax expenses": 2845,
        "Deferred income taxes expenses": 310,
        "The interests of minority shareholders": -3269,
        "Total Cost of profits": -114,
        "Profit after tax corporate income": 3499,
        "Volume": 12674588,
        "Close of Quarter": 17.5,
        "EPS": 2118,
        "Non-adjusted EPS": 2118,
        "PE": 8.3,
        "Book Price": 24.2
      }
    },
    {
      "quarter": "Q1 2013",
      "income status": {
        "Net sales": 250613,
        "Cost of goods sold": 206593,
        "Gross Profit": 44021,
        "Financial expenses": 6797,
        "Of which: Interest expense": 6271,
        "Cost of sales": 7643,
        "Enterprise cost management": 19297,
        "Total Operating Expenses": 33737,
        "Total revenue financing activities": 2882,
        "Net profit from business activities": 13165,
        "Profit": 298,
        "Profit before tax": 13463,
        "Present corporate income tax expenses": 6152,
        "Deferred income taxes expenses": "N/A",
        "The interests of minority shareholders": -1874,
        "Total Cost of profits": 4278,
        "Profit after tax corporate income": 9185,
        "Volume": 12674588,
        "Close of Quarter": 18.7,
        "EPS": 1983,
        "Non-adjusted EPS": 1983,
        "PE": 9.4,
        "Book Price": 25
      }
    },
    {
      "quarter": "Q4 2012",
      "income status": {
        "Net sales": 250431,
        "Cost of goods sold": 207957,
        "Gross Profit": 42474,
        "Financial expenses": 19704,
        "Of which: Interest expense": 8575,
        "Cost of sales": 5778,
        "Enterprise cost management": 20199,
        "Total Operating Expenses": 45681,
        "Total revenue financing activities": 4375,
        "Net profit from business activities": 1168,
        "Profit": 8689,
        "Profit before tax": 8217,
        "Present corporate income tax expenses": 4743,
        "Deferred income taxes expenses": -410,
        "The interests of minority shareholders": -4023,
        "Total Cost of profits": 310,
        "Profit after tax corporate income": 7907,
        "Volume": 12074588,
        "Close of Quarter": 18.7,
        "EPS": 2617.9,
        "Non-adjusted EPS": 2748,
        "PE": 6.8,
        "Book Price": 23.9
      }
    },
    {
      "quarter": "Q3 2012",
      "income status": {
        "Net sales": 315461,
        "Cost of goods sold": 275562,
        "Gross Profit": 39899,
        "Financial expenses": 5690,
        "Of which: Interest expense": 5644,
        "Cost of sales": 5936,
        "Enterprise cost management": 21817,
        "Total Operating Expenses": 33443,
        "Total revenue financing activities": 2281,
        "Net profit from business activities": 8736,
        "Profit": 363,
        "Profit before tax": 9100,
        "Present corporate income tax expenses": 3816,
        "Deferred income taxes expenses": "N/A",
        "The interests of minority shareholders": -974,
        "Total Cost of profits": 2842,
        "Profit after tax corporate income": 6258,
        "Volume": 12074588,
        "Close of Quarter": 24.8,
        "EPS": 2916.1,
        "Non-adjusted EPS": 3061,
        "PE": 8.1,
        "Book Price": 30.7
      }
    },
    {
      "quarter": "Q2 2012",
      "income status": {
        "Net sales": 237836,
        "Cost of goods sold": 204810,
        "Gross Profit": 33026,
        "Financial expenses": 15946,
        "Of which: Interest expense": 10414,
        "Cost of sales": 3861,
        "Enterprise cost management": 25248,
        "Total Operating Expenses": 45055,
        "Total revenue financing activities": 14629,
        "Net profit from business activities": 2600,
        "Profit": -24,
        "Profit before tax": 2577,
        "Present corporate income tax expenses": 2087,
        "Deferred income taxes expenses": "N/A",
        "The interests of minority shareholders": -1294,
        "Total Cost of profits": 793,
        "Profit after tax corporate income": 1784,
        "Volume": 12074588,
        "Close of Quarter": 24.8,
        "EPS": 3883.1,
        "Non-adjusted EPS": 4076,
        "PE": 6.1,
        "Book Price": 29.7
      }
    },
    {
      "quarter": "Q1 2012",
      "income status": {
        "Net sales": 190482,
        "Cost of goods sold": 151826,
        "Gross Profit": 38656,
        "Financial expenses": 5890,
        "Of which: Interest expense": 5634,
        "Cost of sales": 5916,
        "Enterprise cost management": 14586,
        "Total Operating Expenses": 26392,
        "Total revenue financing activities": 10581,
        "Net profit from business activities": 22846,
        "Profit": 281,
        "Profit before tax": 23126,
        "Present corporate income tax expenses": 5890,
        "Deferred income taxes expenses": "N/A",
        "The interests of minority shareholders": "N/A",
        "Total Cost of profits": 5890,
        "Profit after tax corporate income": 17236,
        "Volume": 12074588,
        "Close of Quarter": 18.5,
        "EPS": 5030.1,
        "Non-adjusted EPS": 5280,
        "PE": 3.5,
        "Book Price": 28.7
      }
    },
    {
      "quarter": "Q4 2011",
      "income status": {
        "Net sales": 293010,
        "Cost of goods sold": 252912,
        "Gross Profit": 40098,
        "Financial expenses": 5637,
        "Of which: Interest expense": 9585,
        "Cost of sales": 3562,
        "Enterprise cost management": 31860,
        "Total Operating Expenses": 41059,
        "Total revenue financing activities": 15894,
        "Net profit from business activities": 14932,
        "Profit": 220,
        "Profit before tax": 83932,
        "Present corporate income tax expenses": 3464,
        "Deferred income taxes expenses": "N/A",
        "The interests of minority shareholders": "N/A",
        "Total Cost of profits": 3464,
        "Profit after tax corporate income": 11688,
        "Volume": 11524588,
        "Close of Quarter": 17.0,
        "EPS": 4994.6,
        "Non-adjusted EPS": 5493,
        "PE": 3.1,
        "Book Price": 25.6
      }
    },
    {
      "quarter": "Q3 2011",
      "income status": {
        "Net sales": 187669,
        "Cost of goods sold": 156988,
        "Gross Profit": 30681,
        "Financial expenses": 5480,
        "Of which: Interest expense": 3425,
        "Cost of sales": 1967,
        "Enterprise cost management": 13348,
        "Total Operating Expenses": 20795,
        "Total revenue financing activities": 14389,
        "Net profit from business activities": 24275,
        "Profit": 248,
        "Profit before tax": 24523,
        "Present corporate income tax expenses": 6013,
        "Deferred income taxes expenses": "N/A",
        "The interests of minority shareholders": "N/A",
        "Total Cost of profits": 6013,
        "Profit after tax corporate income": 18511,
        "Volume": 11524588,
        "Close of Quarter": 13.6,
        "EPS": 4981.0,
        "Non-adjusted EPS": 5478,
        "PE": 2.5,
        "Book Price": 28.0
      }
    },
    {
      "quarter": "Q2 2011",
      "income status": {
        "Net sales": 173249,
        "Cost of goods sold": 137164,
        "Gross Profit": 36084,
        "Financial expenses": 4314,
        "Of which: Interest expense": 3033,
        "Cost of sales": 4581,
        "Enterprise cost management": 15650,
        "Total Operating Expenses": 24545,
        "Total revenue financing activities": 9595,
        "Net profit from business activities": 21134,
        "Profit": 692,
        "Profit before tax": 21826,
        "Present corporate income tax expenses": 5502,
        "Deferred income taxes expenses": "N/A",
        "The interests of minority shareholders": "N/A",
        "Total Cost of profits": 5502,
        "Profit after tax corporate income": 16324,
        "Volume": 12774588,
        "Close of Quarter": 11.7,
        "EPS": 4267.4,
        "Non-adjusted EPS": 4234,
        "PE": 2.8,
        "Book Price": 28.3
      }
    },
    {
      "quarter": "Q1 2011",
      "income status": {
        "Net sales": 118980,
        "Cost of goods sold": 89809,
        "Gross Profit": 29171,
        "Financial expenses": 5789,
        "Of which: Interest expense": 1314,
        "Cost of sales": 3657,
        "Enterprise cost management": 10690,
        "Total Operating Expenses": 20136,
        "Total revenue financing activities": 13394,
        "Net profit from business activities": 22428,
        "Profit": 2,
        "Profit before tax": 22430,
        "Present corporate income tax expenses": 5653,
        "Deferred income taxes expenses": "N/A",
        "The interests of minority shareholders": "N/A",
        "Total Cost of profits": 5653,
        "Profit after tax corporate income": 16777,
        "Volume": 12774588,
        "Close of Quarter": 10.1,
        "EPS": 3482.3,
        "Non-adjusted EPS": 3455,
        "PE": 2.9,
        "Book Price": 29.9
      }
    }
  ]
}