{
  "ticker": "EVE",
  "data": [
    {
      "quarter": "Q4 2016",
      "income status": {
        "Net sales": 250442,
        "Cost of goods sold": 167702,
        "Gross Profit": 82740,
        "Financial expenses": 2339,
        "Of which: Interest expense": 776,
        "Cost of sales": 27919,
        "Enterprise cost management": 29556,
        "Total Operating Expenses": 59814,
        "Total revenue financing activities": 5486,
        "Net profit from business activities": 17671,
        "Profit": -793,
        "Profit before tax": 16878,
        "Present corporate income tax expenses": 7567,
        "Deferred income taxes expenses": "N/A",
        "The interests of minority shareholders": "N/A",
        "Total Cost of profits": 7567,
        "Profit after tax corporate income": 9312,
        "Volume": 41500473,
        "Close of Quarter": 22.8,
        "EPS": 2020,
        "Non-adjusted EPS": 2020,
        "PE": 11.3,
        "Book Price": 23.1
      }
    },
    {
      "quarter": "Q3 2016",
      "income status": {
        "Net sales": 237352,
        "Cost of goods sold": 157649,
        "Gross Profit": 79704,
        "Financial expenses": 4483,
        "Of which: Interest expense": 1189,
        "Cost of sales": 20525,
        "Enterprise cost management": 19254,
        "Total Operating Expenses": 44262,
        "Total revenue financing activities": 6036,
        "Net profit from business activities": 41270,
        "Profit": -413,
        "Profit before tax": 40857,
        "Present corporate income tax expenses": 8499,
        "Deferred income taxes expenses": "N/A",
        "The interests of minority shareholders": "N/A",
        "Total Cost of profits": 8499,
        "Profit after tax corporate income": 32358,
        "Volume": 41500473,
        "Close of Quarter": 24.7,
        "EPS": 2875,
        "Non-adjusted EPS": 2875,
        "PE": 8.6,
        "Book Price": 22.8
      }
    },
    {
      "quarter": "Q2 2016",
      "income status": {
        "Net sales": 226380,
        "Cost of goods sold": 146788,
        "Gross Profit": 79592,
        "Financial expenses": 162,
        "Of which: Interest expense": 1188,
        "Cost of sales": 16636,
        "Enterprise cost management": 27870,
        "Total Operating Expenses": 44668,
        "Total revenue financing activities": -661,
        "Net profit from business activities": 35537,
        "Profit": -407,
        "Profit before tax": 35130,
        "Present corporate income tax expenses": 7136,
        "Deferred income taxes expenses": "N/A",
        "The interests of minority shareholders": "N/A",
        "Total Cost of profits": 7136,
        "Profit after tax corporate income": 27994,
        "Volume": 27507218,
        "Close of Quarter": 34.4,
        "EPS": 2559.8,
        "Non-adjusted EPS": 3862,
        "PE": 8.9,
        "Book Price": 22.0
      }
    },
    {
      "quarter": "Q1 2016",
      "income status": {
        "Net sales": 151427,
        "Cost of goods sold": 100590,
        "Gross Profit": 50837,
        "Financial expenses": 3057,
        "Of which: Interest expense": 1366,
        "Cost of sales": 16607,
        "Enterprise cost management": 20397,
        "Total Operating Expenses": 40061,
        "Total revenue financing activities": 8002,
        "Net profit from business activities": 18712,
        "Profit": -843,
        "Profit before tax": 17868,
        "Present corporate income tax expenses": 3709,
        "Deferred income taxes expenses": "N/A",
        "The interests of minority shareholders": "N/A",
        "Total Cost of profits": 3709,
        "Profit after tax corporate income": 14160,
        "Volume": 27507218,
        "Close of Quarter": 24.7,
        "EPS": 2685.1,
        "Non-adjusted EPS": 4051,
        "PE": 6.1,
        "Book Price": 22.1
      }
    },
    {
      "quarter": "Q4 2015",
      "income status": {
        "Net sales": 250156,
        "Cost of goods sold": 144468,
        "Gross Profit": 105688,
        "Financial expenses": 3510,
        "Of which: Interest expense": 758,
        "Cost of sales": 18922,
        "Enterprise cost management": 26624,
        "Total Operating Expenses": 49056,
        "Total revenue financing activities": 5725,
        "Net profit from business activities": 61224,
        "Profit": -1701,
        "Profit before tax": 59524,
        "Present corporate income tax expenses": 14737,
        "Deferred income taxes expenses": "N/A",
        "The interests of minority shareholders": "N/A",
        "Total Cost of profits": 14737,
        "Profit after tax corporate income": 44787,
        "Volume": 27507218,
        "Close of Quarter": 16.4,
        "EPS": 2756.7,
        "Non-adjusted EPS": 4159,
        "PE": 3.9,
        "Book Price": 21.9
      }
    },
    {
      "quarter": "Q3 2015",
      "income status": {
        "Net sales": 235105,
        "Cost of goods sold": 168198,
        "Gross Profit": 66907,
        "Financial expenses": 1580,
        "Of which: Interest expense": 176,
        "Cost of sales": 22631,
        "Enterprise cost management": 21667,
        "Total Operating Expenses": 45878,
        "Total revenue financing activities": 4083,
        "Net profit from business activities": 23988,
        "Profit": -205,
        "Profit before tax": 23783,
        "Present corporate income tax expenses": 4501,
        "Deferred income taxes expenses": "N/A",
        "The interests of minority shareholders": "N/A",
        "Total Cost of profits": 4501,
        "Profit after tax corporate income": 19282,
        "Volume": 27507218,
        "Close of Quarter": 15.6,
        "EPS": 2600.2,
        "Non-adjusted EPS": 3923,
        "PE": 4.0,
        "Book Price": 20.9
      }
    },
    {
      "quarter": "Q2 2015",
      "income status": {
        "Net sales": 216624,
        "Cost of goods sold": 132060,
        "Gross Profit": 84564,
        "Financial expenses": 4029,
        "Of which: Interest expense": 1209,
        "Cost of sales": 16823,
        "Enterprise cost management": 25836,
        "Total Operating Expenses": 46688,
        "Total revenue financing activities": 6558,
        "Net profit from business activities": 44434,
        "Profit": -830,
        "Profit before tax": 43604,
        "Present corporate income tax expenses": 10397,
        "Deferred income taxes expenses": "N/A",
        "The interests of minority shareholders": "N/A",
        "Total Cost of profits": 10397,
        "Profit after tax corporate income": 33207,
        "Volume": 27507218,
        "Close of Quarter": 17.6,
        "EPS": 2513.4,
        "Non-adjusted EPS": 3792,
        "PE": 4.6,
        "Book Price": 20.4
      }
    },
    {
      "quarter": "Q1 2015",
      "income status": {
        "Net sales": 178629,
        "Cost of goods sold": 120176,
        "Gross Profit": 58453,
        "Financial expenses": 1682,
        "Of which: Interest expense": 430,
        "Cost of sales": 15316,
        "Enterprise cost management": 20799,
        "Total Operating Expenses": 37797,
        "Total revenue financing activities": 2052,
        "Net profit from business activities": 22708,
        "Profit": -528,
        "Profit before tax": 22181,
        "Present corporate income tax expenses": 5066,
        "Deferred income taxes expenses": "N/A",
        "The interests of minority shareholders": "N/A",
        "Total Cost of profits": 5066,
        "Profit after tax corporate income": 17114,
        "Volume": 27507218,
        "Close of Quarter": 16.2,
        "EPS": 2383.5,
        "Non-adjusted EPS": 3596,
        "PE": 4.5,
        "Book Price": 20.3
      }
    },
    {
      "quarter": "Q4 2014",
      "income status": {
        "Net sales": 268945,
        "Cost of goods sold": 176044,
        "Gross Profit": 92901,
        "Financial expenses": 1302,
        "Of which: Interest expense": 4246,
        "Cost of sales": 19965,
        "Enterprise cost management": 24648,
        "Total Operating Expenses": 45915,
        "Total revenue financing activities": 3432,
        "Net profit from business activities": 50418,
        "Profit": 616,
        "Profit before tax": 51034,
        "Present corporate income tax expenses": 12735,
        "Deferred income taxes expenses": "N/A",
        "The interests of minority shareholders": -17,
        "Total Cost of profits": 12718,
        "Profit after tax corporate income": 38316,
        "Volume": 27507218,
        "Close of Quarter": 15.3,
        "EPS": 2022.3,
        "Non-adjusted EPS": 3051,
        "PE": 5.0,
        "Book Price": 19.9
      }
    },
    {
      "quarter": "Q3 2014",
      "income status": {
        "Net sales": 201579,
        "Cost of goods sold": 143562,
        "Gross Profit": 58017,
        "Financial expenses": 3207,
        "Of which: Interest expense": 72,
        "Cost of sales": 18887,
        "Enterprise cost management": 20830,
        "Total Operating Expenses": 42924,
        "Total revenue financing activities": 3734,
        "Net profit from business activities": 18827,
        "Profit": 161,
        "Profit before tax": 18988,
        "Present corporate income tax expenses": 3315,
        "Deferred income taxes expenses": "N/A",
        "The interests of minority shareholders": "N/A",
        "Total Cost of profits": 3315,
        "Profit after tax corporate income": 15673,
        "Volume": 27507218,
        "Close of Quarter": 14.7,
        "EPS": 1599.4,
        "Non-adjusted EPS": 2413,
        "PE": 6.1,
        "Book Price": 19.0
      }
    },
    {
      "quarter": "Q2 2014",
      "income status": {
        "Net sales": 190408,
        "Cost of goods sold": 115900,
        "Gross Profit": 74508,
        "Financial expenses": 1776,
        "Of which: Interest expense": 644,
        "Cost of sales": 15754,
        "Enterprise cost management": 24209,
        "Total Operating Expenses": 41739,
        "Total revenue financing activities": 3797,
        "Net profit from business activities": 36565,
        "Profit": 151,
        "Profit before tax": 36716,
        "Present corporate income tax expenses": 8905,
        "Deferred income taxes expenses": "N/A",
        "The interests of minority shareholders": "N/A",
        "Total Cost of profits": 8905,
        "Profit after tax corporate income": 27811,
        "Volume": 27507218,
        "Close of Quarter": 14.5,
        "EPS": 1897.7,
        "Non-adjusted EPS": 2863,
        "PE": 5.1,
        "Book Price": 19.4
      }
    },
    {
      "quarter": "Q1 2014",
      "income status": {
        "Net sales": 120522,
        "Cost of goods sold": 84929,
        "Gross Profit": 35593,
        "Financial expenses": 97,
        "Of which: Interest expense": 54,
        "Cost of sales": 16738,
        "Enterprise cost management": 18537,
        "Total Operating Expenses": 35372,
        "Total revenue financing activities": 2326,
        "Net profit from business activities": 2549,
        "Profit": 96,
        "Profit before tax": 2644,
        "Present corporate income tax expenses": 539,
        "Deferred income taxes expenses": "N/A",
        "The interests of minority shareholders": -17,
        "Total Cost of profits": 522,
        "Profit after tax corporate income": 2123,
        "Volume": 27507218,
        "Close of Quarter": 15.9,
        "EPS": 1871.1,
        "Non-adjusted EPS": 2823,
        "PE": 5.6,
        "Book Price": 18.7
      }
    },
    {
      "quarter": "Q4 2013",
      "income status": {
        "Net sales": 236332,
        "Cost of goods sold": 151947,
        "Gross Profit": 84385,
        "Financial expenses": 2055,
        "Of which: Interest expense": 622,
        "Cost of sales": 34032,
        "Enterprise cost management": 21447,
        "Total Operating Expenses": 57534,
        "Total revenue financing activities": 2212,
        "Net profit from business activities": 29063,
        "Profit": 365,
        "Profit before tax": 29428,
        "Present corporate income tax expenses": 8617,
        "Deferred income taxes expenses": "N/A",
        "The interests of minority shareholders": 34,
        "Total Cost of profits": 8651,
        "Profit after tax corporate income": 20777,
        "Volume": 27507218,
        "Close of Quarter": 16.2,
        "EPS": 2138.9,
        "Non-adjusted EPS": 3227,
        "PE": 5.0,
        "Book Price": 18.8
      }
    },
    {
      "quarter": "Q3 2013",
      "income status": {
        "Net sales": 194740,
        "Cost of goods sold": 125181,
        "Gross Profit": 69559,
        "Financial expenses": -616,
        "Of which: Interest expense": "N/A",
        "Cost of sales": 15365,
        "Enterprise cost management": 22145,
        "Total Operating Expenses": 36894,
        "Total revenue financing activities": 1712,
        "Net profit from business activities": 34377,
        "Profit": 228,
        "Profit before tax": 34605,
        "Present corporate income tax expenses": 6842,
        "Deferred income taxes expenses": "N/A",
        "The interests of minority shareholders": -274,
        "Total Cost of profits": 6568,
        "Profit after tax corporate income": 28037,
        "Volume": 27507218,
        "Close of Quarter": 11.5,
        "EPS": 1967.2,
        "Non-adjusted EPS": 2968,
        "PE": 3.9,
        "Book Price": 18.3
      }
    },
    {
      "quarter": "Q2 2013",
      "income status": {
        "Net sales": 204063,
        "Cost of goods sold": 127501,
        "Gross Profit": 76562,
        "Financial expenses": 2216,
        "Of which: Interest expense": 929,
        "Cost of sales": 18660,
        "Enterprise cost management": 21803,
        "Total Operating Expenses": 42679,
        "Total revenue financing activities": 4622,
        "Net profit from business activities": 38505,
        "Profit": -443,
        "Profit before tax": 38062,
        "Present corporate income tax expenses": 10538,
        "Deferred income taxes expenses": 912,
        "The interests of minority shareholders": -92,
        "Total Cost of profits": 11358,
        "Profit after tax corporate income": 26704,
        "Volume": 27507218,
        "Close of Quarter": 13.0,
        "EPS": 2028.9,
        "Non-adjusted EPS": 3061,
        "PE": 4.2,
        "Book Price": 17.6
      }
    },
    {
      "quarter": "Q1 2013",
      "income status": {
        "Net sales": 129025,
        "Cost of goods sold": 83076,
        "Gross Profit": 45949,
        "Financial expenses": 118,
        "Of which: Interest expense": "N/A",
        "Cost of sales": 12368,
        "Enterprise cost management": 17987,
        "Total Operating Expenses": 30473,
        "Total revenue financing activities": 1747,
        "Net profit from business activities": 17223,
        "Profit": 903,
        "Profit before tax": 18126,
        "Present corporate income tax expenses": 4773,
        "Deferred income taxes expenses": "N/A",
        "The interests of minority shareholders": 94,
        "Total Cost of profits": 4867,
        "Profit after tax corporate income": 13259,
        "Volume": 27507218,
        "Close of Quarter": 11.9,
        "EPS": 1987.8,
        "Non-adjusted EPS": 2999,
        "PE": 4.0,
        "Book Price": 17.6
      }
    },
    {
      "quarter": "Q4 2012",
      "income status": {
        "Net sales": 212878,
        "Cost of goods sold": 143105,
        "Gross Profit": 69773,
        "Financial expenses": -624,
        "Of which: Interest expense": "N/A",
        "Cost of sales": 28441,
        "Enterprise cost management": 27502,
        "Total Operating Expenses": 55319,
        "Total revenue financing activities": 361,
        "Net profit from business activities": 14815,
        "Profit": 4043,
        "Profit before tax": 18858,
        "Present corporate income tax expenses": 5174,
        "Deferred income taxes expenses": "N/A",
        "The interests of minority shareholders": 48,
        "Total Cost of profits": 5222,
        "Profit after tax corporate income": 13636,
        "Volume": 27507218,
        "Close of Quarter": 12.4,
        "EPS": 2003.0,
        "Non-adjusted EPS": 3022,
        "PE": 4.1,
        "Book Price": 17.5
      }
    },
    {
      "quarter": "Q3 2012",
      "income status": {
        "Net sales": 164646,
        "Cost of goods sold": 102378,
        "Gross Profit": 62267,
        "Financial expenses": 2527,
        "Of which: Interest expense": "N/A",
        "Cost of sales": 13342,
        "Enterprise cost management": 14073,
        "Total Operating Expenses": 29942,
        "Total revenue financing activities": 2223,
        "Net profit from business activities": 34548,
        "Profit": 4812,
        "Profit before tax": 39360,
        "Present corporate income tax expenses": 8834,
        "Deferred income taxes expenses": "N/A",
        "The interests of minority shareholders": -82,
        "Total Cost of profits": 8752,
        "Profit after tax corporate income": 30607,
        "Volume": 22922686,
        "Close of Quarter": 10.7,
        "EPS": 2499.4,
        "Non-adjusted EPS": 4525,
        "PE": 2.4,
        "Book Price": 17.2
      }
    },
    {
      "quarter": "Q2 2012",
      "income status": {
        "Net sales": 169373,
        "Cost of goods sold": 107792,
        "Gross Profit": 61581,
        "Financial expenses": 1697,
        "Of which: Interest expense": 924,
        "Cost of sales": 12772,
        "Enterprise cost management": 21157,
        "Total Operating Expenses": 35626,
        "Total revenue financing activities": 5888,
        "Net profit from business activities": 31844,
        "Profit": 352,
        "Profit before tax": 32196,
        "Present corporate income tax expenses": 7334,
        "Deferred income taxes expenses": "N/A",
        "The interests of minority shareholders": -128,
        "Total Cost of profits": 7206,
        "Profit after tax corporate income": 24990,
        "Volume": 22922686,
        "Close of Quarter": 12.7,
        "EPS": 2847.4,
        "Non-adjusted EPS": 5155,
        "PE": 2.5,
        "Book Price": 15.4
      }
    },
    {
      "quarter": "Q1 2012",
      "income status": {
        "Net sales": 134356,
        "Cost of goods sold": 87989,
        "Gross Profit": 46368,
        "Financial expenses": 631,
        "Of which: Interest expense": "N/A",
        "Cost of sales": 15339,
        "Enterprise cost management": 15733,
        "Total Operating Expenses": 31703,
        "Total revenue financing activities": 2607,
        "Net profit from business activities": 17272,
        "Profit": 280,
        "Profit before tax": 17551,
        "Present corporate income tax expenses": 3655,
        "Deferred income taxes expenses": "N/A",
        "The interests of minority shareholders": "N/A",
        "Total Cost of profits": 3655,
        "Profit after tax corporate income": 13897,
        "Volume": 22965136,
        "Close of Quarter": 11.8,
        "EPS": 3090.6,
        "Non-adjusted EPS": 5585,
        "PE": 2.1,
        "Book Price": 16.7
      }
    },
    {
      "quarter": "Q4 2011",
      "income status": {
        "Net sales": 258471,
        "Cost of goods sold": 166134,
        "Gross Profit": 92337,
        "Financial expenses": 1623,
        "Of which: Interest expense": "N/A",
        "Cost of sales": 28819,
        "Enterprise cost management": 21635,
        "Total Operating Expenses": 52077,
        "Total revenue financing activities": 3196,
        "Net profit from business activities": 43456,
        "Profit": -379,
        "Profit before tax": 43077,
        "Present corporate income tax expenses": 8823,
        "Deferred income taxes expenses": "N/A",
        "The interests of minority shareholders": 31,
        "Total Cost of profits": 8854,
        "Profit after tax corporate income": 34223,
        "Volume": 23401986,
        "Close of Quarter": 7.5,
        "EPS": 3663.6,
        "Non-adjusted EPS": 6497,
        "PE": 1.2,
        "Book Price": 16.7
      }
    },
    {
      "quarter": "Q3 2011",
      "income status": {
        "Net sales": 216026,
        "Cost of goods sold": 124300,
        "Gross Profit": 91726,
        "Financial expenses": 6235,
        "Of which: Interest expense": "N/A",
        "Cost of sales": 17927,
        "Enterprise cost management": 13997,
        "Total Operating Expenses": 38159,
        "Total revenue financing activities": 2521,
        "Net profit from business activities": 56087,
        "Profit": 33,
        "Profit before tax": 56121,
        "Present corporate income tax expenses": 11057,
        "Deferred income taxes expenses": "N/A",
        "The interests of minority shareholders": 17,
        "Total Cost of profits": 11074,
        "Profit after tax corporate income": 45047,
        "Volume": 22991986,
        "Close of Quarter": 12.3,
        "EPS": 4215.5,
        "Non-adjusted EPS": 7609,
        "PE": 1.6,
        "Book Price": 16.0
      }
    },
    {
      "quarter": "Q2 2011",
      "income status": {
        "Net sales": 173297,
        "Cost of goods sold": 110520,
        "Gross Profit": 62777,
        "Financial expenses": 3030,
        "Of which: Interest expense": "N/A",
        "Cost of sales": 11625,
        "Enterprise cost management": 12710,
        "Total Operating Expenses": 27365,
        "Total revenue financing activities": 9418,
        "Net profit from business activities": 44829,
        "Profit": 334,
        "Profit before tax": 45163,
        "Present corporate income tax expenses": 10153,
        "Deferred income taxes expenses": "N/A",
        "The interests of minority shareholders": -78,
        "Total Cost of profits": 10075,
        "Profit after tax corporate income": 35088,
        "Volume": 15327996,
        "Close of Quarter": 12.9,
        "EPS": 3795.8,
        "Non-adjusted EPS": 10277,
        "PE": 1.3,
        "Book Price": 14.8
      }
    },
    {
      "quarter": "Q1 2011",
      "income status": {
        "Net sales": 162734,
        "Cost of goods sold": 91962,
        "Gross Profit": 70772,
        "Financial expenses": 2118,
        "Of which: Interest expense": "N/A",
        "Cost of sales": 12791,
        "Enterprise cost management": 12828,
        "Total Operating Expenses": 27737,
        "Total revenue financing activities": 4004,
        "Net profit from business activities": 47040,
        "Profit": 188,
        "Profit before tax": 47228,
        "Present corporate income tax expenses": 9384,
        "Deferred income taxes expenses": "N/A",
        "The interests of minority shareholders": 147,
        "Total Cost of profits": 9531,
        "Profit after tax corporate income": 37696,
        "Volume": 15327996,
        "Close of Quarter": 11.4,
        "EPS": 3202.2,
        "Non-adjusted EPS": 8670,
        "PE": 1.3,
        "Book Price": 14.7
      }
    }
  ]
}