{
  "ticker": "VTS",
  "data": [
    {
      "quarter": "Q4 2016",
      "income status": {
        "Net sales": 14196,
        "Cost of goods sold": 9741,
        "Gross Profit": 4455,
        "Financial expenses": 55,
        "Of which: Interest expense": 55,
        "Cost of sales": 408,
        "Enterprise cost management": 4264,
        "Total Operating Expenses": 4727,
        "Total revenue financing activities": 746,
        "Net profit from business activities": 475,
        "Profit": -98,
        "Profit before tax": 377,
        "Present corporate income tax expenses": 104,
        "Deferred income taxes expenses": "N/A",
        "The interests of minority shareholders": "N/A",
        "Total Cost of profits": 104,
        "Profit after tax corporate income": 273,
        "Volume": 2000205,
        "Close of Quarter": 11.8,
        "EPS": 420,
        "Non-adjusted EPS": 420,
        "PE": 28.1,
        "Book Price": 23.2
      }
    },
    {
      "quarter": "Q3 2016",
      "income status": {
        "Net sales": 11817,
        "Cost of goods sold": 9227,
        "Gross Profit": 2590,
        "Financial expenses": 55,
        "Of which: Interest expense": 55,
        "Cost of sales": 601,
        "Enterprise cost management": 1265,
        "Total Operating Expenses": 1921,
        "Total revenue financing activities": -17,
        "Net profit from business activities": 652,
        "Profit": -102,
        "Profit before tax": 550,
        "Present corporate income tax expenses": 136,
        "Deferred income taxes expenses": "N/A",
        "The interests of minority shareholders": "N/A",
        "Total Cost of profits": 136,
        "Profit after tax corporate income": 414,
        "Volume": 2000205,
        "Close of Quarter": 10.2,
        "EPS": 462,
        "Non-adjusted EPS": 462,
        "PE": 22.1,
        "Book Price": 23
      }
    },
    {
      "quarter": "Q2 2016",
      "income status": {
        "Net sales": 20833,
        "Cost of goods sold": 17469,
        "Gross Profit": 3364,
        "Financial expenses": 395,
        "Of which: Interest expense": 135,
        "Cost of sales": 907,
        "Enterprise cost management": 1847,
        "Total Operating Expenses": 3149,
        "Total revenue financing activities": 330,
        "Net profit from business activities": 545,
        "Profit": -102,
        "Profit before tax": 443,
        "Present corporate income tax expenses": 46,
        "Deferred income taxes expenses": "N/A",
        "The interests of minority shareholders": "N/A",
        "Total Cost of profits": 46,
        "Profit after tax corporate income": 396,
        "Volume": 2000205,
        "Close of Quarter": 10.6,
        "EPS": 100,
        "Non-adjusted EPS": 100,
        "PE": 106,
        "Book Price": 22.8
      }
    },
    {
      "quarter": "Q1 2016",
      "income status": {
        "Net sales": 11252,
        "Cost of goods sold": 9965,
        "Gross Profit": 1287,
        "Financial expenses": 92,
        "Of which: Interest expense": 125,
        "Cost of sales": 398,
        "Enterprise cost management": 1127,
        "Total Operating Expenses": 1617,
        "Total revenue financing activities": 193,
        "Net profit from business activities": -136,
        "Profit": -106,
        "Profit before tax": -242,
        "Present corporate income tax expenses": "N/A",
        "Deferred income taxes expenses": "N/A",
        "The interests of minority shareholders": "N/A",
        "Total Cost of profits": 0,
        "Profit after tax corporate income": -242,
        "Volume": 2000205,
        "Close of Quarter": 9.5,
        "EPS": -60,
        "Non-adjusted EPS": -60,
        "PE": -158.3,
        "Book Price": 22.6
      }
    },
    {
      "quarter": "Q4 2015",
      "income status": {
        "Net sales": 15955,
        "Cost of goods sold": 14500,
        "Gross Profit": 1455,
        "Financial expenses": 150,
        "Of which: Interest expense": 150,
        "Cost of sales": 529,
        "Enterprise cost management": 1307,
        "Total Operating Expenses": 1986,
        "Total revenue financing activities": 191,
        "Net profit from business activities": -341,
        "Profit": 697,
        "Profit before tax": 356,
        "Present corporate income tax expenses": "N/A",
        "Deferred income taxes expenses": "N/A",
        "The interests of minority shareholders": "N/A",
        "Total Cost of profits": 0,
        "Profit after tax corporate income": 356,
        "Volume": 2000205,
        "Close of Quarter": 8.2,
        "EPS": 31,
        "Non-adjusted EPS": 31,
        "PE": 264.5,
        "Book Price": 22.7
      }
    },
    {
      "quarter": "Q3 2015",
      "income status": {
        "Net sales": 14010,
        "Cost of goods sold": 12221,
        "Gross Profit": 1790,
        "Financial expenses": 143,
        "Of which: Interest expense": 143,
        "Cost of sales": 495,
        "Enterprise cost management": 1529,
        "Total Operating Expenses": 2167,
        "Total revenue financing activities": 177,
        "Net profit from business activities": -200,
        "Profit": -109,
        "Profit before tax": -309,
        "Present corporate income tax expenses": "N/A",
        "Deferred income taxes expenses": "N/A",
        "The interests of minority shareholders": "N/A",
        "Total Cost of profits": 0,
        "Profit after tax corporate income": -309,
        "Volume": 2000205,
        "Close of Quarter": 7.6,
        "EPS": 184,
        "Non-adjusted EPS": 184,
        "PE": 41.3,
        "Book Price": 22.6
      }
    },
    {
      "quarter": "Q2 2015",
      "income status": {
        "Net sales": 14195,
        "Cost of goods sold": 12032,
        "Gross Profit": 2163,
        "Financial expenses": -316,
        "Of which: Interest expense": 334,
        "Cost of sales": 492,
        "Enterprise cost management": 1866,
        "Total Operating Expenses": 2042,
        "Total revenue financing activities": 78,
        "Net profit from business activities": 199,
        "Profit": -125,
        "Profit before tax": 74,
        "Present corporate income tax expenses": "N/A",
        "Deferred income taxes expenses": "N/A",
        "The interests of minority shareholders": "N/A",
        "Total Cost of profits": 0,
        "Profit after tax corporate income": 74,
        "Volume": 2000205,
        "Close of Quarter": 8.7,
        "EPS": 354,
        "Non-adjusted EPS": 354,
        "PE": 24.6,
        "Book Price": 22.7
      }
    },
    {
      "quarter": "Q1 2015",
      "income status": {
        "Net sales": 6411,
        "Cost of goods sold": 4910,
        "Gross Profit": 1501,
        "Financial expenses": 199,
        "Of which: Interest expense": 199,
        "Cost of sales": 247,
        "Enterprise cost management": 1337,
        "Total Operating Expenses": 1783,
        "Total revenue financing activities": 19,
        "Net profit from business activities": -262,
        "Profit": 203,
        "Profit before tax": -59,
        "Present corporate income tax expenses": "N/A",
        "Deferred income taxes expenses": "N/A",
        "The interests of minority shareholders": "N/A",
        "Total Cost of profits": 0,
        "Profit after tax corporate income": -59,
        "Volume": 2000205,
        "Close of Quarter": 8.3,
        "EPS": 544,
        "Non-adjusted EPS": 544,
        "PE": 15.3,
        "Book Price": 22.7
      }
    },
    {
      "quarter": "Q4 2014",
      "income status": {
        "Net sales": 11247,
        "Cost of goods sold": 8311,
        "Gross Profit": 2936,
        "Financial expenses": 334,
        "Of which: Interest expense": 334,
        "Cost of sales": 754,
        "Enterprise cost management": 1876,
        "Total Operating Expenses": 2964,
        "Total revenue financing activities": 127,
        "Net profit from business activities": 98,
        "Profit": 565,
        "Profit before tax": 663,
        "Present corporate income tax expenses": "N/A",
        "Deferred income taxes expenses": "N/A",
        "The interests of minority shareholders": "N/A",
        "Total Cost of profits": 0,
        "Profit after tax corporate income": 663,
        "Volume": 2000205,
        "Close of Quarter": 9,
        "EPS": 365,
        "Non-adjusted EPS": 365,
        "PE": 24.7,
        "Book Price": 22.7
      }
    },
    {
      "quarter": "Q3 2014",
      "income status": {
        "Net sales": 11684,
        "Cost of goods sold": 9698,
        "Gross Profit": 1986,
        "Financial expenses": 270,
        "Of which: Interest expense": 270,
        "Cost of sales": 105,
        "Enterprise cost management": 1503,
        "Total Operating Expenses": 1878,
        "Total revenue financing activities": 55,
        "Net profit from business activities": 164,
        "Profit": -132,
        "Profit before tax": 31,
        "Present corporate income tax expenses": "N/A",
        "Deferred income taxes expenses": "N/A",
        "The interests of minority shareholders": "N/A",
        "Total Cost of profits": 0,
        "Profit after tax corporate income": 31,
        "Volume": 2000205,
        "Close of Quarter": 10.1,
        "EPS": -654,
        "Non-adjusted EPS": -654,
        "PE": -15.4,
        "Book Price": 22.4
      }
    },
    {
      "quarter": "Q2 2014",
      "income status": {
        "Net sales": 21632,
        "Cost of goods sold": 18399,
        "Gross Profit": 3232,
        "Financial expenses": 501,
        "Of which: Interest expense": 263,
        "Cost of sales": 139,
        "Enterprise cost management": 1999,
        "Total Operating Expenses": 2639,
        "Total revenue financing activities": 91,
        "Net profit from business activities": 684,
        "Profit": -230,
        "Profit before tax": 454,
        "Present corporate income tax expenses": "N/A",
        "Deferred income taxes expenses": "N/A",
        "The interests of minority shareholders": "N/A",
        "Total Cost of profits": 0,
        "Profit after tax corporate income": 454,
        "Volume": 2000205,
        "Close of Quarter": 9.8,
        "EPS": -396,
        "Non-adjusted EPS": -396,
        "PE": -24.8,
        "Book Price": 22.4
      }
    },
    {
      "quarter": "Q1 2014",
      "income status": {
        "Net sales": 8731,
        "Cost of goods sold": 6866,
        "Gross Profit": 1865,
        "Financial expenses": 314,
        "Of which: Interest expense": 314,
        "Cost of sales": 430,
        "Enterprise cost management": 1410,
        "Total Operating Expenses": 2154,
        "Total revenue financing activities": 62,
        "Net profit from business activities": -227,
        "Profit": -189,
        "Profit before tax": -417,
        "Present corporate income tax expenses": "N/A",
        "Deferred income taxes expenses": "N/A",
        "The interests of minority shareholders": "N/A",
        "Total Cost of profits": 0,
        "Profit after tax corporate income": -417,
        "Volume": 2000205,
        "Close of Quarter": 13,
        "EPS": -1877,
        "Non-adjusted EPS": -1877,
        "PE": -6.9,
        "Book Price": 22.1
      }
    },
    {
      "quarter": "Q4 2013",
      "income status": {
        "Net sales": 9562,
        "Cost of goods sold": 7670,
        "Gross Profit": 1892,
        "Financial expenses": -197,
        "Of which: Interest expense": 141,
        "Cost of sales": 580,
        "Enterprise cost management": 1326,
        "Total Operating Expenses": 1709,
        "Total revenue financing activities": 22,
        "Net profit from business activities": 205,
        "Profit": -1581,
        "Profit before tax": -1376,
        "Present corporate income tax expenses": "N/A",
        "Deferred income taxes expenses": "N/A",
        "The interests of minority shareholders": "N/A",
        "Total Cost of profits": 0,
        "Profit after tax corporate income": -1376,
        "Volume": 2000205,
        "Close of Quarter": 11.4,
        "EPS": -1781,
        "Non-adjusted EPS": -1781,
        "PE": -6.4,
        "Book Price": 22.3
      }
    },
    {
      "quarter": "Q3 2013",
      "income status": {
        "Net sales": 18179,
        "Cost of goods sold": 15929,
        "Gross Profit": 2250,
        "Financial expenses": 241,
        "Of which: Interest expense": 241,
        "Cost of sales": 675,
        "Enterprise cost management": 1218,
        "Total Operating Expenses": 2134,
        "Total revenue financing activities": 408,
        "Net profit from business activities": 524,
        "Profit": 22,
        "Profit before tax": 547,
        "Present corporate income tax expenses": "N/A",
        "Deferred income taxes expenses": "N/A",
        "The interests of minority shareholders": "N/A",
        "Total Cost of profits": 0,
        "Profit after tax corporate income": 547,
        "Volume": 2000205,
        "Close of Quarter": 10,
        "EPS": -1296,
        "Non-adjusted EPS": -1296,
        "PE": -7.7,
        "Book Price": 23.7
      }
    },
    {
      "quarter": "Q2 2013",
      "income status": {
        "Net sales": 17340,
        "Cost of goods sold": 14396,
        "Gross Profit": 2944,
        "Financial expenses": 2275,
        "Of which: Interest expense": 585,
        "Cost of sales": 690,
        "Enterprise cost management": 2585,
        "Total Operating Expenses": 5550,
        "Total revenue financing activities": 291,
        "Net profit from business activities": -2315,
        "Profit": -193,
        "Profit before tax": -2508,
        "Present corporate income tax expenses": "N/A",
        "Deferred income taxes expenses": "N/A",
        "The interests of minority shareholders": "N/A",
        "Total Cost of profits": 0,
        "Profit after tax corporate income": -2508,
        "Volume": 2000205,
        "Close of Quarter": 10,
        "EPS": -1380,
        "Non-adjusted EPS": -1380,
        "PE": -7.3,
        "Book Price": 23.5
      }
    },
    {
      "quarter": "Q1 2013",
      "income status": {
        "Net sales": 9494,
        "Cost of goods sold": 7597,
        "Gross Profit": 1896,
        "Financial expenses": 412,
        "Of which: Interest expense": 412,
        "Cost of sales": 419,
        "Enterprise cost management": 952,
        "Total Operating Expenses": 1783,
        "Total revenue financing activities": 160,
        "Net profit from business activities": 273,
        "Profit": -498,
        "Profit before tax": -225,
        "Present corporate income tax expenses": "N/A",
        "Deferred income taxes expenses": "N/A",
        "The interests of minority shareholders": "N/A",
        "Total Cost of profits": 0,
        "Profit after tax corporate income": -225,
        "Volume": 2000205,
        "Close of Quarter": 12,
        "EPS": -84,
        "Non-adjusted EPS": -84,
        "PE": -142.9,
        "Book Price": 24.7
      }
    },
    {
      "quarter": "Q4 2012",
      "income status": {
        "Net sales": 16728,
        "Cost of goods sold": 13233,
        "Gross Profit": 3495,
        "Financial expenses": 673,
        "Of which: Interest expense": 655,
        "Cost of sales": 747,
        "Enterprise cost management": 2860,
        "Total Operating Expenses": 4280,
        "Total revenue financing activities": 428,
        "Net profit from business activities": -357,
        "Profit": -203,
        "Profit before tax": -560,
        "Present corporate income tax expenses": -153,
        "Deferred income taxes expenses": "N/A",
        "The interests of minority shareholders": "N/A",
        "Total Cost of profits": -153,
        "Profit after tax corporate income": -407,
        "Volume": 2000205,
        "Close of Quarter": 11.6,
        "EPS": 219,
        "Non-adjusted EPS": 219,
        "PE": 53.0,
        "Book Price": 24.9
      }
    },
    {
      "quarter": "Q3 2012",
      "income status": {
        "Net sales": 15197,
        "Cost of goods sold": 11510,
        "Gross Profit": 3687,
        "Financial expenses": 360,
        "Of which: Interest expense": 323,
        "Cost of sales": 681,
        "Enterprise cost management": 2213,
        "Total Operating Expenses": 3254,
        "Total revenue financing activities": 170,
        "Net profit from business activities": 603,
        "Profit": -96,
        "Profit before tax": 507,
        "Present corporate income tax expenses": 127,
        "Deferred income taxes expenses": "N/A",
        "The interests of minority shareholders": "N/A",
        "Total Cost of profits": 127,
        "Profit after tax corporate income": 380,
        "Volume": 2000205,
        "Close of Quarter": 13.7,
        "EPS": 1990,
        "Non-adjusted EPS": 1990,
        "PE": 6.9,
        "Book Price": 25.1
      }
    },
    {
      "quarter": "Q2 2012",
      "income status": {
        "Net sales": 16509,
        "Cost of goods sold": 11634,
        "Gross Profit": 4875,
        "Financial expenses": 531,
        "Of which: Interest expense": 531,
        "Cost of sales": 785,
        "Enterprise cost management": 2699,
        "Total Operating Expenses": 4015,
        "Total revenue financing activities": 315,
        "Net profit from business activities": 1175,
        "Profit": -1041,
        "Profit before tax": 134,
        "Present corporate income tax expenses": 51,
        "Deferred income taxes expenses": "N/A",
        "The interests of minority shareholders": "N/A",
        "Total Cost of profits": 51,
        "Profit after tax corporate income": 83,
        "Volume": 2000205,
        "Close of Quarter": 16,
        "EPS": 2944,
        "Non-adjusted EPS": 2944,
        "PE": 5.4,
        "Book Price": 24.9
      }
    },
    {
      "quarter": "Q1 2012",
      "income status": {
        "Net sales": 9738,
        "Cost of goods sold": 6799,
        "Gross Profit": 2939,
        "Financial expenses": 420,
        "Of which: Interest expense": 420,
        "Cost of sales": 471,
        "Enterprise cost management": 1984,
        "Total Operating Expenses": 2875,
        "Total revenue financing activities": 425,
        "Net profit from business activities": 490,
        "Profit": 21,
        "Profit before tax": 511,
        "Present corporate income tax expenses": 128,
        "Deferred income taxes expenses": "N/A",
        "The interests of minority shareholders": "N/A",
        "Total Cost of profits": 128,
        "Profit after tax corporate income": 383,
        "Volume": 2000205,
        "Close of Quarter": 15.7,
        "EPS": 5001,
        "Non-adjusted EPS": 5001,
        "PE": 3.1,
        "Book Price": 24.9
      }
    },
    {
      "quarter": "Q4 2011",
      "income status": {
        "Net sales": 15564,
        "Cost of goods sold": 9982,
        "Gross Profit": 5582,
        "Financial expenses": 135,
        "Of which: Interest expense": 126,
        "Cost of sales": 1222,
        "Enterprise cost management": 2521,
        "Total Operating Expenses": 3878,
        "Total revenue financing activities": 1343,
        "Net profit from business activities": 3048,
        "Profit": -353,
        "Profit before tax": 2694,
        "Present corporate income tax expenses": -440,
        "Deferred income taxes expenses": "N/A",
        "The interests of minority shareholders": "N/A",
        "Total Cost of profits": -440,
        "Profit after tax corporate income": 3135,
        "Volume": 2000205,
        "Close of Quarter": 13.7,
        "EPS": 6126,
        "Non-adjusted EPS": 6126,
        "PE": 2.2,
        "Book Price": 27.2
      }
    },
    {
      "quarter": "Q3 2011",
      "income status": {
        "Net sales": 16554,
        "Cost of goods sold": 10667,
        "Gross Profit": 5887,
        "Financial expenses": 59,
        "Of which: Interest expense": 59,
        "Cost of sales": 583,
        "Enterprise cost management": 2675,
        "Total Operating Expenses": 3317,
        "Total revenue financing activities": 103,
        "Net profit from business activities": 2673,
        "Profit": 376,
        "Profit before tax": 3049,
        "Present corporate income tax expenses": 762,
        "Deferred income taxes expenses": "N/A",
        "The interests of minority shareholders": "N/A",
        "Total Cost of profits": 762,
        "Profit after tax corporate income": 2287,
        "Volume": 2000205,
        "Close of Quarter": 17.5,
        "EPS": 6891,
        "Non-adjusted EPS": 6891,
        "PE": 2.5,
        "Book Price": 25.7
      }
    },
    {
      "quarter": "Q2 2011",
      "income status": {
        "Net sales": 30877,
        "Cost of goods sold": 21502,
        "Gross Profit": 9375,
        "Financial expenses": 225,
        "Of which: Interest expense": 172,
        "Cost of sales": 1008,
        "Enterprise cost management": 3544,
        "Total Operating Expenses": 4777,
        "Total revenue financing activities": 936,
        "Net profit from business activities": 5534,
        "Profit": 64,
        "Profit before tax": 5598,
        "Present corporate income tax expenses": 1399,
        "Deferred income taxes expenses": "N/A",
        "The interests of minority shareholders": "N/A",
        "Total Cost of profits": 1399,
        "Profit after tax corporate income": 4198,
        "Volume": 1290455,
        "Close of Quarter": 20.3,
        "EPS": 7459.4,
        "Non-adjusted EPS": 11562,
        "PE": 1.8,
        "Book Price": 21.0
      }
    },
    {
      "quarter": "Q1 2011",
      "income status": {
        "Net sales": 19646,
        "Cost of goods sold": 13923,
        "Gross Profit": 5723,
        "Financial expenses": 793,
        "Of which: Interest expense": 241,
        "Cost of sales": 682,
        "Enterprise cost management": 1298,
        "Total Operating Expenses": 2773,
        "Total revenue financing activities": 537,
        "Net profit from business activities": 3487,
        "Profit": 23,
        "Profit before tax": 3510,
        "Present corporate income tax expenses": 878,
        "Deferred income taxes expenses": "N/A",
        "The interests of minority shareholders": "N/A",
        "Total Cost of profits": 878,
        "Profit after tax corporate income": 2633,
        "Volume": 1290455,
        "Close of Quarter": 24.5,
        "EPS": 8178.1,
        "Non-adjusted EPS": 12676,
        "PE": 1.9,
        "Book Price": 18.8
      }
    }
  ]
}