{
  "ticker": "DDV",
  "data": [
    {
      "quarter": "Q4 2016",
      "income status": {
        "Net sales": 417620,
        "Cost of goods sold": 507204,
        "Gross Profit": -89584,
        "Financial expenses": 14468,
        "Of which: Interest expense": 11452,
        "Cost of sales": 28107,
        "Enterprise cost management": 14148,
        "Total Operating Expenses": 56723,
        "Total revenue financing activities": 215,
        "Net profit from business activities": -146092,
        "Profit": -41,
        "Profit before tax": -146133,
        "Present corporate income tax expenses": "N/A",
        "Deferred income taxes expenses": "N/A",
        "The interests of minority shareholders": "N/A",
        "Total Cost of profits": 0,
        "Profit after tax corporate income": -146133,
        "Volume": 146109900,
        "Close of Quarter": 7,
        "EPS": -3219,
        "Non-adjusted EPS": -3219,
        "PE": -2.2,
        "Book Price": 6.8
      }
    },
    {
      "quarter": "Q3 2016",
      "income status": {
        "Net sales": 262322,
        "Cost of goods sold": 324520,
        "Gross Profit": -62198,
        "Financial expenses": 16716,
        "Of which: Interest expense": 15479,
        "Cost of sales": 20681,
        "Enterprise cost management": 12404,
        "Total Operating Expenses": 49801,
        "Total revenue financing activities": 48,
        "Net profit from business activities": -111951,
        "Profit": 6,
        "Profit before tax": -111945,
        "Present corporate income tax expenses": "N/A",
        "Deferred income taxes expenses": "N/A",
        "The interests of minority shareholders": "N/A",
        "Total Cost of profits": 0,
        "Profit after tax corporate income": -111945,
        "Volume": 146109900,
        "Close of Quarter": 8.2,
        "EPS": -2115,
        "Non-adjusted EPS": -2115,
        "PE": -3.9,
        "Book Price": 7.8
      }
    },
    {
      "quarter": "Q2 2016",
      "income status": {
        "Net sales": 465638,
        "Cost of goods sold": 580837,
        "Gross Profit": -115200,
        "Financial expenses": 20030,
        "Of which: Interest expense": 19801,
        "Cost of sales": 27566,
        "Enterprise cost management": 11819,
        "Total Operating Expenses": 59415,
        "Total revenue financing activities": 74,
        "Net profit from business activities": -174541,
        "Profit": -16,
        "Profit before tax": -174557,
        "Present corporate income tax expenses": -14,
        "Deferred income taxes expenses": 354,
        "The interests of minority shareholders": "N/A",
        "Total Cost of profits": 340,
        "Profit after tax corporate income": -174897,
        "Volume": 146109900,
        "Close of Quarter": 8.8,
        "EPS": -1237,
        "Non-adjusted EPS": -1237,
        "PE": -7.2,
        "Book Price": 8.6
      }
    },
    {
      "quarter": "Q1 2016",
      "income status": {
        "Net sales": 113883,
        "Cost of goods sold": 115009,
        "Gross Profit": -1126,
        "Financial expenses": 13928,
        "Of which: Interest expense": 12612,
        "Cost of sales": 12803,
        "Enterprise cost management": 10824,
        "Total Operating Expenses": 37555,
        "Total revenue financing activities": 313,
        "Net profit from business activities": -38367,
        "Profit": 1029,
        "Profit before tax": -37338,
        "Present corporate income tax expenses": -455,
        "Deferred income taxes expenses": 455,
        "The interests of minority shareholders": "N/A",
        "Total Cost of profits": 0,
        "Profit after tax corporate income": -37338,
        "Volume": 146109900,
        "Close of Quarter": 13.1,
        "EPS": -37,
        "Non-adjusted EPS": -37,
        "PE": -354.6,
        "Book Price": 10.1
      }
    },
    {
      "quarter": "Q3 2015",
      "income status": {
        "Net sales": 613877,
        "Cost of goods sold": 542866,
        "Gross Profit": 71011,
        "Financial expenses": 11338,
        "Of which: Interest expense": 10934,
        "Cost of sales": 29875,
        "Enterprise cost management": 14555,
        "Total Operating Expenses": 55768,
        "Total revenue financing activities": 541,
        "Net profit from business activities": 15783,
        "Profit": 11,
        "Profit before tax": 15794,
        "Present corporate income tax expenses": 587,
        "Deferred income taxes expenses": "N/A",
        "The interests of minority shareholders": "N/A",
        "Total Cost of profits": 587,
        "Profit after tax corporate income": 15207,
        "Volume": 146109900,
        "Close of Quarter": 10.2,
        "EPS": -44,
        "Non-adjusted EPS": -44,
        "PE": -232.7,
        "Book Price": 10.2
      }
    },
    {
      "quarter": "Q2 2015",
      "income status": {
        "Net sales": 729776,
        "Cost of goods sold": 643468,
        "Gross Profit": 86308,
        "Financial expenses": 15826,
        "Of which: Interest expense": 13656,
        "Cost of sales": 42776,
        "Enterprise cost management": 12622,
        "Total Operating Expenses": 71224,
        "Total revenue financing activities": 1763,
        "Net profit from business activities": 16848,
        "Profit": 203,
        "Profit before tax": 17051,
        "Present corporate income tax expenses": 819,
        "Deferred income taxes expenses": "N/A",
        "The interests of minority shareholders": "N/A",
        "Total Cost of profits": 819,
        "Profit after tax corporate income": 16232,
        "Volume": 146109900,
        "Close of Quarter": 11.5,
        "EPS": -665,
        "Non-adjusted EPS": -665,
        "PE": -17.4,
        "Book Price": 10.1
      }
    },
    {
      "quarter": "Q1 2015",
      "income status": {
        "Net sales": 506358,
        "Cost of goods sold": 464187,
        "Gross Profit": 42171,
        "Financial expenses": 13203,
        "Of which: Interest expense": 12973,
        "Cost of sales": 18710,
        "Enterprise cost management": 11634,
        "Total Operating Expenses": 43547,
        "Total revenue financing activities": 774,
        "Net profit from business activities": -603,
        "Profit": 1514,
        "Profit before tax": 911,
        "Present corporate income tax expenses": 379,
        "Deferred income taxes expenses": "N/A",
        "The interests of minority shareholders": "N/A",
        "Total Cost of profits": 379,
        "Profit after tax corporate income": 532,
        "Volume": 146109900,
        "Close of Quarter": "N/A",
        "EPS": -776,
        "Non-adjusted EPS": -776,
        "PE": "N/A",
        "Book Price": "N/A"
      }
    },
    {
      "quarter": "Q2 2014",
      "income status": {
        "Net sales": 699366,
        "Cost of goods sold": 675315,
        "Gross Profit": 24051,
        "Financial expenses": 21028,
        "Of which: Interest expense": 18274,
        "Cost of sales": 32952,
        "Enterprise cost management": 9509,
        "Total Operating Expenses": 63489,
        "Total revenue financing activities": 1033,
        "Net profit from business activities": -38404,
        "Profit": -9,
        "Profit before tax": -38413,
        "Present corporate income tax expenses": 13,
        "Deferred income taxes expenses": "N/A",
        "The interests of minority shareholders": "N/A",
        "Total Cost of profits": 13,
        "Profit after tax corporate income": -38426,
        "Volume": 146109900,
        "Close of Quarter": "N/A",
        "EPS": -780,
        "Non-adjusted EPS": -780,
        "PE": "N/A",
        "Book Price": 5.5
      }
    },
    {
      "quarter": "Q1 2014",
      "income status": {
        "Net sales": 660704,
        "Cost of goods sold": 684502,
        "Gross Profit": -23797,
        "Financial expenses": 21904,
        "Of which: Interest expense": 21414,
        "Cost of sales": 23828,
        "Enterprise cost management": 6892,
        "Total Operating Expenses": 52624,
        "Total revenue financing activities": 872,
        "Net profit from business activities": -75550,
        "Profit": 65,
        "Profit before tax": -75485,
        "Present corporate income tax expenses": 16,
        "Deferred income taxes expenses": "N/A",
        "The interests of minority shareholders": "N/A",
        "Total Cost of profits": 16,
        "Profit after tax corporate income": -75501,
        "Volume": 146109900,
        "Close of Quarter": "N/A",
        "EPS": -517,
        "Non-adjusted EPS": -517,
        "PE": "N/A",
        "Book Price": "N/A"
      }
    }
  ]
}