{
  "ticker": "VMD",
  "data": [
    {
      "quarter": "Q4 2016",
      "income status": {
        "Net sales": 3785638,
        "Cost of goods sold": 3526621,
        "Gross Profit": 259017,
        "Financial expenses": 54450,
        "Of which: Interest expense": 19898,
        "Cost of sales": 204450,
        "Enterprise cost management": 29243,
        "Total Operating Expenses": 288143,
        "Total revenue financing activities": 31607,
        "Net profit from business activities": 2481,
        "Profit": 5766,
        "Profit before tax": 8247,
        "Present corporate income tax expenses": 3237,
        "Deferred income taxes expenses": -826,
        "The interests of minority shareholders": "N/A",
        "Total Cost of profits": 2411,
        "Profit after tax corporate income": 5836,
        "Volume": 11940268,
        "Close of Quarter": 32.8,
        "EPS": 2727,
        "Non-adjusted EPS": 2727,
        "PE": 12.0,
        "Book Price": 22.9
      }
    },
    {
      "quarter": "Q3 2016",
      "income status": {
        "Net sales": 3360364,
        "Cost of goods sold": 3076203,
        "Gross Profit": 284161,
        "Financial expenses": 48540,
        "Of which: Interest expense": 22831,
        "Cost of sales": 201887,
        "Enterprise cost management": 32599,
        "Total Operating Expenses": 283026,
        "Total revenue financing activities": 16558,
        "Net profit from business activities": 17692,
        "Profit": 1322,
        "Profit before tax": 19014,
        "Present corporate income tax expenses": 6647,
        "Deferred income taxes expenses": -1161,
        "The interests of minority shareholders": "N/A",
        "Total Cost of profits": 5486,
        "Profit after tax corporate income": 13528,
        "Volume": 11940268,
        "Close of Quarter": 34.1,
        "EPS": 1064,
        "Non-adjusted EPS": 1064,
        "PE": 32.1,
        "Book Price": 17.8
      }
    },
    {
      "quarter": "Q2 2016",
      "income status": {
        "Net sales": 3183154,
        "Cost of goods sold": 2910762,
        "Gross Profit": 272392,
        "Financial expenses": 49383,
        "Of which: Interest expense": 21722,
        "Cost of sales": 214103,
        "Enterprise cost management": 17315,
        "Total Operating Expenses": 280801,
        "Total revenue financing activities": 17704,
        "Net profit from business activities": 9296,
        "Profit": -4675,
        "Profit before tax": 4621,
        "Present corporate income tax expenses": 4724,
        "Deferred income taxes expenses": -1161,
        "The interests of minority shareholders": "N/A",
        "Total Cost of profits": 3563,
        "Profit after tax corporate income": 1058,
        "Volume": 11940268,
        "Close of Quarter": 36.8,
        "EPS": 1926,
        "Non-adjusted EPS": 1926,
        "PE": 19.1,
        "Book Price": 16.7
      }
    },
    {
      "quarter": "Q1 2016",
      "income status": {
        "Net sales": 2683626,
        "Cost of goods sold": 2426342,
        "Gross Profit": 257284,
        "Financial expenses": 37597,
        "Of which: Interest expense": 22123,
        "Cost of sales": 220353,
        "Enterprise cost management": 17252,
        "Total Operating Expenses": 275202,
        "Total revenue financing activities": 33730,
        "Net profit from business activities": 15812,
        "Profit": 24,
        "Profit before tax": 15837,
        "Present corporate income tax expenses": 3695,
        "Deferred income taxes expenses": "N/A",
        "The interests of minority shareholders": "N/A",
        "Total Cost of profits": 3695,
        "Profit after tax corporate income": 12142,
        "Volume": 11940268,
        "Close of Quarter": 35.8,
        "EPS": 961,
        "Non-adjusted EPS": 961,
        "PE": 37.2,
        "Book Price": 16.6
      }
    },
    {
      "quarter": "Q4 2015",
      "income status": {
        "Net sales": 3141245,
        "Cost of goods sold": 2869751,
        "Gross Profit": 271494,
        "Financial expenses": 48900,
        "Of which: Interest expense": 21964,
        "Cost of sales": 239636,
        "Enterprise cost management": 26505,
        "Total Operating Expenses": 315041,
        "Total revenue financing activities": 28774,
        "Net profit from business activities": -14772,
        "Profit": -924,
        "Profit before tax": -15697,
        "Present corporate income tax expenses": -839,
        "Deferred income taxes expenses": -835,
        "The interests of minority shareholders": "N/A",
        "Total Cost of profits": -1674,
        "Profit after tax corporate income": -14022,
        "Volume": 11940268,
        "Close of Quarter": 28.3,
        "EPS": 1483,
        "Non-adjusted EPS": 1483,
        "PE": 19.1,
        "Book Price": 15.9
      }
    },
    {
      "quarter": "Q3 2015",
      "income status": {
        "Net sales": 2958033,
        "Cost of goods sold": 2654026,
        "Gross Profit": 304007,
        "Financial expenses": 54061,
        "Of which: Interest expense": 22222,
        "Cost of sales": 245935,
        "Enterprise cost management": 16435,
        "Total Operating Expenses": 316431,
        "Total revenue financing activities": 43085,
        "Net profit from business activities": 30661,
        "Profit": 541,
        "Profit before tax": 31202,
        "Present corporate income tax expenses": 7387,
        "Deferred income taxes expenses": "N/A",
        "The interests of minority shareholders": "N/A",
        "Total Cost of profits": 7387,
        "Profit after tax corporate income": 23815,
        "Volume": 8440268,
        "Close of Quarter": 25.4,
        "EPS": 3909.7,
        "Non-adjusted EPS": 5531,
        "PE": 4.6,
        "Book Price": 18.2
      }
    },
    {
      "quarter": "Q2 2015",
      "income status": {
        "Net sales": 3096846,
        "Cost of goods sold": 2810680,
        "Gross Profit": 286167,
        "Financial expenses": 37408,
        "Of which: Interest expense": 21052,
        "Cost of sales": 265705,
        "Enterprise cost management": 37233,
        "Total Operating Expenses": 340346,
        "Total revenue financing activities": 54766,
        "Net profit from business activities": 588,
        "Profit": -817,
        "Profit before tax": -229,
        "Present corporate income tax expenses": 7902,
        "Deferred income taxes expenses": 260,
        "The interests of minority shareholders": 2066,
        "Total Cost of profits": 10228,
        "Profit after tax corporate income": -10457,
        "Volume": 8440268,
        "Close of Quarter": 22.6,
        "EPS": 2298.8,
        "Non-adjusted EPS": 3252,
        "PE": 7.0,
        "Book Price": 16.3
      }
    },
    {
      "quarter": "Q1 2015",
      "income status": {
        "Net sales": 2624377,
        "Cost of goods sold": 2394719,
        "Gross Profit": 229657,
        "Financial expenses": 22174,
        "Of which: Interest expense": 17637,
        "Cost of sales": 202252,
        "Enterprise cost management": 19874,
        "Total Operating Expenses": 244300,
        "Total revenue financing activities": 39960,
        "Net profit from business activities": 25317,
        "Profit": -33,
        "Profit before tax": 25284,
        "Present corporate income tax expenses": 6911,
        "Deferred income taxes expenses": "N/A",
        "The interests of minority shareholders": "N/A",
        "Total Cost of profits": 6911,
        "Profit after tax corporate income": 18373,
        "Volume": 8440268,
        "Close of Quarter": 17.0,
        "EPS": 3740.1,
        "Non-adjusted EPS": 5291,
        "PE": 3.2,
        "Book Price": 17.4
      }
    },
    {
      "quarter": "Q4 2014",
      "income status": {
        "Net sales": 2970099,
        "Cost of goods sold": 2729196,
        "Gross Profit": 240903,
        "Financial expenses": 28076,
        "Of which: Interest expense": 20407,
        "Cost of sales": 224664,
        "Enterprise cost management": 21714,
        "Total Operating Expenses": 274454,
        "Total revenue financing activities": 51592,
        "Net profit from business activities": 18041,
        "Profit": -121,
        "Profit before tax": 17920,
        "Present corporate income tax expenses": 2971,
        "Deferred income taxes expenses": "N/A",
        "The interests of minority shareholders": "N/A",
        "Total Cost of profits": 2971,
        "Profit after tax corporate income": 14949,
        "Volume": 8440268,
        "Close of Quarter": 17.0,
        "EPS": 2481.1,
        "Non-adjusted EPS": 3510,
        "PE": 4.9,
        "Book Price": 15.8
      }
    },
    {
      "quarter": "Q3 2014",
      "income status": {
        "Net sales": 2934170,
        "Cost of goods sold": 2700403,
        "Gross Profit": 233767,
        "Financial expenses": 19063,
        "Of which: Interest expense": 16787,
        "Cost of sales": 209051,
        "Enterprise cost management": 14838,
        "Total Operating Expenses": 242952,
        "Total revenue financing activities": 15971,
        "Net profit from business activities": 6785,
        "Profit": 10,
        "Profit before tax": 6796,
        "Present corporate income tax expenses": 2210,
        "Deferred income taxes expenses": "N/A",
        "The interests of minority shareholders": "N/A",
        "Total Cost of profits": 2210,
        "Profit after tax corporate income": 4586,
        "Volume": 8440268,
        "Close of Quarter": 15.3,
        "EPS": 2332.0,
        "Non-adjusted EPS": 3299,
        "PE": 4.6,
        "Book Price": 14.6
      }
    },
    {
      "quarter": "Q2 2014",
      "income status": {
        "Net sales": 2906568,
        "Cost of goods sold": 2661945,
        "Gross Profit": 244623,
        "Financial expenses": 28535,
        "Of which: Interest expense": 20151,
        "Cost of sales": 207023,
        "Enterprise cost management": 14169,
        "Total Operating Expenses": 249727,
        "Total revenue financing activities": 17241,
        "Net profit from business activities": 12137,
        "Profit": -1748,
        "Profit before tax": 10389,
        "Present corporate income tax expenses": 3942,
        "Deferred income taxes expenses": -303,
        "The interests of minority shareholders": "N/A",
        "Total Cost of profits": 3639,
        "Profit after tax corporate income": 6749,
        "Volume": 8440268,
        "Close of Quarter": 12.6,
        "EPS": 2350.4,
        "Non-adjusted EPS": 3325,
        "PE": 3.8,
        "Book Price": 15.6
      }
    },
    {
      "quarter": "Q1 2014",
      "income status": {
        "Net sales": 2567537,
        "Cost of goods sold": 2369011,
        "Gross Profit": 198526,
        "Financial expenses": 17565,
        "Of which: Interest expense": 16545,
        "Cost of sales": 183225,
        "Enterprise cost management": 19047,
        "Total Operating Expenses": 219837,
        "Total revenue financing activities": 25060,
        "Net profit from business activities": 3748,
        "Profit": 82,
        "Profit before tax": 3830,
        "Present corporate income tax expenses": 489,
        "Deferred income taxes expenses": "N/A",
        "The interests of minority shareholders": "N/A",
        "Total Cost of profits": 489,
        "Profit after tax corporate income": 3341,
        "Volume": 8440268,
        "Close of Quarter": 12.9,
        "EPS": 1968.6,
        "Non-adjusted EPS": 2785,
        "PE": 4.6,
        "Book Price": 14.8
      }
    },
    {
      "quarter": "Q4 2013",
      "income status": {
        "Net sales": 2967210,
        "Cost of goods sold": 2739497,
        "Gross Profit": 227713,
        "Financial expenses": 49898,
        "Of which: Interest expense": 17253,
        "Cost of sales": 169473,
        "Enterprise cost management": 18435,
        "Total Operating Expenses": 237806,
        "Total revenue financing activities": 29262,
        "Net profit from business activities": 19169,
        "Profit": -1356,
        "Profit before tax": 17813,
        "Present corporate income tax expenses": 2526,
        "Deferred income taxes expenses": 2118,
        "The interests of minority shareholders": "N/A",
        "Total Cost of profits": 4644,
        "Profit after tax corporate income": 13169,
        "Volume": 8440268,
        "Close of Quarter": 9.7,
        "EPS": 1919.9,
        "Non-adjusted EPS": 2716,
        "PE": 3.6,
        "Book Price": 14.8
      }
    },
    {
      "quarter": "Q3 2013",
      "income status": {
        "Net sales": 2557637,
        "Cost of goods sold": 2338303,
        "Gross Profit": 219334,
        "Financial expenses": 27804,
        "Of which: Interest expense": 14630,
        "Cost of sales": 187483,
        "Enterprise cost management": 16294,
        "Total Operating Expenses": 231581,
        "Total revenue financing activities": 18536,
        "Net profit from business activities": 6289,
        "Profit": 61,
        "Profit before tax": 6349,
        "Present corporate income tax expenses": 1542,
        "Deferred income taxes expenses": "N/A",
        "The interests of minority shareholders": "N/A",
        "Total Cost of profits": 1542,
        "Profit after tax corporate income": 4807,
        "Volume": 8440268,
        "Close of Quarter": 10.2,
        "EPS": 1517.7,
        "Non-adjusted EPS": 2147,
        "PE": 4.8,
        "Book Price": 15.2
      }
    },
    {
      "quarter": "Q2 2013",
      "income status": {
        "Net sales": 2708723,
        "Cost of goods sold": 2484152,
        "Gross Profit": 224571,
        "Financial expenses": 25126,
        "Of which: Interest expense": 18277,
        "Cost of sales": 194366,
        "Enterprise cost management": 16275,
        "Total Operating Expenses": 235767,
        "Total revenue financing activities": 13848,
        "Net profit from business activities": 2652,
        "Profit": 86,
        "Profit before tax": 2737,
        "Present corporate income tax expenses": 3033,
        "Deferred income taxes expenses": -2484,
        "The interests of minority shareholders": "N/A",
        "Total Cost of profits": 549,
        "Profit after tax corporate income": 2188,
        "Volume": 8440268,
        "Close of Quarter": 8.4,
        "EPS": 1517.7,
        "Non-adjusted EPS": 2147,
        "PE": 3.9,
        "Book Price": 14.9
      }
    },
    {
      "quarter": "Q1 2013",
      "income status": {
        "Net sales": 2252308,
        "Cost of goods sold": 2059615,
        "Gross Profit": 192693,
        "Financial expenses": 12561,
        "Of which: Interest expense": 12326,
        "Cost of sales": 173428,
        "Enterprise cost management": 18405,
        "Total Operating Expenses": 204394,
        "Total revenue financing activities": 16704,
        "Net profit from business activities": 5002,
        "Profit": 111,
        "Profit before tax": 5113,
        "Present corporate income tax expenses": 2255,
        "Deferred income taxes expenses": 97,
        "The interests of minority shareholders": "N/A",
        "Total Cost of profits": 2352,
        "Profit after tax corporate income": 2761,
        "Volume": 8440268,
        "Close of Quarter": 9.0,
        "EPS": 1156.5,
        "Non-adjusted EPS": 1636,
        "PE": 5.5,
        "Book Price": 14.7
      }
    },
    {
      "quarter": "Q4 2012",
      "income status": {
        "Net sales": 2562079,
        "Cost of goods sold": 2336464,
        "Gross Profit": 225615,
        "Financial expenses": 22586,
        "Of which: Interest expense": 15892,
        "Cost of sales": 195938,
        "Enterprise cost management": 18485,
        "Total Operating Expenses": 237009,
        "Total revenue financing activities": 21059,
        "Net profit from business activities": 9665,
        "Profit": 208,
        "Profit before tax": 9873,
        "Present corporate income tax expenses": 1508,
        "Deferred income taxes expenses": "N/A",
        "The interests of minority shareholders": "N/A",
        "Total Cost of profits": 1508,
        "Profit after tax corporate income": 8365,
        "Volume": 8440268,
        "Close of Quarter": 10.0,
        "EPS": 1665.4,
        "Non-adjusted EPS": 2356,
        "PE": 4.2,
        "Book Price": 14.8
      }
    },
    {
      "quarter": "Q3 2012",
      "income status": {
        "Net sales": 2215362,
        "Cost of goods sold": 2019263,
        "Gross Profit": 196098,
        "Financial expenses": 26376,
        "Of which: Interest expense": 22152,
        "Cost of sales": 166077,
        "Enterprise cost management": 16600,
        "Total Operating Expenses": 209053,
        "Total revenue financing activities": 19965,
        "Net profit from business activities": 7009,
        "Profit": 103,
        "Profit before tax": 7112,
        "Present corporate income tax expenses": 2037,
        "Deferred income taxes expenses": 271,
        "The interests of minority shareholders": "N/A",
        "Total Cost of profits": 2308,
        "Profit after tax corporate income": 4804,
        "Volume": 8440268,
        "Close of Quarter": 10.5,
        "EPS": 1666.8,
        "Non-adjusted EPS": 2358,
        "PE": 4.5,
        "Book Price": 14.4
      }
    },
    {
      "quarter": "Q2 2012",
      "income status": {
        "Net sales": 2189954,
        "Cost of goods sold": 2002400,
        "Gross Profit": 187554,
        "Financial expenses": 37069,
        "Of which: Interest expense": 27390,
        "Cost of sales": 163318,
        "Enterprise cost management": 17179,
        "Total Operating Expenses": 217566,
        "Total revenue financing activities": 26814,
        "Net profit from business activities": -3198,
        "Profit": 1158,
        "Profit before tax": -2040,
        "Present corporate income tax expenses": 355,
        "Deferred income taxes expenses": -271,
        "The interests of minority shareholders": "N/A",
        "Total Cost of profits": 84,
        "Profit after tax corporate income": -2124,
        "Volume": 8141196,
        "Close of Quarter": 10.3,
        "EPS": 2072.1,
        "Non-adjusted EPS": 3039,
        "PE": 3.4,
        "Book Price": 13.9
      }
    },
    {
      "quarter": "Q1 2012",
      "income status": {
        "Net sales": 1969235,
        "Cost of goods sold": 1790323,
        "Gross Profit": 178912,
        "Financial expenses": 55681,
        "Of which: Interest expense": 28184,
        "Cost of sales": 149588,
        "Enterprise cost management": 19258,
        "Total Operating Expenses": 224527,
        "Total revenue financing activities": 57177,
        "Net profit from business activities": 11562,
        "Profit": 380,
        "Profit before tax": 11942,
        "Present corporate income tax expenses": 2796,
        "Deferred income taxes expenses": 303,
        "The interests of minority shareholders": "N/A",
        "Total Cost of profits": 3099,
        "Profit after tax corporate income": 8842,
        "Volume": 8141196,
        "Close of Quarter": 11.0,
        "EPS": 2886.9,
        "Non-adjusted EPS": 4234,
        "PE": 2.6,
        "Book Price": 14.8
      }
    },
    {
      "quarter": "Q4 2011",
      "income status": {
        "Net sales": 2112422,
        "Cost of goods sold": 1911039,
        "Gross Profit": 201383,
        "Financial expenses": 27355,
        "Of which: Interest expense": 13407,
        "Cost of sales": 156718,
        "Enterprise cost management": 23895,
        "Total Operating Expenses": 207968,
        "Total revenue financing activities": 14610,
        "Net profit from business activities": 8025,
        "Profit": 2884,
        "Profit before tax": 10909,
        "Present corporate income tax expenses": 2533,
        "Deferred income taxes expenses": "N/A",
        "The interests of minority shareholders": "N/A",
        "Total Cost of profits": 2533,
        "Profit after tax corporate income": 8376,
        "Volume": 8141196,
        "Close of Quarter": 11.6,
        "EPS": 2893.7,
        "Non-adjusted EPS": 4244,
        "PE": 2.7,
        "Book Price": 13.6
      }
    },
    {
      "quarter": "Q3 2011",
      "income status": {
        "Net sales": 1609344,
        "Cost of goods sold": 1438265,
        "Gross Profit": 171080,
        "Financial expenses": 23501,
        "Of which: Interest expense": 9611,
        "Cost of sales": 131108,
        "Enterprise cost management": 18930,
        "Total Operating Expenses": 173539,
        "Total revenue financing activities": 14338,
        "Net profit from business activities": 11879,
        "Profit": -248,
        "Profit before tax": 11632,
        "Present corporate income tax expenses": 1955,
        "Deferred income taxes expenses": 26,
        "The interests of minority shareholders": "N/A",
        "Total Cost of profits": 1981,
        "Profit after tax corporate income": 9651,
        "Volume": 8141196,
        "Close of Quarter": 11.8,
        "EPS": 2485.9,
        "Non-adjusted EPS": 3646,
        "PE": 3.2,
        "Book Price": 14.1
      }
    },
    {
      "quarter": "Q2 2011",
      "income status": {
        "Net sales": 1751012,
        "Cost of goods sold": 1569972,
        "Gross Profit": 181040,
        "Financial expenses": 24182,
        "Of which: Interest expense": 10079,
        "Cost of sales": 148266,
        "Enterprise cost management": 16582,
        "Total Operating Expenses": 189030,
        "Total revenue financing activities": 17001,
        "Net profit from business activities": 9011,
        "Profit": 22,
        "Profit before tax": 9033,
        "Present corporate income tax expenses": 1429,
        "Deferred income taxes expenses": "N/A",
        "The interests of minority shareholders": "N/A",
        "Total Cost of profits": 1429,
        "Profit after tax corporate income": 7604,
        "Volume": 8141196,
        "Close of Quarter": 12.8,
        "EPS": 2175.0,
        "Non-adjusted EPS": 3190,
        "PE": 4.0,
        "Book Price": 13.6
      }
    },
    {
      "quarter": "Q1 2011",
      "income status": {
        "Net sales": 1566636,
        "Cost of goods sold": 1396018,
        "Gross Profit": 170617,
        "Financial expenses": 18203,
        "Of which: Interest expense": 9861,
        "Cost of sales": 133053,
        "Enterprise cost management": 19057,
        "Total Operating Expenses": 170313,
        "Total revenue financing activities": 9809,
        "Net profit from business activities": 10114,
        "Profit": 560,
        "Profit before tax": 10673,
        "Present corporate income tax expenses": 1591,
        "Deferred income taxes expenses": 165,
        "The interests of minority shareholders": "N/A",
        "Total Cost of profits": 1756,
        "Profit after tax corporate income": 8917,
        "Volume": 8141196,
        "Close of Quarter": 13.7,
        "EPS": 1978.7,
        "Non-adjusted EPS": 2902,
        "PE": 4.7,
        "Book Price": 13.6
      }
    }
  ]
}