{
  "ticker": "SDI",
  "data": [
    {
      "quarter": "Q4 2016",
      "income status": {
        "Net sales": 1350634,
        "Cost of goods sold": 722448,
        "Gross Profit": 628186,
        "Financial expenses": 14490,
        "Of which: Interest expense": 741,
        "Cost of sales": 119165,
        "Enterprise cost management": 47139,
        "Total Operating Expenses": 180794,
        "Total revenue financing activities": 45291,
        "Net profit from business activities": 492683,
        "Profit": -14005,
        "Profit before tax": 478679,
        "Present corporate income tax expenses": 109296,
        "Deferred income taxes expenses": 8813,
        "The interests of minority shareholders": 21621,
        "Total Cost of profits": 139730,
        "Profit after tax corporate income": 338949,
        "Volume": 287989920,
        "Close of Quarter": 48,
        "EPS": 2512,
        "Non-adjusted EPS": 2512,
        "PE": 19.1,
        "Book Price": 10.7
      }
    },
    {
      "quarter": "Q3 2016",
      "income status": {
        "Net sales": 71249,
        "Cost of goods sold": 54136,
        "Gross Profit": 17114,
        "Financial expenses": 14576,
        "Of which: Interest expense": 14557,
        "Cost of sales": 5070,
        "Enterprise cost management": 12891,
        "Total Operating Expenses": 32537,
        "Total revenue financing activities": 34812,
        "Net profit from business activities": 19389,
        "Profit": -8135,
        "Profit before tax": 11254,
        "Present corporate income tax expenses": 508,
        "Deferred income taxes expenses": "N/A",
        "The interests of minority shareholders": "N/A",
        "Total Cost of profits": 508,
        "Profit after tax corporate income": 10746,
        "Volume": 287989920,
        "Close of Quarter": 39.7,
        "EPS": 2352,
        "Non-adjusted EPS": 2352,
        "PE": 16.9,
        "Book Price": 9
      }
    },
    {
      "quarter": "Q2 2016",
      "income status": {
        "Net sales": 78488,
        "Cost of goods sold": 40180,
        "Gross Profit": 38308,
        "Financial expenses": 31765,
        "Of which: Interest expense": 32416,
        "Cost of sales": 14205,
        "Enterprise cost management": 8735,
        "Total Operating Expenses": 54705,
        "Total revenue financing activities": 29995,
        "Net profit from business activities": 13597,
        "Profit": 1120,
        "Profit before tax": 14717,
        "Present corporate income tax expenses": 6,
        "Deferred income taxes expenses": -2025,
        "The interests of minority shareholders": 6,
        "Total Cost of profits": -2013,
        "Profit after tax corporate income": 16730,
        "Volume": 287989920,
        "Close of Quarter": 41.3,
        "EPS": 2602,
        "Non-adjusted EPS": 2602,
        "PE": 15.9,
        "Book Price": 9.2
      }
    },
    {
      "quarter": "Q1 2016",
      "income status": {
        "Net sales": 64944,
        "Cost of goods sold": 56539,
        "Gross Profit": 8405,
        "Financial expenses": 2331,
        "Of which: Interest expense": 1575,
        "Cost of sales": 2347,
        "Enterprise cost management": 9473,
        "Total Operating Expenses": 14151,
        "Total revenue financing activities": 382625,
        "Net profit from business activities": 376879,
        "Profit": -15770,
        "Profit before tax": 361108,
        "Present corporate income tax expenses": 3861,
        "Deferred income taxes expenses": "N/A",
        "The interests of minority shareholders": 160,
        "Total Cost of profits": 4021,
        "Profit after tax corporate income": 357087,
        "Volume": 287989920,
        "Close of Quarter": 35.5,
        "EPS": 2338,
        "Non-adjusted EPS": 2338,
        "PE": 15.2,
        "Book Price": 9.2
      }
    },
    {
      "quarter": "Q4 2015",
      "income status": {
        "Net sales": 169660,
        "Cost of goods sold": 53431,
        "Gross Profit": 116230,
        "Financial expenses": 34350,
        "Of which: Interest expense": 34348,
        "Cost of sales": 2828,
        "Enterprise cost management": 58659,
        "Total Operating Expenses": 95837,
        "Total revenue financing activities": 182996,
        "Net profit from business activities": 304936,
        "Profit": -5385,
        "Profit before tax": 299551,
        "Present corporate income tax expenses": 6524,
        "Deferred income taxes expenses": "N/A",
        "The interests of minority shareholders": 170,
        "Total Cost of profits": 6694,
        "Profit after tax corporate income": 292857,
        "Volume": 287989920,
        "Close of Quarter": 26.9,
        "EPS": 1824,
        "Non-adjusted EPS": 1824,
        "PE": 14.8,
        "Book Price": 8
      }
    },
    {
      "quarter": "Q3 2015",
      "income status": {
        "Net sales": 126868,
        "Cost of goods sold": 60059,
        "Gross Profit": 66808,
        "Financial expenses": 41704,
        "Of which: Interest expense": 38839,
        "Cost of sales": 2065,
        "Enterprise cost management": 11767,
        "Total Operating Expenses": 55536,
        "Total revenue financing activities": 49419,
        "Net profit from business activities": 87583,
        "Profit": -41,
        "Profit before tax": 87542,
        "Present corporate income tax expenses": 4820,
        "Deferred income taxes expenses": "N/A",
        "The interests of minority shareholders": 169,
        "Total Cost of profits": 4989,
        "Profit after tax corporate income": 82552,
        "Volume": 287989920,
        "Close of Quarter": 24.6,
        "EPS": 807,
        "Non-adjusted EPS": 807,
        "PE": 30.5,
        "Book Price": 8.7
      }
    },
    {
      "quarter": "Q2 2015",
      "income status": {
        "Net sales": 50182,
        "Cost of goods sold": 58262,
        "Gross Profit": -8080,
        "Financial expenses": 44214,
        "Of which: Interest expense": 36161,
        "Cost of sales": 755,
        "Enterprise cost management": 13480,
        "Total Operating Expenses": 58449,
        "Total revenue financing activities": 42895,
        "Net profit from business activities": -52713,
        "Profit": -443,
        "Profit before tax": -53156,
        "Present corporate income tax expenses": 5747,
        "Deferred income taxes expenses": "N/A",
        "The interests of minority shareholders": 188,
        "Total Cost of profits": 5935,
        "Profit after tax corporate income": -59091,
        "Volume": 287989920,
        "Close of Quarter": 42.5,
        "EPS": 520,
        "Non-adjusted EPS": 520,
        "PE": 81.7,
        "Book Price": 10.1
      }
    },
    {
      "quarter": "Q1 2015",
      "income status": {
        "Net sales": 34382,
        "Cost of goods sold": 61140,
        "Gross Profit": -26758,
        "Financial expenses": 44055,
        "Of which: Interest expense": 44026,
        "Cost of sales": 549,
        "Enterprise cost management": 15956,
        "Total Operating Expenses": 60560,
        "Total revenue financing activities": 50733,
        "Net profit from business activities": 213016,
        "Profit": 1019,
        "Profit before tax": 214035,
        "Present corporate income tax expenses": 4994,
        "Deferred income taxes expenses": "N/A",
        "The interests of minority shareholders": 185,
        "Total Cost of profits": 5179,
        "Profit after tax corporate income": 208856,
        "Volume": 287989920,
        "Close of Quarter": 59.5,
        "EPS": 725,
        "Non-adjusted EPS": 725,
        "PE": 82,
        "Book Price": "N/A"
      }
    }
  ]
}