{
  "ticker": "TMP",
  "data": [
    {
      "quarter": "Q4 2016",
      "income status": {
        "Net sales": 100980,
        "Cost of goods sold": 77094,
        "Gross Profit": 23886,
        "Financial expenses": -50656,
        "Of which: Interest expense": 8358,
        "Cost of sales": "N/A",
        "Enterprise cost management": 14234,
        "Total Operating Expenses": -36422,
        "Total revenue financing activities": 13181,
        "Net profit from business activities": 76905,
        "Profit": 53,
        "Profit before tax": 76958,
        "Present corporate income tax expenses": 13131,
        "Deferred income taxes expenses": -287,
        "The interests of minority shareholders": 2303,
        "Total Cost of profits": 15147,
        "Profit after tax corporate income": 61811,
        "Volume": 70000000,
        "Close of Quarter": 24.2,
        "EPS": 2016,
        "Non-adjusted EPS": 2016,
        "PE": 12.0,
        "Book Price": 14.5
      }
    },
    {
      "quarter": "Q3 2016",
      "income status": {
        "Net sales": 146506,
        "Cost of goods sold": 65769,
        "Gross Profit": 80737,
        "Financial expenses": 10005,
        "Of which: Interest expense": 10005,
        "Cost of sales": "N/A",
        "Enterprise cost management": 5901,
        "Total Operating Expenses": 15906,
        "Total revenue financing activities": 334,
        "Net profit from business activities": 65164,
        "Profit": 22,
        "Profit before tax": 65186,
        "Present corporate income tax expenses": 12303,
        "Deferred income taxes expenses": "N/A",
        "The interests of minority shareholders": 1437,
        "Total Cost of profits": 13740,
        "Profit after tax corporate income": 51446,
        "Volume": 70000000,
        "Close of Quarter": 23.8,
        "EPS": 1484,
        "Non-adjusted EPS": 1484,
        "PE": 16,
        "Book Price": 14.2
      }
    },
    {
      "quarter": "Q2 2016",
      "income status": {
        "Net sales": 141714,
        "Cost of goods sold": 67746,
        "Gross Profit": 73969,
        "Financial expenses": 52199,
        "Of which: Interest expense": 11494,
        "Cost of sales": "N/A",
        "Enterprise cost management": 6203,
        "Total Operating Expenses": 58402,
        "Total revenue financing activities": 19210,
        "Net profit from business activities": 34720,
        "Profit": 520,
        "Profit before tax": 35240,
        "Present corporate income tax expenses": 4522,
        "Deferred income taxes expenses": -12,
        "The interests of minority shareholders": 1186,
        "Total Cost of profits": 5696,
        "Profit after tax corporate income": 29544,
        "Volume": 70000000,
        "Close of Quarter": 24.8,
        "EPS": 1500,
        "Non-adjusted EPS": 1500,
        "PE": 16.6,
        "Book Price": 13.5
      }
    },
    {
      "quarter": "Q1 2016",
      "income status": {
        "Net sales": 59417,
        "Cost of goods sold": 46111,
        "Gross Profit": 13307,
        "Financial expenses": 9581,
        "Of which: Interest expense": 8581,
        "Cost of sales": "N/A",
        "Enterprise cost management": 5352,
        "Total Operating Expenses": 14933,
        "Total revenue financing activities": 970,
        "Net profit from business activities": -656,
        "Profit": 262,
        "Profit before tax": -394,
        "Present corporate income tax expenses": 156,
        "Deferred income taxes expenses": "N/A",
        "The interests of minority shareholders": 1108,
        "Total Cost of profits": 1264,
        "Profit after tax corporate income": -1658,
        "Volume": 70000000,
        "Close of Quarter": 22.9,
        "EPS": 2082,
        "Non-adjusted EPS": 2082,
        "PE": 11.0,
        "Book Price": 15.6
      }
    },
    {
      "quarter": "Q4 2015",
      "income status": {
        "Net sales": 72988,
        "Cost of goods sold": 55265,
        "Gross Profit": 17723,
        "Financial expenses": 9482,
        "Of which: Interest expense": 9653,
        "Cost of sales": "N/A",
        "Enterprise cost management": -8398,
        "Total Operating Expenses": 1084,
        "Total revenue financing activities": 12716,
        "Net profit from business activities": 28852,
        "Profit": -89,
        "Profit before tax": 28763,
        "Present corporate income tax expenses": 3564,
        "Deferred income taxes expenses": 14,
        "The interests of minority shareholders": 612,
        "Total Cost of profits": 4190,
        "Profit after tax corporate income": 24573,
        "Volume": 70000000,
        "Close of Quarter": 24.4,
        "EPS": 2977,
        "Non-adjusted EPS": 2977,
        "PE": 8.2,
        "Book Price": 15.6
      }
    },
    {
      "quarter": "Q3 2015",
      "income status": {
        "Net sales": 157578,
        "Cost of goods sold": 73512,
        "Gross Profit": 84066,
        "Financial expenses": 6697,
        "Of which: Interest expense": 6526,
        "Cost of sales": "N/A",
        "Enterprise cost management": 10275,
        "Total Operating Expenses": 16972,
        "Total revenue financing activities": 1087,
        "Net profit from business activities": 68181,
        "Profit": 66,
        "Profit before tax": 68248,
        "Present corporate income tax expenses": 14626,
        "Deferred income taxes expenses": "N/A",
        "The interests of minority shareholders": 1080,
        "Total Cost of profits": 15706,
        "Profit after tax corporate income": 52542,
        "Volume": 70000000,
        "Close of Quarter": 24.7,
        "EPS": 3942,
        "Non-adjusted EPS": 3942,
        "PE": 6.3,
        "Book Price": 15.3
      }
    },
    {
      "quarter": "Q2 2015",
      "income status": {
        "Net sales": 171106,
        "Cost of goods sold": 71840,
        "Gross Profit": 99266,
        "Financial expenses": 6447,
        "Of which: Interest expense": 6447,
        "Cost of sales": "N/A",
        "Enterprise cost management": 15005,
        "Total Operating Expenses": 21452,
        "Total revenue financing activities": 12071,
        "Net profit from business activities": 89998,
        "Profit": 5,
        "Profit before tax": 90004,
        "Present corporate income tax expenses": 19691,
        "Deferred income taxes expenses": "N/A",
        "The interests of minority shareholders": 24,
        "Total Cost of profits": 19715,
        "Profit after tax corporate income": 70288,
        "Volume": 70000000,
        "Close of Quarter": 24.2,
        "EPS": 4025,
        "Non-adjusted EPS": 4025,
        "PE": 6.0,
        "Book Price": 14.5
      }
    },
    {
      "quarter": "Q1 2015",
      "income status": {
        "Net sales": 163312,
        "Cost of goods sold": 70049,
        "Gross Profit": 93263,
        "Financial expenses": 6974,
        "Of which: Interest expense": 6974,
        "Cost of sales": "N/A",
        "Enterprise cost management": 8379,
        "Total Operating Expenses": 15353,
        "Total revenue financing activities": 1231,
        "Net profit from business activities": 79140,
        "Profit": -2,
        "Profit before tax": 79138,
        "Present corporate income tax expenses": 16773,
        "Deferred income taxes expenses": "N/A",
        "The interests of minority shareholders": 1396,
        "Total Cost of profits": 18169,
        "Profit after tax corporate income": 60969,
        "Volume": 70000000,
        "Close of Quarter": 21.3,
        "EPS": 4000,
        "Non-adjusted EPS": 4000,
        "PE": 5.3,
        "Book Price": 16.1
      }
    },
    {
      "quarter": "Q4 2014",
      "income status": {
        "Net sales": 197957,
        "Cost of goods sold": 50203,
        "Gross Profit": 147755,
        "Financial expenses": 17401,
        "Of which: Interest expense": 6675,
        "Cost of sales": "N/A",
        "Enterprise cost management": 15122,
        "Total Operating Expenses": 32523,
        "Total revenue financing activities": 7738,
        "Net profit from business activities": 122969,
        "Profit": 257,
        "Profit before tax": 123225,
        "Present corporate income tax expenses": 31652,
        "Deferred income taxes expenses": -367,
        "The interests of minority shareholders": -167,
        "Total Cost of profits": 31118,
        "Profit after tax corporate income": 92107,
        "Volume": 70000000,
        "Close of Quarter": 22.0,
        "EPS": 3408,
        "Non-adjusted EPS": 3408,
        "PE": 6.5,
        "Book Price": 15.2
      }
    },
    {
      "quarter": "Q3 2014",
      "income status": {
        "Net sales": 156073,
        "Cost of goods sold": 68986,
        "Gross Profit": 87086,
        "Financial expenses": 8718,
        "Of which: Interest expense": 8718,
        "Cost of sales": "N/A",
        "Enterprise cost management": 5600,
        "Total Operating Expenses": 14318,
        "Total revenue financing activities": 2442,
        "Net profit from business activities": 75211,
        "Profit": -43,
        "Profit before tax": 75167,
        "Present corporate income tax expenses": 16024,
        "Deferred income taxes expenses": "N/A",
        "The interests of minority shareholders": 740,
        "Total Cost of profits": 16764,
        "Profit after tax corporate income": 58404,
        "Volume": 70000000,
        "Close of Quarter": 16.8,
        "EPS": 2658,
        "Non-adjusted EPS": 2658,
        "PE": 6.3,
        "Book Price": 13.8
      }
    },
    {
      "quarter": "Q2 2014",
      "income status": {
        "Net sales": 236506,
        "Cost of goods sold": 122670,
        "Gross Profit": 113836,
        "Financial expenses": 13445,
        "Of which: Interest expense": 10203,
        "Cost of sales": "N/A",
        "Enterprise cost management": 21917,
        "Total Operating Expenses": 35362,
        "Total revenue financing activities": 10141,
        "Net profit from business activities": 88614,
        "Profit": 172,
        "Profit before tax": 88786,
        "Present corporate income tax expenses": 19015,
        "Deferred income taxes expenses": "N/A",
        "The interests of minority shareholders": 1249,
        "Total Cost of profits": 20264,
        "Profit after tax corporate income": 68522,
        "Volume": 70000000,
        "Close of Quarter": 15.0,
        "EPS": 2764,
        "Non-adjusted EPS": 2764,
        "PE": 5.4,
        "Book Price": 13.1
      }
    },
    {
      "quarter": "Q1 2014",
      "income status": {
        "Net sales": 96783,
        "Cost of goods sold": 58918,
        "Gross Profit": 37865,
        "Financial expenses": 10084,
        "Of which: Interest expense": 10084,
        "Cost of sales": "N/A",
        "Enterprise cost management": 5340,
        "Total Operating Expenses": 15424,
        "Total revenue financing activities": 3947,
        "Net profit from business activities": 26388,
        "Profit": -638,
        "Profit before tax": 25750,
        "Present corporate income tax expenses": 5211,
        "Deferred income taxes expenses": "N/A",
        "The interests of minority shareholders": 1044,
        "Total Cost of profits": 6255,
        "Profit after tax corporate income": 19495,
        "Volume": 70000000,
        "Close of Quarter": 13.1,
        "EPS": 2444,
        "Non-adjusted EPS": 2444,
        "PE": 5.4,
        "Book Price": 14.2
      }
    },
    {
      "quarter": "Q4 2013",
      "income status": {
        "Net sales": 123173,
        "Cost of goods sold": 56666,
        "Gross Profit": 66507,
        "Financial expenses": 8856,
        "Of which: Interest expense": 8724,
        "Cost of sales": "N/A",
        "Enterprise cost management": 6139,
        "Total Operating Expenses": 14995,
        "Total revenue financing activities": 3765,
        "Net profit from business activities": 55277,
        "Profit": -1097,
        "Profit before tax": 54180,
        "Present corporate income tax expenses": 13026,
        "Deferred income taxes expenses": "N/A",
        "The interests of minority shareholders": 1540,
        "Total Cost of profits": 14566,
        "Profit after tax corporate income": 39614,
        "Volume": 70000000,
        "Close of Quarter": 11.8,
        "EPS": 2291,
        "Non-adjusted EPS": 2291,
        "PE": 5.1,
        "Book Price": 13.4
      }
    },
    {
      "quarter": "Q3 2013",
      "income status": {
        "Net sales": 157148,
        "Cost of goods sold": 64634,
        "Gross Profit": 92514,
        "Financial expenses": 11009,
        "Of which: Interest expense": 11009,
        "Cost of sales": "N/A",
        "Enterprise cost management": 5533,
        "Total Operating Expenses": 16542,
        "Total revenue financing activities": 10083,
        "Net profit from business activities": 86055,
        "Profit": -10,
        "Profit before tax": 86044,
        "Present corporate income tax expenses": 19136,
        "Deferred income taxes expenses": "N/A",
        "The interests of minority shareholders": 1078,
        "Total Cost of profits": 20214,
        "Profit after tax corporate income": 65831,
        "Volume": 70000000,
        "Close of Quarter": 10.7,
        "EPS": 2596,
        "Non-adjusted EPS": 2596,
        "PE": 4.1,
        "Book Price": 12.9
      }
    },
    {
      "quarter": "Q2 2013",
      "income status": {
        "Net sales": 136973,
        "Cost of goods sold": 61273,
        "Gross Profit": 75700,
        "Financial expenses": 13923,
        "Of which: Interest expense": 13923,
        "Cost of sales": "N/A",
        "Enterprise cost management": 4957,
        "Total Operating Expenses": 18880,
        "Total revenue financing activities": 4055,
        "Net profit from business activities": 60876,
        "Profit": 1438,
        "Profit before tax": 62325,
        "Present corporate income tax expenses": 14892,
        "Deferred income taxes expenses": -44,
        "The interests of minority shareholders": 1361,
        "Total Cost of profits": 16209,
        "Profit after tax corporate income": 46116,
        "Volume": 70000000,
        "Close of Quarter": 9.2,
        "EPS": 2237,
        "Non-adjusted EPS": 2237,
        "PE": 4.1,
        "Book Price": 11.9
      }
    },
    {
      "quarter": "Q1 2013",
      "income status": {
        "Net sales": 79343,
        "Cost of goods sold": 52547,
        "Gross Profit": 26797,
        "Financial expenses": 14406,
        "Of which: Interest expense": 14406,
        "Cost of sales": "N/A",
        "Enterprise cost management": 4504,
        "Total Operating Expenses": 18910,
        "Total revenue financing activities": 4578,
        "Net profit from business activities": 12464,
        "Profit": -503,
        "Profit before tax": 11961,
        "Present corporate income tax expenses": 2823,
        "Deferred income taxes expenses": "N/A",
        "The interests of minority shareholders": 313,
        "Total Cost of profits": 3136,
        "Profit after tax corporate income": 8825,
        "Volume": 70000000,
        "Close of Quarter": 8.9,
        "EPS": 2189,
        "Non-adjusted EPS": 2189,
        "PE": 4.1,
        "Book Price": 12.9
      }
    },
    {
      "quarter": "Q4 2012",
      "income status": {
        "Net sales": 180543,
        "Cost of goods sold": 64528,
        "Gross Profit": 116015,
        "Financial expenses": 26979,
        "Of which: Interest expense": 26928,
        "Cost of sales": "N/A",
        "Enterprise cost management": 8922,
        "Total Operating Expenses": 35901,
        "Total revenue financing activities": 4121,
        "Net profit from business activities": 84234,
        "Profit": 287,
        "Profit before tax": 84521,
        "Present corporate income tax expenses": 19910,
        "Deferred income taxes expenses": "N/A",
        "The interests of minority shareholders": 3668,
        "Total Cost of profits": 23578,
        "Profit after tax corporate income": 60943,
        "Volume": 70000000,
        "Close of Quarter": 7.3,
        "EPS": 2109,
        "Non-adjusted EPS": 2109,
        "PE": 3.5,
        "Book Price": 12.8
      }
    },
    {
      "quarter": "Q3 2012",
      "income status": {
        "Net sales": 130547,
        "Cost of goods sold": 60661,
        "Gross Profit": 69886,
        "Financial expenses": 13825,
        "Of which: Interest expense": 13825,
        "Cost of sales": "N/A",
        "Enterprise cost management": 4438,
        "Total Operating Expenses": 18263,
        "Total revenue financing activities": 1667,
        "Net profit from business activities": 53291,
        "Profit": 960,
        "Profit before tax": 54250,
        "Present corporate income tax expenses": 13574,
        "Deferred income taxes expenses": "N/A",
        "The interests of minority shareholders": "N/A",
        "Total Cost of profits": 13574,
        "Profit after tax corporate income": 40676,
        "Volume": 70000000,
        "Close of Quarter": 6.9,
        "EPS": 1243,
        "Non-adjusted EPS": 1243,
        "PE": 5.5,
        "Book Price": 11.9
      }
    },
    {
      "quarter": "Q2 2012",
      "income status": {
        "Net sales": 132257,
        "Cost of goods sold": 60379,
        "Gross Profit": 71878,
        "Financial expenses": 14716,
        "Of which: Interest expense": 14716,
        "Cost of sales": "N/A",
        "Enterprise cost management": 4338,
        "Total Operating Expenses": 19054,
        "Total revenue financing activities": 3487,
        "Net profit from business activities": 56310,
        "Profit": 18,
        "Profit before tax": 56328,
        "Present corporate income tax expenses": 13560,
        "Deferred income taxes expenses": "N/A",
        "The interests of minority shareholders": "N/A",
        "Total Cost of profits": 13560,
        "Profit after tax corporate income": 42768,
        "Volume": 70000000,
        "Close of Quarter": 6.8,
        "EPS": 1132,
        "Non-adjusted EPS": 1132,
        "PE": 6,
        "Book Price": 11.4
      }
    },
    {
      "quarter": "Q1 2012",
      "income status": {
        "Net sales": 73007,
        "Cost of goods sold": 49748,
        "Gross Profit": 23259,
        "Financial expenses": 17304,
        "Of which: Interest expense": 17304,
        "Cost of sales": "N/A",
        "Enterprise cost management": 2883,
        "Total Operating Expenses": 20187,
        "Total revenue financing activities": 1248,
        "Net profit from business activities": 4319,
        "Profit": 1,
        "Profit before tax": 4321,
        "Present corporate income tax expenses": 1075,
        "Deferred income taxes expenses": "N/A",
        "The interests of minority shareholders": "N/A",
        "Total Cost of profits": 1075,
        "Profit after tax corporate income": 3246,
        "Volume": 70000000,
        "Close of Quarter": 5.6,
        "EPS": -175,
        "Non-adjusted EPS": -175,
        "PE": -32.2,
        "Book Price": 11.6
      }
    },
    {
      "quarter": "Q4 2011",
      "income status": {
        "Net sales": 94321,
        "Cost of goods sold": 72759,
        "Gross Profit": 21562,
        "Financial expenses": 17972,
        "Of which: Interest expense": 17972,
        "Cost of sales": "N/A",
        "Enterprise cost management": 6645,
        "Total Operating Expenses": 24617,
        "Total revenue financing activities": 2959,
        "Net profit from business activities": -96,
        "Profit": 490,
        "Profit before tax": -18419,
        "Present corporate income tax expenses": 82,
        "Deferred income taxes expenses": "N/A",
        "The interests of minority shareholders": "N/A",
        "Total Cost of profits": 82,
        "Profit after tax corporate income": 312,
        "Volume": 70000000,
        "Close of Quarter": 4.7,
        "EPS": -292,
        "Non-adjusted EPS": -292,
        "PE": -16.0,
        "Book Price": 10.3
      }
    },
    {
      "quarter": "Q3 2011",
      "income status": {
        "Net sales": 100851,
        "Cost of goods sold": 46721,
        "Gross Profit": 54130,
        "Financial expenses": 19144,
        "Of which: Interest expense": 19144,
        "Cost of sales": "N/A",
        "Enterprise cost management": 3731,
        "Total Operating Expenses": 22875,
        "Total revenue financing activities": 1645,
        "Net profit from business activities": 32900,
        "Profit": 1,
        "Profit before tax": -18814,
        "Present corporate income tax expenses": "N/A",
        "Deferred income taxes expenses": "N/A",
        "The interests of minority shareholders": "N/A",
        "Total Cost of profits": 0,
        "Profit after tax corporate income": 32901,
        "Volume": 70000000,
        "Close of Quarter": 5.6,
        "EPS": -184,
        "Non-adjusted EPS": -184,
        "PE": -30.6,
        "Book Price": 10.3
      }
    },
    {
      "quarter": "Q2 2011",
      "income status": {
        "Net sales": 29331,
        "Cost of goods sold": 38916,
        "Gross Profit": -9586,
        "Financial expenses": 37178,
        "Of which: Interest expense": 37178,
        "Cost of sales": "N/A",
        "Enterprise cost management": 2430,
        "Total Operating Expenses": 39608,
        "Total revenue financing activities": 446,
        "Net profit from business activities": -48748,
        "Profit": 36,
        "Profit before tax": -48711,
        "Present corporate income tax expenses": "N/A",
        "Deferred income taxes expenses": "N/A",
        "The interests of minority shareholders": "N/A",
        "Total Cost of profits": 0,
        "Profit after tax corporate income": -48711,
        "Volume": 70000000,
        "Close of Quarter": 5.9,
        "EPS": -572,
        "Non-adjusted EPS": -572,
        "PE": -10.4,
        "Book Price": 9.8
      }
    },
    {
      "quarter": "Q1 2011",
      "income status": {
        "Net sales": 33502,
        "Cost of goods sold": 37165,
        "Gross Profit": -3663,
        "Financial expenses": "N/A",
        "Of which: Interest expense": "N/A",
        "Cost of sales": "N/A",
        "Enterprise cost management": 2005,
        "Total Operating Expenses": 2005,
        "Total revenue financing activities": 695,
        "Net profit from business activities": -4974,
        "Profit": 4,
        "Profit before tax": -4969,
        "Present corporate income tax expenses": "N/A",
        "Deferred income taxes expenses": "N/A",
        "The interests of minority shareholders": "N/A",
        "Total Cost of profits": 0,
        "Profit after tax corporate income": -4969,
        "Volume": 70000000,
        "Close of Quarter": 5.7,
        "EPS": 136,
        "Non-adjusted EPS": 136,
        "PE": 41.8,
        "Book Price": 11.1
      }
    }
  ]
}