{
  "ticker": "CAP",
  "data": [
    {
      "quarter": "Q4 2016",
      "income status": {
        "Net sales": 95040,
        "Cost of goods sold": 74856,
        "Gross Profit": 20184,
        "Financial expenses": 655,
        "Of which: Interest expense": 65,
        "Cost of sales": 2487,
        "Enterprise cost management": 5131,
        "Total Operating Expenses": 8273,
        "Total revenue financing activities": 1114,
        "Net profit from business activities": 13026,
        "Profit": -57,
        "Profit before tax": 12969,
        "Present corporate income tax expenses": 1939,
        "Deferred income taxes expenses": "N/A",
        "The interests of minority shareholders": "N/A",
        "Total Cost of profits": 1939,
        "Profit after tax corporate income": 11030,
        "Volume": 4760088,
        "Close of Quarter": 39,
        "EPS": 4218,
        "Non-adjusted EPS": 4218,
        "PE": 9.3,
        "Book Price": 14.6
      }
    },
    {
      "quarter": "Q3 2016",
      "income status": {
        "Net sales": 65289,
        "Cost of goods sold": 56435,
        "Gross Profit": 8854,
        "Financial expenses": 91,
        "Of which: Interest expense": 86,
        "Cost of sales": 2817,
        "Enterprise cost management": 4111,
        "Total Operating Expenses": 7019,
        "Total revenue financing activities": 508,
        "Net profit from business activities": 2343,
        "Profit": 72,
        "Profit before tax": 2415,
        "Present corporate income tax expenses": 463,
        "Deferred income taxes expenses": "N/A",
        "The interests of minority shareholders": "N/A",
        "Total Cost of profits": 463,
        "Profit after tax corporate income": 1952,
        "Volume": 4760088,
        "Close of Quarter": 41.9,
        "EPS": 5906,
        "Non-adjusted EPS": 5906,
        "PE": 7.1,
        "Book Price": 12.3
      }
    },
    {
      "quarter": "Q2 2016",
      "income status": {
        "Net sales": 87999,
        "Cost of goods sold": 77302,
        "Gross Profit": 10697,
        "Financial expenses": 359,
        "Of which: Interest expense": 341,
        "Cost of sales": 3877,
        "Enterprise cost management": 4088,
        "Total Operating Expenses": 8324,
        "Total revenue financing activities": 234,
        "Net profit from business activities": 2607,
        "Profit": "N/A",
        "Profit before tax": 2607,
        "Present corporate income tax expenses": 224,
        "Deferred income taxes expenses": "N/A",
        "The interests of minority shareholders": "N/A",
        "Total Cost of profits": 224,
        "Profit after tax corporate income": 2383,
        "Volume": 3400090,
        "Close of Quarter": 54.7,
        "EPS": 6552.9,
        "Non-adjusted EPS": 9174,
        "PE": 6.0,
        "Book Price": 11.9
      }
    },
    {
      "quarter": "Q1 2016",
      "income status": {
        "Net sales": 74492,
        "Cost of goods sold": 62791,
        "Gross Profit": 11701,
        "Financial expenses": 398,
        "Of which: Interest expense": 341,
        "Cost of sales": 2983,
        "Enterprise cost management": 3203,
        "Total Operating Expenses": 6584,
        "Total revenue financing activities": 171,
        "Net profit from business activities": 5288,
        "Profit": 106,
        "Profit before tax": 5393,
        "Present corporate income tax expenses": 680,
        "Deferred income taxes expenses": "N/A",
        "The interests of minority shareholders": "N/A",
        "Total Cost of profits": 680,
        "Profit after tax corporate income": 4713,
        "Volume": 3400090,
        "Close of Quarter": 37.7,
        "EPS": 6835.1,
        "Non-adjusted EPS": 9569,
        "PE": 3.9,
        "Book Price": 16.7
      }
    },
    {
      "quarter": "Q4 2015",
      "income status": {
        "Net sales": 85273,
        "Cost of goods sold": 60616,
        "Gross Profit": 24657,
        "Financial expenses": 190,
        "Of which: Interest expense": 125,
        "Cost of sales": 4654,
        "Enterprise cost management": -2504,
        "Total Operating Expenses": 2340,
        "Total revenue financing activities": 447,
        "Net profit from business activities": 22765,
        "Profit": 55,
        "Profit before tax": 22821,
        "Present corporate income tax expenses": 3757,
        "Deferred income taxes expenses": "N/A",
        "The interests of minority shareholders": "N/A",
        "Total Cost of profits": 3757,
        "Profit after tax corporate income": 19064,
        "Volume": 3400090,
        "Close of Quarter": 25.3,
        "EPS": 6564.3,
        "Non-adjusted EPS": 9190,
        "PE": 2.8,
        "Book Price": 15.5
      }
    },
    {
      "quarter": "Q3 2015",
      "income status": {
        "Net sales": 49432,
        "Cost of goods sold": 40221,
        "Gross Profit": 9211,
        "Financial expenses": 142,
        "Of which: Interest expense": 142,
        "Cost of sales": 2351,
        "Enterprise cost management": 2662,
        "Total Operating Expenses": 5155,
        "Total revenue financing activities": 383,
        "Net profit from business activities": 4440,
        "Profit": -86,
        "Profit before tax": 4354,
        "Present corporate income tax expenses": -677,
        "Deferred income taxes expenses": "N/A",
        "The interests of minority shareholders": "N/A",
        "Total Cost of profits": -677,
        "Profit after tax corporate income": 5031,
        "Volume": 3400090,
        "Close of Quarter": 20.5,
        "EPS": 4650.0,
        "Non-adjusted EPS": 6510,
        "PE": 3.1,
        "Book Price": 11.5
      }
    },
    {
      "quarter": "Q2 2015",
      "income status": {
        "Net sales": 77044,
        "Cost of goods sold": 74529,
        "Gross Profit": 2515,
        "Financial expenses": 178,
        "Of which: Interest expense": 167,
        "Cost of sales": 2242,
        "Enterprise cost management": -4551,
        "Total Operating Expenses": -2131,
        "Total revenue financing activities": 449,
        "Net profit from business activities": 5095,
        "Profit": -169,
        "Profit before tax": 4926,
        "Present corporate income tax expenses": 1198,
        "Deferred income taxes expenses": "N/A",
        "The interests of minority shareholders": "N/A",
        "Total Cost of profits": 1198,
        "Profit after tax corporate income": 3728,
        "Volume": 3400090,
        "Close of Quarter": 18.3,
        "EPS": 3781.5,
        "Non-adjusted EPS": 5294,
        "PE": 3.5,
        "Book Price": 10.5
      }
    },
    {
      "quarter": "Q1 2015",
      "income status": {
        "Net sales": 95114,
        "Cost of goods sold": 73853,
        "Gross Profit": 21261,
        "Financial expenses": 208,
        "Of which: Interest expense": 163,
        "Cost of sales": 3773,
        "Enterprise cost management": 12754,
        "Total Operating Expenses": 16735,
        "Total revenue financing activities": 243,
        "Net profit from business activities": 4769,
        "Profit": -369,
        "Profit before tax": 4400,
        "Present corporate income tax expenses": 977,
        "Deferred income taxes expenses": "N/A",
        "The interests of minority shareholders": "N/A",
        "Total Cost of profits": 977,
        "Profit after tax corporate income": 3423,
        "Volume": 3400090,
        "Close of Quarter": 18.1,
        "EPS": 3607.9,
        "Non-adjusted EPS": 5051,
        "PE": 3.6,
        "Book Price": 12.8
      }
    },
    {
      "quarter": "Q4 2014",
      "income status": {
        "Net sales": 99909,
        "Cost of goods sold": 77914,
        "Gross Profit": 21996,
        "Financial expenses": 178,
        "Of which: Interest expense": 119,
        "Cost of sales": 4926,
        "Enterprise cost management": 4483,
        "Total Operating Expenses": 9587,
        "Total revenue financing activities": 268,
        "Net profit from business activities": 12677,
        "Profit": -20,
        "Profit before tax": 12657,
        "Present corporate income tax expenses": 2707,
        "Deferred income taxes expenses": "N/A",
        "The interests of minority shareholders": "N/A",
        "Total Cost of profits": 2707,
        "Profit after tax corporate income": 9951,
        "Volume": 3400090,
        "Close of Quarter": 16.0,
        "EPS": 3578.6,
        "Non-adjusted EPS": 5010,
        "PE": 3.2,
        "Book Price": 12
      }
    },
    {
      "quarter": "Q3 2014",
      "income status": {
        "Net sales": 39963,
        "Cost of goods sold": 34069,
        "Gross Profit": 5894,
        "Financial expenses": 296,
        "Of which: Interest expense": 225,
        "Cost of sales": 2067,
        "Enterprise cost management": 3009,
        "Total Operating Expenses": 5372,
        "Total revenue financing activities": 403,
        "Net profit from business activities": 924,
        "Profit": "N/A",
        "Profit before tax": 924,
        "Present corporate income tax expenses": 26,
        "Deferred income taxes expenses": "N/A",
        "The interests of minority shareholders": "N/A",
        "Total Cost of profits": 26,
        "Profit after tax corporate income": 898,
        "Volume": 3400090,
        "Close of Quarter": 15.8,
        "EPS": 3340.7,
        "Non-adjusted EPS": 4677,
        "PE": 3.4,
        "Book Price": 9.9
      }
    },
    {
      "quarter": "Q2 2014",
      "income status": {
        "Net sales": 93514,
        "Cost of goods sold": 78290,
        "Gross Profit": 15224,
        "Financial expenses": 558,
        "Of which: Interest expense": 541,
        "Cost of sales": 3479,
        "Enterprise cost management": 8020,
        "Total Operating Expenses": 12057,
        "Total revenue financing activities": 163,
        "Net profit from business activities": 3329,
        "Profit": 311,
        "Profit before tax": 3640,
        "Present corporate income tax expenses": 738,
        "Deferred income taxes expenses": "N/A",
        "The interests of minority shareholders": "N/A",
        "Total Cost of profits": 738,
        "Profit after tax corporate income": 2902,
        "Volume": 3400090,
        "Close of Quarter": 14.1,
        "EPS": 3258.6,
        "Non-adjusted EPS": 4562,
        "PE": 3.1,
        "Book Price": 9.7
      }
    },
    {
      "quarter": "Q1 2014",
      "income status": {
        "Net sales": 66466,
        "Cost of goods sold": 54901,
        "Gross Profit": 11566,
        "Financial expenses": 296,
        "Of which: Interest expense": 295,
        "Cost of sales": 3518,
        "Enterprise cost management": 3777,
        "Total Operating Expenses": 7591,
        "Total revenue financing activities": 120,
        "Net profit from business activities": 4095,
        "Profit": "N/A",
        "Profit before tax": 4095,
        "Present corporate income tax expenses": 813,
        "Deferred income taxes expenses": "N/A",
        "The interests of minority shareholders": "N/A",
        "Total Cost of profits": 813,
        "Profit after tax corporate income": 3282,
        "Volume": 3400090,
        "Close of Quarter": 15.6,
        "EPS": 3236.5,
        "Non-adjusted EPS": 4531,
        "PE": 3.4,
        "Book Price": 12.3
      }
    },
    {
      "quarter": "Q4 2013",
      "income status": {
        "Net sales": 103380,
        "Cost of goods sold": 84388,
        "Gross Profit": 18991,
        "Financial expenses": 414,
        "Of which: Interest expense": 416,
        "Cost of sales": 4010,
        "Enterprise cost management": 3825,
        "Total Operating Expenses": 8249,
        "Total revenue financing activities": 318,
        "Net profit from business activities": 11060,
        "Profit": -11,
        "Profit before tax": 11049,
        "Present corporate income tax expenses": 2228,
        "Deferred income taxes expenses": "N/A",
        "The interests of minority shareholders": "N/A",
        "Total Cost of profits": 2228,
        "Profit after tax corporate income": 8821,
        "Volume": 3400090,
        "Close of Quarter": 13.9,
        "EPS": 3275.7,
        "Non-adjusted EPS": 4586,
        "PE": 3.0,
        "Book Price": 11.5
      }
    },
    {
      "quarter": "Q3 2013",
      "income status": {
        "Net sales": 35847,
        "Cost of goods sold": 31065,
        "Gross Profit": 4782,
        "Financial expenses": 490,
        "Of which: Interest expense": 486,
        "Cost of sales": 1768,
        "Enterprise cost management": 2164,
        "Total Operating Expenses": 4422,
        "Total revenue financing activities": 291,
        "Net profit from business activities": 651,
        "Profit": -69,
        "Profit before tax": 583,
        "Present corporate income tax expenses": 76,
        "Deferred income taxes expenses": "N/A",
        "The interests of minority shareholders": "N/A",
        "Total Cost of profits": 76,
        "Profit after tax corporate income": 507,
        "Volume": 3400090,
        "Close of Quarter": 11.5,
        "EPS": 3759.3,
        "Non-adjusted EPS": 5263,
        "PE": 2.2,
        "Book Price": 9.6
      }
    },
    {
      "quarter": "Q2 2013",
      "income status": {
        "Net sales": 56513,
        "Cost of goods sold": 47643,
        "Gross Profit": 8870,
        "Financial expenses": 735,
        "Of which: Interest expense": 719,
        "Cost of sales": 3198,
        "Enterprise cost management": 1893,
        "Total Operating Expenses": 5826,
        "Total revenue financing activities": 386,
        "Net profit from business activities": 3430,
        "Profit": 18,
        "Profit before tax": 3448,
        "Present corporate income tax expenses": 653,
        "Deferred income taxes expenses": "N/A",
        "The interests of minority shareholders": "N/A",
        "Total Cost of profits": 653,
        "Profit after tax corporate income": 2795,
        "Volume": 1700045,
        "Close of Quarter": 13.9,
        "EPS": 3663.6,
        "Non-adjusted EPS": 10258,
        "PE": 1.4,
        "Book Price": 9.5
      }
    },
    {
      "quarter": "Q1 2013",
      "income status": {
        "Net sales": 85391,
        "Cost of goods sold": 70901,
        "Gross Profit": 14490,
        "Financial expenses": 793,
        "Of which: Interest expense": 776,
        "Cost of sales": 2452,
        "Enterprise cost management": 7084,
        "Total Operating Expenses": 10329,
        "Total revenue financing activities": 393,
        "Net profit from business activities": 4554,
        "Profit": -39,
        "Profit before tax": 4515,
        "Present corporate income tax expenses": 1046,
        "Deferred income taxes expenses": "N/A",
        "The interests of minority shareholders": "N/A",
        "Total Cost of profits": 1046,
        "Profit after tax corporate income": 3469,
        "Volume": 1691045,
        "Close of Quarter": 13.8,
        "EPS": 4701.4,
        "Non-adjusted EPS": 13234,
        "PE": 1.0,
        "Book Price": 10.1
      }
    },
    {
      "quarter": "Q4 2012",
      "income status": {
        "Net sales": 93533,
        "Cost of goods sold": 76906,
        "Gross Profit": 16627,
        "Financial expenses": 582,
        "Of which: Interest expense": 578,
        "Cost of sales": 2673,
        "Enterprise cost management": 2308,
        "Total Operating Expenses": 5563,
        "Total revenue financing activities": 708,
        "Net profit from business activities": 11773,
        "Profit": 853,
        "Profit before tax": 12625,
        "Present corporate income tax expenses": 1500,
        "Deferred income taxes expenses": "N/A",
        "The interests of minority shareholders": "N/A",
        "Total Cost of profits": 1500,
        "Profit after tax corporate income": 11125,
        "Volume": 1691045,
        "Close of Quarter": 6.1,
        "EPS": 4264.5,
        "Non-adjusted EPS": 12004,
        "PE": 0.5,
        "Book Price": 9.7
      }
    },
    {
      "quarter": "Q3 2012",
      "income status": {
        "Net sales": 27210,
        "Cost of goods sold": 24438,
        "Gross Profit": 2772,
        "Financial expenses": 658,
        "Of which: Interest expense": 646,
        "Cost of sales": 1280,
        "Enterprise cost management": 1077,
        "Total Operating Expenses": 3015,
        "Total revenue financing activities": 419,
        "Net profit from business activities": 176,
        "Profit": "N/A",
        "Profit before tax": 176,
        "Present corporate income tax expenses": 126,
        "Deferred income taxes expenses": "N/A",
        "The interests of minority shareholders": "N/A",
        "Total Cost of profits": 126,
        "Profit after tax corporate income": 50,
        "Volume": 1691045,
        "Close of Quarter": 5.2,
        "EPS": 3238.5,
        "Non-adjusted EPS": 9116,
        "PE": 0.6,
        "Book Price": 8.1
      }
    },
    {
      "quarter": "Q2 2012",
      "income status": {
        "Net sales": 95189,
        "Cost of goods sold": 76633,
        "Gross Profit": 18556,
        "Financial expenses": 736,
        "Of which: Interest expense": 734,
        "Cost of sales": 3850,
        "Enterprise cost management": 5210,
        "Total Operating Expenses": 9796,
        "Total revenue financing activities": 268,
        "Net profit from business activities": 9029,
        "Profit": -305,
        "Profit before tax": 8724,
        "Present corporate income tax expenses": 988,
        "Deferred income taxes expenses": "N/A",
        "The interests of minority shareholders": "N/A",
        "Total Cost of profits": 988,
        "Profit after tax corporate income": 7735,
        "Volume": 1691045,
        "Close of Quarter": 4.3,
        "EPS": 3337.6,
        "Non-adjusted EPS": 9395,
        "PE": 0.5,
        "Book Price": 8.1
      }
    },
    {
      "quarter": "Q1 2012",
      "income status": {
        "Net sales": 59821,
        "Cost of goods sold": 50177,
        "Gross Profit": 9643,
        "Financial expenses": 553,
        "Of which: Interest expense": 524,
        "Cost of sales": 1609,
        "Enterprise cost management": 6104,
        "Total Operating Expenses": 8266,
        "Total revenue financing activities": 149,
        "Net profit from business activities": 1526,
        "Profit": 272,
        "Profit before tax": 1798,
        "Present corporate income tax expenses": 408,
        "Deferred income taxes expenses": "N/A",
        "The interests of minority shareholders": "N/A",
        "Total Cost of profits": 408,
        "Profit after tax corporate income": 1390,
        "Volume": 1691045,
        "Close of Quarter": 3.5,
        "EPS": 2056.6,
        "Non-adjusted EPS": 5789,
        "PE": 0.6,
        "Book Price": 6.5
      }
    },
    {
      "quarter": "Q4 2011",
      "income status": {
        "Net sales": 73962,
        "Cost of goods sold": 68434,
        "Gross Profit": 5528,
        "Financial expenses": 557,
        "Of which: Interest expense": 555,
        "Cost of sales": 2641,
        "Enterprise cost management": -3602,
        "Total Operating Expenses": -404,
        "Total revenue financing activities": 189,
        "Net profit from business activities": 6122,
        "Profit": 270,
        "Profit before tax": 17888,
        "Present corporate income tax expenses": 151,
        "Deferred income taxes expenses": "N/A",
        "The interests of minority shareholders": "N/A",
        "Total Cost of profits": 151,
        "Profit after tax corporate income": 6241,
        "Volume": 1691045,
        "Close of Quarter": 2.4,
        "EPS": 3451.0,
        "Non-adjusted EPS": 9714,
        "PE": 0.2,
        "Book Price": 8.2
      }
    },
    {
      "quarter": "Q3 2011",
      "income status": {
        "Net sales": 39120,
        "Cost of goods sold": 35202,
        "Gross Profit": 3918,
        "Financial expenses": 596,
        "Of which: Interest expense": 596,
        "Cost of sales": 1535,
        "Enterprise cost management": 1291,
        "Total Operating Expenses": 3422,
        "Total revenue financing activities": 142,
        "Net profit from business activities": 638,
        "Profit": -79,
        "Profit before tax": 559,
        "Present corporate income tax expenses": 38,
        "Deferred income taxes expenses": "N/A",
        "The interests of minority shareholders": "N/A",
        "Total Cost of profits": 38,
        "Profit after tax corporate income": 521,
        "Volume": 1691045,
        "Close of Quarter": 3.0,
        "EPS": 3087.9,
        "Non-adjusted EPS": 8692,
        "PE": 0.4,
        "Book Price": 7.0
      }
    },
    {
      "quarter": "Q2 2011",
      "income status": {
        "Net sales": 37817,
        "Cost of goods sold": 31820,
        "Gross Profit": 5997,
        "Financial expenses": 1155,
        "Of which: Interest expense": 1155,
        "Cost of sales": 1474,
        "Enterprise cost management": 1630,
        "Total Operating Expenses": 4259,
        "Total revenue financing activities": 145,
        "Net profit from business activities": 1884,
        "Profit": -1,
        "Profit before tax": 1884,
        "Present corporate income tax expenses": 246,
        "Deferred income taxes expenses": "N/A",
        "The interests of minority shareholders": "N/A",
        "Total Cost of profits": 246,
        "Profit after tax corporate income": 1638,
        "Volume": 1091000,
        "Close of Quarter": 3.2,
        "EPS": 3278.7,
        "Non-adjusted EPS": 14305,
        "PE": 0.2,
        "Book Price": 6.9
      }
    },
    {
      "quarter": "Q1 2011",
      "income status": {
        "Net sales": 85281,
        "Cost of goods sold": 62542,
        "Gross Profit": 22738,
        "Financial expenses": 320,
        "Of which: Interest expense": 249,
        "Cost of sales": 1983,
        "Enterprise cost management": 11466,
        "Total Operating Expenses": 13769,
        "Total revenue financing activities": 84,
        "Net profit from business activities": 9053,
        "Profit": "N/A",
        "Profit before tax": 9053,
        "Present corporate income tax expenses": 1026,
        "Deferred income taxes expenses": "N/A",
        "The interests of minority shareholders": "N/A",
        "Total Cost of profits": 1026,
        "Profit after tax corporate income": 8027,
        "Volume": 1091000,
        "Close of Quarter": 2.3,
        "EPS": 3337.8,
        "Non-adjusted EPS": 14563,
        "PE": 0.2,
        "Book Price": 6.8
      }
    }
  ]
}