{
  "ticker": "CMS",
  "data": [
    {
      "quarter": "Q4 2016",
      "income status": {
        "Net sales": 155541,
        "Cost of goods sold": 125604,
        "Gross Profit": 29937,
        "Financial expenses": 914,
        "Of which: Interest expense": "N/A",
        "Cost of sales": 17792,
        "Enterprise cost management": 5271,
        "Total Operating Expenses": 23977,
        "Total revenue financing activities": 550,
        "Net profit from business activities": 6510,
        "Profit": 1389,
        "Profit before tax": 7900,
        "Present corporate income tax expenses": 1704,
        "Deferred income taxes expenses": 21,
        "The interests of minority shareholders": 917,
        "Total Cost of profits": 2642,
        "Profit after tax corporate income": 5258,
        "Volume": 17200000,
        "Close of Quarter": 4.8,
        "EPS": 131,
        "Non-adjusted EPS": 131,
        "PE": 36.6,
        "Book Price": 12.2
      }
    },
    {
      "quarter": "Q3 2016",
      "income status": {
        "Net sales": 75361,
        "Cost of goods sold": 66843,
        "Gross Profit": 8518,
        "Financial expenses": 657,
        "Of which: Interest expense": "N/A",
        "Cost of sales": 2,
        "Enterprise cost management": 12745,
        "Total Operating Expenses": 13404,
        "Total revenue financing activities": 18,
        "Net profit from business activities": -4868,
        "Profit": -212,
        "Profit before tax": -5080,
        "Present corporate income tax expenses": -650,
        "Deferred income taxes expenses": 8,
        "The interests of minority shareholders": -332,
        "Total Cost of profits": -974,
        "Profit after tax corporate income": -4106,
        "Volume": 17200000,
        "Close of Quarter": 5.4,
        "EPS": 128,
        "Non-adjusted EPS": 128,
        "PE": 42.2,
        "Book Price": 12
      }
    },
    {
      "quarter": "Q2 2016",
      "income status": {
        "Net sales": 53227,
        "Cost of goods sold": 47534,
        "Gross Profit": 5693,
        "Financial expenses": 1476,
        "Of which: Interest expense": 1297,
        "Cost of sales": 20,
        "Enterprise cost management": 3626,
        "Total Operating Expenses": 5122,
        "Total revenue financing activities": 726,
        "Net profit from business activities": 2085,
        "Profit": -406,
        "Profit before tax": 1679,
        "Present corporate income tax expenses": 467,
        "Deferred income taxes expenses": 382,
        "The interests of minority shareholders": -2,
        "Total Cost of profits": 847,
        "Profit after tax corporate income": 832,
        "Volume": 17200000,
        "Close of Quarter": 6.8,
        "EPS": 404,
        "Non-adjusted EPS": 404,
        "PE": 16.9,
        "Book Price": 13.1
      }
    },
    {
      "quarter": "Q1 2016",
      "income status": {
        "Net sales": 65427,
        "Cost of goods sold": 60217,
        "Gross Profit": 5210,
        "Financial expenses": 996,
        "Of which: Interest expense": "N/A",
        "Cost of sales": 5,
        "Enterprise cost management": 3792,
        "Total Operating Expenses": 4793,
        "Total revenue financing activities": 758,
        "Net profit from business activities": 1176,
        "Profit": -762,
        "Profit before tax": 414,
        "Present corporate income tax expenses": 230,
        "Deferred income taxes expenses": -93,
        "The interests of minority shareholders": "N/A",
        "Total Cost of profits": 137,
        "Profit after tax corporate income": 277,
        "Volume": 17200000,
        "Close of Quarter": 7.8,
        "EPS": 656,
        "Non-adjusted EPS": 656,
        "PE": 11.9,
        "Book Price": 12.1
      }
    },
    {
      "quarter": "Q4 2015",
      "income status": {
        "Net sales": 95821,
        "Cost of goods sold": 74600,
        "Gross Profit": 21220,
        "Financial expenses": 2584,
        "Of which: Interest expense": "N/A",
        "Cost of sales": 5936,
        "Enterprise cost management": 7306,
        "Total Operating Expenses": 15826,
        "Total revenue financing activities": 2910,
        "Net profit from business activities": 8304,
        "Profit": -804,
        "Profit before tax": 7500,
        "Present corporate income tax expenses": 2288,
        "Deferred income taxes expenses": 17,
        "The interests of minority shareholders": "N/A",
        "Total Cost of profits": 2305,
        "Profit after tax corporate income": 5195,
        "Volume": 17200000,
        "Close of Quarter": 8.9,
        "EPS": 1085,
        "Non-adjusted EPS": 1085,
        "PE": 8.2,
        "Book Price": 12.1
      }
    },
    {
      "quarter": "Q3 2015",
      "income status": {
        "Net sales": 82385,
        "Cost of goods sold": 70159,
        "Gross Profit": 12226,
        "Financial expenses": 1272,
        "Of which: Interest expense": 628,
        "Cost of sales": 5389,
        "Enterprise cost management": 5546,
        "Total Operating Expenses": 12207,
        "Total revenue financing activities": 430,
        "Net profit from business activities": 449,
        "Profit": 507,
        "Profit before tax": 956,
        "Present corporate income tax expenses": 310,
        "Deferred income taxes expenses": "N/A",
        "The interests of minority shareholders": "N/A",
        "Total Cost of profits": 310,
        "Profit after tax corporate income": 646,
        "Volume": 8000000,
        "Close of Quarter": 8.8,
        "EPS": 1153.5,
        "Non-adjusted EPS": 2480,
        "PE": 3.6,
        "Book Price": 11.8
      }
    },
    {
      "quarter": "Q2 2015",
      "income status": {
        "Net sales": 103383,
        "Cost of goods sold": 85664,
        "Gross Profit": 17719,
        "Financial expenses": 761,
        "Of which: Interest expense": 604,
        "Cost of sales": 5713,
        "Enterprise cost management": 4073,
        "Total Operating Expenses": 10547,
        "Total revenue financing activities": 540,
        "Net profit from business activities": 7712,
        "Profit": 778,
        "Profit before tax": 8490,
        "Present corporate income tax expenses": 3442,
        "Deferred income taxes expenses": -118,
        "The interests of minority shareholders": "N/A",
        "Total Cost of profits": 3324,
        "Profit after tax corporate income": 5166,
        "Volume": 8000000,
        "Close of Quarter": 8.8,
        "EPS": 1378.1,
        "Non-adjusted EPS": 2963,
        "PE": 3.0,
        "Book Price": 7.1
      }
    },
    {
      "quarter": "Q1 2015",
      "income status": {
        "Net sales": 67274,
        "Cost of goods sold": 48896,
        "Gross Profit": 18378,
        "Financial expenses": 783,
        "Of which: Interest expense": 671,
        "Cost of sales": 2647,
        "Enterprise cost management": 4806,
        "Total Operating Expenses": 8236,
        "Total revenue financing activities": 318,
        "Net profit from business activities": 10460,
        "Profit": -552,
        "Profit before tax": 9908,
        "Present corporate income tax expenses": 2255,
        "Deferred income taxes expenses": "N/A",
        "The interests of minority shareholders": "N/A",
        "Total Cost of profits": 2255,
        "Profit after tax corporate income": 7653,
        "Volume": 8000000,
        "Close of Quarter": 9.5,
        "EPS": 1267.4,
        "Non-adjusted EPS": 2725,
        "PE": 3.5,
        "Book Price": 6.8
      }
    },
    {
      "quarter": "Q4 2014",
      "income status": {
        "Net sales": 118839,
        "Cost of goods sold": 100953,
        "Gross Profit": 17886,
        "Financial expenses": 924,
        "Of which: Interest expense": 3401,
        "Cost of sales": 2037,
        "Enterprise cost management": 6138,
        "Total Operating Expenses": 9099,
        "Total revenue financing activities": 1099,
        "Net profit from business activities": 9887,
        "Profit": -827,
        "Profit before tax": 9060,
        "Present corporate income tax expenses": 2686,
        "Deferred income taxes expenses": "N/A",
        "The interests of minority shareholders": "N/A",
        "Total Cost of profits": 2686,
        "Profit after tax corporate income": 6374,
        "Volume": 8000000,
        "Close of Quarter": 8.7,
        "EPS": 939.5,
        "Non-adjusted EPS": 2020,
        "PE": 4.3,
        "Book Price": 6.4
      }
    },
    {
      "quarter": "Q3 2014",
      "income status": {
        "Net sales": 84593,
        "Cost of goods sold": 71092,
        "Gross Profit": 13501,
        "Financial expenses": 1260,
        "Of which: Interest expense": 1111,
        "Cost of sales": 2086,
        "Enterprise cost management": 5064,
        "Total Operating Expenses": 8410,
        "Total revenue financing activities": 658,
        "Net profit from business activities": 5749,
        "Profit": 211,
        "Profit before tax": 5961,
        "Present corporate income tax expenses": 1453,
        "Deferred income taxes expenses": "N/A",
        "The interests of minority shareholders": "N/A",
        "Total Cost of profits": 1453,
        "Profit after tax corporate income": 4508,
        "Volume": 8000000,
        "Close of Quarter": 9.2,
        "EPS": 817.7,
        "Non-adjusted EPS": 1758,
        "PE": 5.2,
        "Book Price": 6
      }
    },
    {
      "quarter": "Q2 2014",
      "income status": {
        "Net sales": 109614,
        "Cost of goods sold": 94731,
        "Gross Profit": 14883,
        "Financial expenses": 1379,
        "Of which: Interest expense": -1420,
        "Cost of sales": 2703,
        "Enterprise cost management": 7867,
        "Total Operating Expenses": 11949,
        "Total revenue financing activities": 711,
        "Net profit from business activities": 3645,
        "Profit": 502,
        "Profit before tax": 4147,
        "Present corporate income tax expenses": 879,
        "Deferred income taxes expenses": "N/A",
        "The interests of minority shareholders": "N/A",
        "Total Cost of profits": 879,
        "Profit after tax corporate income": 3268,
        "Volume": 8000000,
        "Close of Quarter": 7.7,
        "EPS": 892.1,
        "Non-adjusted EPS": 1918,
        "PE": 4.0,
        "Book Price": 5.8
      }
    },
    {
      "quarter": "Q1 2014",
      "income status": {
        "Net sales": 77681,
        "Cost of goods sold": 68310,
        "Gross Profit": 9370,
        "Financial expenses": 1420,
        "Of which: Interest expense": 1420,
        "Cost of sales": 1623,
        "Enterprise cost management": 3994,
        "Total Operating Expenses": 7037,
        "Total revenue financing activities": 90,
        "Net profit from business activities": 2423,
        "Profit": 151,
        "Profit before tax": 2574,
        "Present corporate income tax expenses": 566,
        "Deferred income taxes expenses": "N/A",
        "The interests of minority shareholders": "N/A",
        "Total Cost of profits": 566,
        "Profit after tax corporate income": 2008,
        "Volume": 5000000,
        "Close of Quarter": 9.5,
        "EPS": 749.4,
        "Non-adjusted EPS": 2578,
        "PE": 3.7,
        "Book Price": 6.0
      }
    },
    {
      "quarter": "Q4 2013",
      "income status": {
        "Net sales": 95397,
        "Cost of goods sold": 76251,
        "Gross Profit": 19146,
        "Financial expenses": 1729,
        "Of which: Interest expense": "N/A",
        "Cost of sales": 3259,
        "Enterprise cost management": 8403,
        "Total Operating Expenses": 13391,
        "Total revenue financing activities": 118,
        "Net profit from business activities": 5874,
        "Profit": -116,
        "Profit before tax": 5758,
        "Present corporate income tax expenses": 1479,
        "Deferred income taxes expenses": "N/A",
        "The interests of minority shareholders": "N/A",
        "Total Cost of profits": 1479,
        "Profit after tax corporate income": 4279,
        "Volume": 5000000,
        "Close of Quarter": 7.6,
        "EPS": 697.7,
        "Non-adjusted EPS": 2400,
        "PE": 3.2,
        "Book Price": 4.0
      }
    },
    {
      "quarter": "Q3 2013",
      "income status": {
        "Net sales": 91977,
        "Cost of goods sold": 74404,
        "Gross Profit": 17573,
        "Financial expenses": 1187,
        "Of which: Interest expense": 1187,
        "Cost of sales": 4521,
        "Enterprise cost management": 4076,
        "Total Operating Expenses": 9784,
        "Total revenue financing activities": 104,
        "Net profit from business activities": 7892,
        "Profit": 110,
        "Profit before tax": 8002,
        "Present corporate income tax expenses": 2216,
        "Deferred income taxes expenses": "N/A",
        "The interests of minority shareholders": "N/A",
        "Total Cost of profits": 2216,
        "Profit after tax corporate income": 5787,
        "Volume": 5000000,
        "Close of Quarter": 7.2,
        "EPS": 518.3,
        "Non-adjusted EPS": 1783,
        "PE": 4.0,
        "Book Price": 3.8
      }
    },
    {
      "quarter": "Q2 2013",
      "income status": {
        "Net sales": 47398,
        "Cost of goods sold": 38201,
        "Gross Profit": 9197,
        "Financial expenses": 1108,
        "Of which: Interest expense": 1015,
        "Cost of sales": 2636,
        "Enterprise cost management": 3847,
        "Total Operating Expenses": 7591,
        "Total revenue financing activities": 118,
        "Net profit from business activities": 1725,
        "Profit": -367,
        "Profit before tax": 1358,
        "Present corporate income tax expenses": 543,
        "Deferred income taxes expenses": "N/A",
        "The interests of minority shareholders": "N/A",
        "Total Cost of profits": 543,
        "Profit after tax corporate income": 816,
        "Volume": 5000000,
        "Close of Quarter": 7.5,
        "EPS": 297.4,
        "Non-adjusted EPS": 1023,
        "PE": 7.3,
        "Book Price": 3.4
      }
    },
    {
      "quarter": "Q1 2013",
      "income status": {
        "Net sales": 35763,
        "Cost of goods sold": 27996,
        "Gross Profit": 7767,
        "Financial expenses": 1446,
        "Of which: Interest expense": "N/A",
        "Cost of sales": 1278,
        "Enterprise cost management": 3628,
        "Total Operating Expenses": 6352,
        "Total revenue financing activities": 84,
        "Net profit from business activities": 1499,
        "Profit": -5,
        "Profit before tax": 1494,
        "Present corporate income tax expenses": 374,
        "Deferred income taxes expenses": "N/A",
        "The interests of minority shareholders": "N/A",
        "Total Cost of profits": 374,
        "Profit after tax corporate income": 1120,
        "Volume": 5000000,
        "Close of Quarter": 7.1,
        "EPS": 557.9,
        "Non-adjusted EPS": 1919,
        "PE": 3.7,
        "Book Price": 3.4
      }
    },
    {
      "quarter": "Q4 2012",
      "income status": {
        "Net sales": 27788,
        "Cost of goods sold": 19754,
        "Gross Profit": 8034,
        "Financial expenses": 3071,
        "Of which: Interest expense": "N/A",
        "Cost of sales": 42,
        "Enterprise cost management": 3828,
        "Total Operating Expenses": 6941,
        "Total revenue financing activities": 31,
        "Net profit from business activities": 1123,
        "Profit": 434,
        "Profit before tax": 1557,
        "Present corporate income tax expenses": 364,
        "Deferred income taxes expenses": "N/A",
        "The interests of minority shareholders": "N/A",
        "Total Cost of profits": 364,
        "Profit after tax corporate income": 1194,
        "Volume": 5000000,
        "Close of Quarter": 6.1,
        "EPS": 989.5,
        "Non-adjusted EPS": 3404,
        "PE": 1.8,
        "Book Price": 4.0
      }
    },
    {
      "quarter": "Q3 2012",
      "income status": {
        "Net sales": 28615,
        "Cost of goods sold": 21042,
        "Gross Profit": 7573,
        "Financial expenses": 3137,
        "Of which: Interest expense": "N/A",
        "Cost of sales": 74,
        "Enterprise cost management": 3676,
        "Total Operating Expenses": 6887,
        "Total revenue financing activities": 5,
        "Net profit from business activities": 691,
        "Profit": -14,
        "Profit before tax": 677,
        "Present corporate income tax expenses": -1307,
        "Deferred income taxes expenses": "N/A",
        "The interests of minority shareholders": "N/A",
        "Total Cost of profits": -1307,
        "Profit after tax corporate income": 1985,
        "Volume": 5000000,
        "Close of Quarter": 5.9,
        "EPS": 964.8,
        "Non-adjusted EPS": 3319,
        "PE": 1.8,
        "Book Price": 3.9
      }
    },
    {
      "quarter": "Q2 2012",
      "income status": {
        "Net sales": 52388,
        "Cost of goods sold": 37360,
        "Gross Profit": 15028,
        "Financial expenses": 4680,
        "Of which: Interest expense": 5003,
        "Cost of sales": -1296,
        "Enterprise cost management": 3572,
        "Total Operating Expenses": 6956,
        "Total revenue financing activities": -1202,
        "Net profit from business activities": 6869,
        "Profit": 21,
        "Profit before tax": 6890,
        "Present corporate income tax expenses": 1772,
        "Deferred income taxes expenses": "N/A",
        "The interests of minority shareholders": -256,
        "Total Cost of profits": 1516,
        "Profit after tax corporate income": 5297,
        "Volume": 5000000,
        "Close of Quarter": 7.0,
        "EPS": 997.4,
        "Non-adjusted EPS": 3431,
        "PE": 2.1,
        "Book Price": 3.8
      }
    },
    {
      "quarter": "Q1 2012",
      "income status": {
        "Net sales": 79354,
        "Cost of goods sold": 63861,
        "Gross Profit": 15493,
        "Financial expenses": 97,
        "Of which: Interest expense": "N/A",
        "Cost of sales": 1666,
        "Enterprise cost management": 3373,
        "Total Operating Expenses": 5136,
        "Total revenue financing activities": 1325,
        "Net profit from business activities": 11680,
        "Profit": 14,
        "Profit before tax": 11695,
        "Present corporate income tax expenses": 2970,
        "Deferred income taxes expenses": "N/A",
        "The interests of minority shareholders": 256,
        "Total Cost of profits": 3226,
        "Profit after tax corporate income": 8545,
        "Volume": 5000000,
        "Close of Quarter": 5.0,
        "EPS": 1019.5,
        "Non-adjusted EPS": 3507,
        "PE": 1.4,
        "Book Price": 3.9
      }
    },
    {
      "quarter": "Q4 2011",
      "income status": {
        "Net sales": 51454,
        "Cost of goods sold": 44410,
        "Gross Profit": 7044,
        "Financial expenses": 905,
        "Of which: Interest expense": "N/A",
        "Cost of sales": 1472,
        "Enterprise cost management": 3197,
        "Total Operating Expenses": 5574,
        "Total revenue financing activities": 30,
        "Net profit from business activities": 1499,
        "Profit": 32,
        "Profit before tax": 1531,
        "Present corporate income tax expenses": 765,
        "Deferred income taxes expenses": "N/A",
        "The interests of minority shareholders": "N/A",
        "Total Cost of profits": 765,
        "Profit after tax corporate income": 766,
        "Volume": 2500000,
        "Close of Quarter": 5.2,
        "EPS": 664.7,
        "Non-adjusted EPS": 4573,
        "PE": 1.2,
        "Book Price": 2.3
      }
    },
    {
      "quarter": "Q3 2011",
      "income status": {
        "Net sales": 35261,
        "Cost of goods sold": 28949,
        "Gross Profit": 6312,
        "Financial expenses": 1295,
        "Of which: Interest expense": "N/A",
        "Cost of sales": 537,
        "Enterprise cost management": 3296,
        "Total Operating Expenses": 5128,
        "Total revenue financing activities": 1891,
        "Net profit from business activities": 3075,
        "Profit": 324,
        "Profit before tax": 3399,
        "Present corporate income tax expenses": 850,
        "Deferred income taxes expenses": "N/A",
        "The interests of minority shareholders": "N/A",
        "Total Cost of profits": 850,
        "Profit after tax corporate income": 2549,
        "Volume": 2500000,
        "Close of Quarter": 5.2,
        "EPS": 641.4,
        "Non-adjusted EPS": 4413,
        "PE": 1.2,
        "Book Price": 2.3
      }
    },
    {
      "quarter": "Q2 2011",
      "income status": {
        "Net sales": 57256,
        "Cost of goods sold": 50429,
        "Gross Profit": 6826,
        "Financial expenses": 2151,
        "Of which: Interest expense": 76,
        "Cost of sales": 852,
        "Enterprise cost management": 2817,
        "Total Operating Expenses": 5820,
        "Total revenue financing activities": 1599,
        "Net profit from business activities": 7746,
        "Profit": -233,
        "Profit before tax": 7486,
        "Present corporate income tax expenses": 532,
        "Deferred income taxes expenses": "N/A",
        "The interests of minority shareholders": "N/A",
        "Total Cost of profits": 532,
        "Profit after tax corporate income": 5676,
        "Volume": 2500000,
        "Close of Quarter": 5.0,
        "EPS": 696.8,
        "Non-adjusted EPS": 4794,
        "PE": 1.0,
        "Book Price": 2.2
      }
    },
    {
      "quarter": "Q1 2011",
      "income status": {
        "Net sales": 41167,
        "Cost of goods sold": 35001,
        "Gross Profit": 6165,
        "Financial expenses": 247,
        "Of which: Interest expense": "N/A",
        "Cost of sales": 797,
        "Enterprise cost management": 3045,
        "Total Operating Expenses": 4089,
        "Total revenue financing activities": 1168,
        "Net profit from business activities": 3244,
        "Profit": 47,
        "Profit before tax": 3291,
        "Present corporate income tax expenses": 849,
        "Deferred income taxes expenses": "N/A",
        "The interests of minority shareholders": "N/A",
        "Total Cost of profits": 849,
        "Profit after tax corporate income": 2442,
        "Volume": 2500000,
        "Close of Quarter": 6.1,
        "EPS": 592.7,
        "Non-adjusted EPS": 4078,
        "PE": 1.5,
        "Book Price": 1.9
      }
    }
  ]
}