{
  "ticker": "IDI",
  "data": [
    {
      "quarter": "Q4 2016",
      "income status": {
        "Net sales": 1161599,
        "Cost of goods sold": 1084590,
        "Gross Profit": 77009,
        "Financial expenses": 37380,
        "Of which: Interest expense": 32393,
        "Cost of sales": 42995,
        "Enterprise cost management": 10436,
        "Total Operating Expenses": 90811,
        "Total revenue financing activities": 28456,
        "Net profit from business activities": 14653,
        "Profit": 2699,
        "Profit before tax": 17352,
        "Present corporate income tax expenses": 1007,
        "Deferred income taxes expenses": "N/A",
        "The interests of minority shareholders": 2386,
        "Total Cost of profits": 3393,
        "Profit after tax corporate income": 13959,
        "Volume": 181609671,
        "Close of Quarter": 4.0,
        "EPS": 578,
        "Non-adjusted EPS": 578,
        "PE": 7.0,
        "Book Price": 11.9
      }
    },
    {
      "quarter": "Q3 2016",
      "income status": {
        "Net sales": 972104,
        "Cost of goods sold": 899844,
        "Gross Profit": 72260,
        "Financial expenses": 34558,
        "Of which: Interest expense": 33026,
        "Cost of sales": 32981,
        "Enterprise cost management": 7285,
        "Total Operating Expenses": 74824,
        "Total revenue financing activities": 21636,
        "Net profit from business activities": 19072,
        "Profit": 1518,
        "Profit before tax": 20590,
        "Present corporate income tax expenses": 2041,
        "Deferred income taxes expenses": "N/A",
        "The interests of minority shareholders": 1045,
        "Total Cost of profits": 3086,
        "Profit after tax corporate income": 17504,
        "Volume": 181609671,
        "Close of Quarter": 4.7,
        "EPS": 589,
        "Non-adjusted EPS": 589,
        "PE": 8,
        "Book Price": 11.8
      }
    },
    {
      "quarter": "Q2 2016",
      "income status": {
        "Net sales": 1098874,
        "Cost of goods sold": 999754,
        "Gross Profit": 99120,
        "Financial expenses": 30812,
        "Of which: Interest expense": 28028,
        "Cost of sales": 31303,
        "Enterprise cost management": 10773,
        "Total Operating Expenses": 72888,
        "Total revenue financing activities": 28693,
        "Net profit from business activities": 64142,
        "Profit": 685,
        "Profit before tax": 64827,
        "Present corporate income tax expenses": 4964,
        "Deferred income taxes expenses": "N/A",
        "The interests of minority shareholders": 1044,
        "Total Cost of profits": 6008,
        "Profit after tax corporate income": 58818,
        "Volume": 181609671,
        "Close of Quarter": 6,
        "EPS": 617,
        "Non-adjusted EPS": 617,
        "PE": 9.7,
        "Book Price": 11.7
      }
    },
    {
      "quarter": "Q1 2016",
      "income status": {
        "Net sales": 814269,
        "Cost of goods sold": 729823,
        "Gross Profit": 84446,
        "Financial expenses": 40753,
        "Of which: Interest expense": 31608,
        "Cost of sales": 24881,
        "Enterprise cost management": 8197,
        "Total Operating Expenses": 73831,
        "Total revenue financing activities": 12604,
        "Net profit from business activities": 16723,
        "Profit": 342,
        "Profit before tax": 17065,
        "Present corporate income tax expenses": 1502,
        "Deferred income taxes expenses": "N/A",
        "The interests of minority shareholders": 884,
        "Total Cost of profits": 2386,
        "Profit after tax corporate income": 14680,
        "Volume": 98325000,
        "Close of Quarter": 7.9,
        "EPS": 527.9,
        "Non-adjusted EPS": 975,
        "PE": 8.1,
        "Book Price": 6.8
      }
    },
    {
      "quarter": "Q4 2015",
      "income status": {
        "Net sales": 719867,
        "Cost of goods sold": 624794,
        "Gross Profit": 95073,
        "Financial expenses": 48142,
        "Of which: Interest expense": 29666,
        "Cost of sales": 38061,
        "Enterprise cost management": 12377,
        "Total Operating Expenses": 98580,
        "Total revenue financing activities": 41089,
        "Net profit from business activities": 37582,
        "Profit": -15295,
        "Profit before tax": 22287,
        "Present corporate income tax expenses": 4826,
        "Deferred income taxes expenses": "N/A",
        "The interests of minority shareholders": 1466,
        "Total Cost of profits": 6292,
        "Profit after tax corporate income": 15995,
        "Volume": 98325000,
        "Close of Quarter": 8.7,
        "EPS": 562.5,
        "Non-adjusted EPS": 1039,
        "PE": 8.4,
        "Book Price": 6.7
      }
    },
    {
      "quarter": "Q3 2015",
      "income status": {
        "Net sales": 692463,
        "Cost of goods sold": 591757,
        "Gross Profit": 100706,
        "Financial expenses": 34846,
        "Of which: Interest expense": 25021,
        "Cost of sales": 39781,
        "Enterprise cost management": 10100,
        "Total Operating Expenses": 84727,
        "Total revenue financing activities": 9393,
        "Net profit from business activities": 25372,
        "Profit": 116,
        "Profit before tax": 25488,
        "Present corporate income tax expenses": 1489,
        "Deferred income taxes expenses": "N/A",
        "The interests of minority shareholders": 1460,
        "Total Cost of profits": 2949,
        "Profit after tax corporate income": 22539,
        "Volume": 98325000,
        "Close of Quarter": 7.7,
        "EPS": 532.8,
        "Non-adjusted EPS": 984,
        "PE": 7.8,
        "Book Price": 6.7
      }
    },
    {
      "quarter": "Q2 2015",
      "income status": {
        "Net sales": 571543,
        "Cost of goods sold": 470806,
        "Gross Profit": 100737,
        "Financial expenses": 39229,
        "Of which: Interest expense": 32555,
        "Cost of sales": 30141,
        "Enterprise cost management": 10797,
        "Total Operating Expenses": 80167,
        "Total revenue financing activities": 3055,
        "Net profit from business activities": 35744,
        "Profit": 11079,
        "Profit before tax": 46823,
        "Present corporate income tax expenses": 667,
        "Deferred income taxes expenses": "N/A",
        "The interests of minority shareholders": 3533,
        "Total Cost of profits": 4200,
        "Profit after tax corporate income": 42623,
        "Volume": 85500000,
        "Close of Quarter": 6.9,
        "EPS": 560.7,
        "Non-adjusted EPS": 1191,
        "PE": 5.8,
        "Book Price": 6.6
      }
    },
    {
      "quarter": "Q1 2015",
      "income status": {
        "Net sales": 559525,
        "Cost of goods sold": 493692,
        "Gross Profit": 65833,
        "Financial expenses": 20433,
        "Of which: Interest expense": 17673,
        "Cost of sales": 23242,
        "Enterprise cost management": 5565,
        "Total Operating Expenses": 49240,
        "Total revenue financing activities": 1400,
        "Net profit from business activities": 17993,
        "Profit": 14728,
        "Profit before tax": 32721,
        "Present corporate income tax expenses": 11755,
        "Deferred income taxes expenses": "N/A",
        "The interests of minority shareholders": "N/A",
        "Total Cost of profits": 11755,
        "Profit after tax corporate income": 20965,
        "Volume": 85500000,
        "Close of Quarter": 8.4,
        "EPS": 563.1,
        "Non-adjusted EPS": 1196,
        "PE": 7.0,
        "Book Price": 5.8
      }
    },
    {
      "quarter": "Q4 2014",
      "income status": {
        "Net sales": 509299,
        "Cost of goods sold": 451105,
        "Gross Profit": 58193,
        "Financial expenses": 33754,
        "Of which: Interest expense": 13633,
        "Cost of sales": 24257,
        "Enterprise cost management": 10447,
        "Total Operating Expenses": 68458,
        "Total revenue financing activities": 26826,
        "Net profit from business activities": 16562,
        "Profit": -88,
        "Profit before tax": 16474,
        "Present corporate income tax expenses": 5814,
        "Deferred income taxes expenses": "N/A",
        "The interests of minority shareholders": "N/A",
        "Total Cost of profits": 5814,
        "Profit after tax corporate income": 10660,
        "Volume": 45600000,
        "Close of Quarter": 9.7,
        "EPS": 499.2,
        "Non-adjusted EPS": 1988,
        "PE": 4.9,
        "Book Price": 3.5
      }
    },
    {
      "quarter": "Q3 2014",
      "income status": {
        "Net sales": 469874,
        "Cost of goods sold": 403540,
        "Gross Profit": 66333,
        "Financial expenses": 16064,
        "Of which: Interest expense": 13975,
        "Cost of sales": 19731,
        "Enterprise cost management": 5797,
        "Total Operating Expenses": 41592,
        "Total revenue financing activities": 3195,
        "Net profit from business activities": 27937,
        "Profit": 141,
        "Profit before tax": 28078,
        "Present corporate income tax expenses": 525,
        "Deferred income taxes expenses": "N/A",
        "The interests of minority shareholders": "N/A",
        "Total Cost of profits": 525,
        "Profit after tax corporate income": 27553,
        "Volume": 45600000,
        "Close of Quarter": 10.5,
        "EPS": 502.4,
        "Non-adjusted EPS": 2001,
        "PE": 5.2,
        "Book Price": 3.4
      }
    },
    {
      "quarter": "Q2 2014",
      "income status": {
        "Net sales": 628309,
        "Cost of goods sold": 534749,
        "Gross Profit": 93560,
        "Financial expenses": 16934,
        "Of which: Interest expense": 13478,
        "Cost of sales": 19867,
        "Enterprise cost management": 10613,
        "Total Operating Expenses": 47414,
        "Total revenue financing activities": 3207,
        "Net profit from business activities": 49353,
        "Profit": -26,
        "Profit before tax": 49328,
        "Present corporate income tax expenses": 6275,
        "Deferred income taxes expenses": "N/A",
        "The interests of minority shareholders": "N/A",
        "Total Cost of profits": 6275,
        "Profit after tax corporate income": 43052,
        "Volume": 83600000,
        "Close of Quarter": 8.5,
        "EPS": 373.3,
        "Non-adjusted EPS": 811,
        "PE": 10.4,
        "Book Price": 3.5
      }
    },
    {
      "quarter": "Q1 2014",
      "income status": {
        "Net sales": 512479,
        "Cost of goods sold": 472516,
        "Gross Profit": 39964,
        "Financial expenses": 12142,
        "Of which: Interest expense": 11285,
        "Cost of sales": 17424,
        "Enterprise cost management": 4741,
        "Total Operating Expenses": 34307,
        "Total revenue financing activities": 1932,
        "Net profit from business activities": 7590,
        "Profit": -1,
        "Profit before tax": 7589,
        "Present corporate income tax expenses": -1801,
        "Deferred income taxes expenses": "N/A",
        "The interests of minority shareholders": "N/A",
        "Total Cost of profits": -1801,
        "Profit after tax corporate income": 9390,
        "Volume": 83600000,
        "Close of Quarter": 9.5,
        "EPS": 212.2,
        "Non-adjusted EPS": 461,
        "PE": 20.7,
        "Book Price": 3.2
      }
    },
    {
      "quarter": "Q4 2013",
      "income status": {
        "Net sales": 707995,
        "Cost of goods sold": 653292,
        "Gross Profit": 54704,
        "Financial expenses": 15198,
        "Of which: Interest expense": 12369,
        "Cost of sales": 30443,
        "Enterprise cost management": 5741,
        "Total Operating Expenses": 51382,
        "Total revenue financing activities": 8266,
        "Net profit from business activities": 11588,
        "Profit": 37,
        "Profit before tax": 11625,
        "Present corporate income tax expenses": 357,
        "Deferred income taxes expenses": "N/A",
        "The interests of minority shareholders": "N/A",
        "Total Cost of profits": 357,
        "Profit after tax corporate income": 11268,
        "Volume": 83600000,
        "Close of Quarter": 4.5,
        "EPS": 208.1,
        "Non-adjusted EPS": 452,
        "PE": 10.0,
        "Book Price": 3.2
      }
    },
    {
      "quarter": "Q3 2013",
      "income status": {
        "Net sales": 386083,
        "Cost of goods sold": 344581,
        "Gross Profit": 41502,
        "Financial expenses": 19352,
        "Of which: Interest expense": 12086,
        "Cost of sales": 17186,
        "Enterprise cost management": 4969,
        "Total Operating Expenses": 41507,
        "Total revenue financing activities": 4676,
        "Net profit from business activities": 4671,
        "Profit": -245,
        "Profit before tax": 4426,
        "Present corporate income tax expenses": 366,
        "Deferred income taxes expenses": "N/A",
        "The interests of minority shareholders": "N/A",
        "Total Cost of profits": 366,
        "Profit after tax corporate income": 4060,
        "Volume": 83600000,
        "Close of Quarter": 4.1,
        "EPS": 172.6,
        "Non-adjusted EPS": 375,
        "PE": 10.9,
        "Book Price": 3.1
      }
    },
    {
      "quarter": "Q2 2013",
      "income status": {
        "Net sales": 418489,
        "Cost of goods sold": 365308,
        "Gross Profit": 53181,
        "Financial expenses": 17330,
        "Of which: Interest expense": 12652,
        "Cost of sales": 18190,
        "Enterprise cost management": 5414,
        "Total Operating Expenses": 40934,
        "Total revenue financing activities": 2199,
        "Net profit from business activities": 14446,
        "Profit": 6,
        "Profit before tax": 14453,
        "Present corporate income tax expenses": 614,
        "Deferred income taxes expenses": 6,
        "The interests of minority shareholders": "N/A",
        "Total Cost of profits": 620,
        "Profit after tax corporate income": 13832,
        "Volume": 83600000,
        "Close of Quarter": 4.1,
        "EPS": 204.9,
        "Non-adjusted EPS": 445,
        "PE": 9.2,
        "Book Price": 3.1
      }
    },
    {
      "quarter": "Q1 2013",
      "income status": {
        "Net sales": 291846,
        "Cost of goods sold": 255745,
        "Gross Profit": 36101,
        "Financial expenses": 12683,
        "Of which: Interest expense": 12334,
        "Cost of sales": 11054,
        "Enterprise cost management": 3907,
        "Total Operating Expenses": 27644,
        "Total revenue financing activities": 885,
        "Net profit from business activities": 9342,
        "Profit": -303,
        "Profit before tax": 9039,
        "Present corporate income tax expenses": 426,
        "Deferred income taxes expenses": "N/A",
        "The interests of minority shareholders": "N/A",
        "Total Cost of profits": 426,
        "Profit after tax corporate income": 8613,
        "Volume": 83600000,
        "Close of Quarter": 4.1,
        "EPS": 210.4,
        "Non-adjusted EPS": 457,
        "PE": 8.9,
        "Book Price": 3.0
      }
    },
    {
      "quarter": "Q4 2012",
      "income status": {
        "Net sales": 384046,
        "Cost of goods sold": 328668,
        "Gross Profit": 55377,
        "Financial expenses": 13620,
        "Of which: Interest expense": 13321,
        "Cost of sales": 33440,
        "Enterprise cost management": 3600,
        "Total Operating Expenses": 50660,
        "Total revenue financing activities": 242,
        "Net profit from business activities": 4960,
        "Profit": 204,
        "Profit before tax": 5164,
        "Present corporate income tax expenses": 289,
        "Deferred income taxes expenses": "N/A",
        "The interests of minority shareholders": "N/A",
        "Total Cost of profits": 289,
        "Profit after tax corporate income": 4875,
        "Volume": 83600000,
        "Close of Quarter": 4.4,
        "EPS": 193.8,
        "Non-adjusted EPS": 421,
        "PE": 10.4,
        "Book Price": 3.0
      }
    },
    {
      "quarter": "Q3 2012",
      "income status": {
        "Net sales": 355804,
        "Cost of goods sold": 298661,
        "Gross Profit": 57143,
        "Financial expenses": 13863,
        "Of which: Interest expense": 12177,
        "Cost of sales": 29789,
        "Enterprise cost management": 3462,
        "Total Operating Expenses": 47114,
        "Total revenue financing activities": 756,
        "Net profit from business activities": 10784,
        "Profit": -340,
        "Profit before tax": 10444,
        "Present corporate income tax expenses": 589,
        "Deferred income taxes expenses": "N/A",
        "The interests of minority shareholders": "N/A",
        "Total Cost of profits": 589,
        "Profit after tax corporate income": 9855,
        "Volume": 83600000,
        "Close of Quarter": 4.5,
        "EPS": 72.3,
        "Non-adjusted EPS": 157,
        "PE": 28.7,
        "Book Price": 3.0
      }
    },
    {
      "quarter": "Q2 2012",
      "income status": {
        "Net sales": 335507,
        "Cost of goods sold": 276056,
        "Gross Profit": 59451,
        "Financial expenses": 26060,
        "Of which: Interest expense": 19668,
        "Cost of sales": 16946,
        "Enterprise cost management": 3267,
        "Total Operating Expenses": 46273,
        "Total revenue financing activities": 1392,
        "Net profit from business activities": 14570,
        "Profit": 219,
        "Profit before tax": 14789,
        "Present corporate income tax expenses": -90,
        "Deferred income taxes expenses": "N/A",
        "The interests of minority shareholders": "N/A",
        "Total Cost of profits": -90,
        "Profit after tax corporate income": 14879,
        "Volume": 83600000,
        "Close of Quarter": 5.1,
        "EPS": 128.4,
        "Non-adjusted EPS": 279,
        "PE": 18.2,
        "Book Price": 3.1
      }
    },
    {
      "quarter": "Q1 2012",
      "income status": {
        "Net sales": 254049,
        "Cost of goods sold": 213987,
        "Gross Profit": 40062,
        "Financial expenses": 20956,
        "Of which: Interest expense": 19191,
        "Cost of sales": 14928,
        "Enterprise cost management": 3358,
        "Total Operating Expenses": 39242,
        "Total revenue financing activities": 2607,
        "Net profit from business activities": 3427,
        "Profit": 1756,
        "Profit before tax": 5183,
        "Present corporate income tax expenses": -380,
        "Deferred income taxes expenses": "N/A",
        "The interests of minority shareholders": "N/A",
        "Total Cost of profits": -380,
        "Profit after tax corporate income": 5563,
        "Volume": 83600000,
        "Close of Quarter": 4.6,
        "EPS": 233.9,
        "Non-adjusted EPS": 508,
        "PE": 9.1,
        "Book Price": 3.0
      }
    },
    {
      "quarter": "Q4 2011",
      "income status": {
        "Net sales": 276154,
        "Cost of goods sold": 257389,
        "Gross Profit": 18765,
        "Financial expenses": 25890,
        "Of which: Interest expense": 22303,
        "Cost of sales": 16269,
        "Enterprise cost management": 3899,
        "Total Operating Expenses": 46058,
        "Total revenue financing activities": 10434,
        "Net profit from business activities": -16858,
        "Profit": -274,
        "Profit before tax": -17132,
        "Present corporate income tax expenses": "N/A",
        "Deferred income taxes expenses": "N/A",
        "The interests of minority shareholders": "N/A",
        "Total Cost of profits": 0,
        "Profit after tax corporate income": -17132,
        "Volume": 83600000,
        "Close of Quarter": 3.4,
        "EPS": 338.3,
        "Non-adjusted EPS": 735,
        "PE": 4.7,
        "Book Price": 3.1
      }
    },
    {
      "quarter": "Q3 2011",
      "income status": {
        "Net sales": 354677,
        "Cost of goods sold": 283667,
        "Gross Profit": 71010,
        "Financial expenses": 27491,
        "Of which: Interest expense": 23292,
        "Cost of sales": 21939,
        "Enterprise cost management": 2967,
        "Total Operating Expenses": 52397,
        "Total revenue financing activities": 3234,
        "Net profit from business activities": 21848,
        "Profit": -733,
        "Profit before tax": 21114,
        "Present corporate income tax expenses": 1065,
        "Deferred income taxes expenses": "N/A",
        "The interests of minority shareholders": "N/A",
        "Total Cost of profits": 1065,
        "Profit after tax corporate income": 20049,
        "Volume": 83600000,
        "Close of Quarter": 6.5,
        "EPS": 567.6,
        "Non-adjusted EPS": 1233,
        "PE": 5.3,
        "Book Price": 3.2
      }
    },
    {
      "quarter": "Q2 2011",
      "income status": {
        "Net sales": 276500,
        "Cost of goods sold": 198623,
        "Gross Profit": 77878,
        "Financial expenses": 35204,
        "Of which: Interest expense": 21344,
        "Cost of sales": 15762,
        "Enterprise cost management": 3227,
        "Total Operating Expenses": 54193,
        "Total revenue financing activities": 11096,
        "Net profit from business activities": 34781,
        "Profit": 385,
        "Profit before tax": 35165,
        "Present corporate income tax expenses": 1173,
        "Deferred income taxes expenses": "N/A",
        "The interests of minority shareholders": "N/A",
        "Total Cost of profits": 1173,
        "Profit after tax corporate income": 33992,
        "Volume": 83600000,
        "Close of Quarter": 8.1,
        "EPS": 633.0,
        "Non-adjusted EPS": 1375,
        "PE": 5.9,
        "Book Price": 3.1
      }
    },
    {
      "quarter": "Q1 2011",
      "income status": {
        "Net sales": 190142,
        "Cost of goods sold": 139293,
        "Gross Profit": 50849,
        "Financial expenses": 22048,
        "Of which: Interest expense": 16766,
        "Cost of sales": 17162,
        "Enterprise cost management": 3434,
        "Total Operating Expenses": 42644,
        "Total revenue financing activities": 16476,
        "Net profit from business activities": 24681,
        "Profit": 2216,
        "Profit before tax": 26898,
        "Present corporate income tax expenses": 2330,
        "Deferred income taxes expenses": "N/A",
        "The interests of minority shareholders": "N/A",
        "Total Cost of profits": 2330,
        "Profit after tax corporate income": 24568,
        "Volume": 83600000,
        "Close of Quarter": "N/A",
        "EPS": 563.9,
        "Non-adjusted EPS": 1225,
        "PE": "N/A",
        "Book Price": 2.9
      }
    }
  ]
}