{
  "ticker": "VKC",
  "data": [
    {
      "quarter": "Q4 2016",
      "income status": {
        "Net sales": 284273,
        "Cost of goods sold": 256734,
        "Gross Profit": 27538,
        "Financial expenses": 5299,
        "Of which: Interest expense": 5207,
        "Cost of sales": 5432,
        "Enterprise cost management": 7996,
        "Total Operating Expenses": 18727,
        "Total revenue financing activities": 2207,
        "Net profit from business activities": 11018,
        "Profit": -303,
        "Profit before tax": 10715,
        "Present corporate income tax expenses": 2515,
        "Deferred income taxes expenses": "N/A",
        "The interests of minority shareholders": "N/A",
        "Total Cost of profits": 2515,
        "Profit after tax corporate income": 8200,
        "Volume": 20000000,
        "Close of Quarter": 14.5,
        "EPS": 2118,
        "Non-adjusted EPS": 2118,
        "PE": 6.9,
        "Book Price": 13.6
      }
    },
    {
      "quarter": "Q3 2016",
      "income status": {
        "Net sales": 284624,
        "Cost of goods sold": 255854,
        "Gross Profit": 28770,
        "Financial expenses": 4715,
        "Of which: Interest expense": 4677,
        "Cost of sales": 7246,
        "Enterprise cost management": 4595,
        "Total Operating Expenses": 16556,
        "Total revenue financing activities": 467,
        "Net profit from business activities": 12681,
        "Profit": 176,
        "Profit before tax": 12857,
        "Present corporate income tax expenses": 2571,
        "Deferred income taxes expenses": "N/A",
        "The interests of minority shareholders": "N/A",
        "Total Cost of profits": 2571,
        "Profit after tax corporate income": 10285,
        "Volume": 13000000,
        "Close of Quarter": 18.0,
        "EPS": 2251.6,
        "Non-adjusted EPS": 3464,
        "PE": 5.2,
        "Book Price": 13.2
      }
    },
    {
      "quarter": "Q2 2016",
      "income status": {
        "Net sales": 276491,
        "Cost of goods sold": 242325,
        "Gross Profit": 34167,
        "Financial expenses": 5399,
        "Of which: Interest expense": 4862,
        "Cost of sales": 5873,
        "Enterprise cost management": 4811,
        "Total Operating Expenses": 16083,
        "Total revenue financing activities": 719,
        "Net profit from business activities": 18803,
        "Profit": -73,
        "Profit before tax": 18730,
        "Present corporate income tax expenses": 3909,
        "Deferred income taxes expenses": 980,
        "The interests of minority shareholders": "N/A",
        "Total Cost of profits": 4889,
        "Profit after tax corporate income": 13840,
        "Volume": 13000000,
        "Close of Quarter": 13.5,
        "EPS": 2010.5,
        "Non-adjusted EPS": 3093,
        "PE": 4.4,
        "Book Price": 8.5
      }
    },
    {
      "quarter": "Q1 2016",
      "income status": {
        "Net sales": 300035,
        "Cost of goods sold": 274744,
        "Gross Profit": 25291,
        "Financial expenses": 4496,
        "Of which: Interest expense": 4496,
        "Cost of sales": 4863,
        "Enterprise cost management": 3988,
        "Total Operating Expenses": 13347,
        "Total revenue financing activities": 261,
        "Net profit from business activities": 12204,
        "Profit": 331,
        "Profit before tax": 12535,
        "Present corporate income tax expenses": 2507,
        "Deferred income taxes expenses": "N/A",
        "The interests of minority shareholders": "N/A",
        "Total Cost of profits": 2507,
        "Profit after tax corporate income": 10028,
        "Volume": 13000000,
        "Close of Quarter": 9.7,
        "EPS": 1497.6,
        "Non-adjusted EPS": 2304,
        "PE": 4.2,
        "Book Price": 9.0
      }
    },
    {
      "quarter": "Q4 2015",
      "income status": {
        "Net sales": 301459,
        "Cost of goods sold": 274942,
        "Gross Profit": 26517,
        "Financial expenses": 5583,
        "Of which: Interest expense": 4373,
        "Cost of sales": 5332,
        "Enterprise cost management": 4199,
        "Total Operating Expenses": 15114,
        "Total revenue financing activities": 1783,
        "Net profit from business activities": 13187,
        "Profit": 834,
        "Profit before tax": 14020,
        "Present corporate income tax expenses": 3142,
        "Deferred income taxes expenses": -3,
        "The interests of minority shareholders": "N/A",
        "Total Cost of profits": 3139,
        "Profit after tax corporate income": 10882,
        "Volume": 13000000,
        "Close of Quarter": 8.1,
        "EPS": 1223.3,
        "Non-adjusted EPS": 1882,
        "PE": 4.3,
        "Book Price": 8.6
      }
    },
    {
      "quarter": "Q3 2015",
      "income status": {
        "Net sales": 278752,
        "Cost of goods sold": 260323,
        "Gross Profit": 18429,
        "Financial expenses": 4388,
        "Of which: Interest expense": 4388,
        "Cost of sales": 4086,
        "Enterprise cost management": 3214,
        "Total Operating Expenses": 11688,
        "Total revenue financing activities": 261,
        "Net profit from business activities": 7001,
        "Profit": 1,
        "Profit before tax": 7002,
        "Present corporate income tax expenses": 1540,
        "Deferred income taxes expenses": "N/A",
        "The interests of minority shareholders": "N/A",
        "Total Cost of profits": 1540,
        "Profit after tax corporate income": 5461,
        "Volume": 13000000,
        "Close of Quarter": 6.7,
        "EPS": 932.1,
        "Non-adjusted EPS": 1434,
        "PE": 4.7,
        "Book Price": 8.1
      }
    },
    {
      "quarter": "Q2 2015",
      "income status": {
        "Net sales": 241338,
        "Cost of goods sold": 224222,
        "Gross Profit": 17116,
        "Financial expenses": 4541,
        "Of which: Interest expense": 3876,
        "Cost of sales": 4581,
        "Enterprise cost management": 3747,
        "Total Operating Expenses": 12869,
        "Total revenue financing activities": 626,
        "Net profit from business activities": 4874,
        "Profit": -11,
        "Profit before tax": 4863,
        "Present corporate income tax expenses": 1308,
        "Deferred income taxes expenses": -21,
        "The interests of minority shareholders": "N/A",
        "Total Cost of profits": 1287,
        "Profit after tax corporate income": 3577,
        "Volume": 13000000,
        "Close of Quarter": 6.8,
        "EPS": 791.7,
        "Non-adjusted EPS": 1218,
        "PE": 5.6,
        "Book Price": 7.8
      }
    },
    {
      "quarter": "Q1 2015",
      "income status": {
        "Net sales": 234808,
        "Cost of goods sold": 217309,
        "Gross Profit": 17499,
        "Financial expenses": 4022,
        "Of which: Interest expense": 3865,
        "Cost of sales": 4135,
        "Enterprise cost management": 3478,
        "Total Operating Expenses": 11635,
        "Total revenue financing activities": 413,
        "Net profit from business activities": 6277,
        "Profit": -444,
        "Profit before tax": 5833,
        "Present corporate income tax expenses": 1283,
        "Deferred income taxes expenses": "N/A",
        "The interests of minority shareholders": "N/A",
        "Total Cost of profits": 1283,
        "Profit after tax corporate income": 4550,
        "Volume": 13000000,
        "Close of Quarter": 5.3,
        "EPS": 685.1,
        "Non-adjusted EPS": 1054,
        "PE": 5.0,
        "Book Price": 8.4
      }
    },
    {
      "quarter": "Q4 2014",
      "income status": {
        "Net sales": 238022,
        "Cost of goods sold": 222042,
        "Gross Profit": 15980,
        "Financial expenses": 2231,
        "Of which: Interest expense": 4366,
        "Cost of sales": 4197,
        "Enterprise cost management": 4092,
        "Total Operating Expenses": 10520,
        "Total revenue financing activities": 591,
        "Net profit from business activities": 6051,
        "Profit": 542,
        "Profit before tax": 6593,
        "Present corporate income tax expenses": 1528,
        "Deferred income taxes expenses": 14,
        "The interests of minority shareholders": "N/A",
        "Total Cost of profits": 1542,
        "Profit after tax corporate income": 5050,
        "Volume": 13000000,
        "Close of Quarter": 5.0,
        "EPS": 588.9,
        "Non-adjusted EPS": 906,
        "PE": 5.5,
        "Book Price": 8.2
      }
    },
    {
      "quarter": "Q3 2014",
      "income status": {
        "Net sales": 237278,
        "Cost of goods sold": 222156,
        "Gross Profit": 15122,
        "Financial expenses": 4560,
        "Of which: Interest expense": 4541,
        "Cost of sales": 4198,
        "Enterprise cost management": 3247,
        "Total Operating Expenses": 12005,
        "Total revenue financing activities": 79,
        "Net profit from business activities": 3196,
        "Profit": 209,
        "Profit before tax": 3405,
        "Present corporate income tax expenses": 749,
        "Deferred income taxes expenses": "N/A",
        "The interests of minority shareholders": "N/A",
        "Total Cost of profits": 749,
        "Profit after tax corporate income": 2656,
        "Volume": 13000000,
        "Close of Quarter": 5.0,
        "EPS": 392.6,
        "Non-adjusted EPS": 604,
        "PE": 8.2,
        "Book Price": 7.9
      }
    },
    {
      "quarter": "Q2 2014",
      "income status": {
        "Net sales": 202237,
        "Cost of goods sold": 189518,
        "Gross Profit": 12719,
        "Financial expenses": 3954,
        "Of which: Interest expense": 3548,
        "Cost of sales": 3600,
        "Enterprise cost management": 3742,
        "Total Operating Expenses": 11296,
        "Total revenue financing activities": 576,
        "Net profit from business activities": 1998,
        "Profit": 2,
        "Profit before tax": 2000,
        "Present corporate income tax expenses": 405,
        "Deferred income taxes expenses": 143,
        "The interests of minority shareholders": "N/A",
        "Total Cost of profits": 548,
        "Profit after tax corporate income": 1452,
        "Volume": 13000000,
        "Close of Quarter": 4.1,
        "EPS": 314.0,
        "Non-adjusted EPS": 483,
        "PE": 8.5,
        "Book Price": 7.9
      }
    },
    {
      "quarter": "Q1 2014",
      "income status": {
        "Net sales": 169469,
        "Cost of goods sold": 154771,
        "Gross Profit": 14698,
        "Financial expenses": 5085,
        "Of which: Interest expense": 4947,
        "Cost of sales": 3387,
        "Enterprise cost management": 2915,
        "Total Operating Expenses": 11387,
        "Total revenue financing activities": 57,
        "Net profit from business activities": 3369,
        "Profit": -5,
        "Profit before tax": 3364,
        "Present corporate income tax expenses": 740,
        "Deferred income taxes expenses": "N/A",
        "The interests of minority shareholders": "N/A",
        "Total Cost of profits": 740,
        "Profit after tax corporate income": 2624,
        "Volume": 13000000,
        "Close of Quarter": 5.6,
        "EPS": 351.7,
        "Non-adjusted EPS": 541,
        "PE": 10.3,
        "Book Price": 8.1
      }
    },
    {
      "quarter": "Q4 2013",
      "income status": {
        "Net sales": 220881,
        "Cost of goods sold": 205050,
        "Gross Profit": 15831,
        "Financial expenses": 6091,
        "Of which: Interest expense": 4859,
        "Cost of sales": 4975,
        "Enterprise cost management": 3155,
        "Total Operating Expenses": 14221,
        "Total revenue financing activities": 83,
        "Net profit from business activities": 1693,
        "Profit": 161,
        "Profit before tax": 1855,
        "Present corporate income tax expenses": 810,
        "Deferred income taxes expenses": -78,
        "The interests of minority shareholders": "N/A",
        "Total Cost of profits": 732,
        "Profit after tax corporate income": 1123,
        "Volume": 13000000,
        "Close of Quarter": 4.1,
        "EPS": 257.4,
        "Non-adjusted EPS": 396,
        "PE": 10.4,
        "Book Price": 8
      }
    },
    {
      "quarter": "Q3 2013",
      "income status": {
        "Net sales": 202653,
        "Cost of goods sold": 190030,
        "Gross Profit": 12622,
        "Financial expenses": 4533,
        "Of which: Interest expense": 4277,
        "Cost of sales": 3774,
        "Enterprise cost management": 3375,
        "Total Operating Expenses": 11682,
        "Total revenue financing activities": 503,
        "Net profit from business activities": 1444,
        "Profit": -9,
        "Profit before tax": 1434,
        "Present corporate income tax expenses": 359,
        "Deferred income taxes expenses": "N/A",
        "The interests of minority shareholders": "N/A",
        "Total Cost of profits": 359,
        "Profit after tax corporate income": 1076,
        "Volume": 13000000,
        "Close of Quarter": 3.0,
        "EPS": 246.4,
        "Non-adjusted EPS": 379,
        "PE": 7.9,
        "Book Price": 8.1
      }
    },
    {
      "quarter": "Q2 2013",
      "income status": {
        "Net sales": 200428,
        "Cost of goods sold": 185333,
        "Gross Profit": 15095,
        "Financial expenses": 6240,
        "Of which: Interest expense": 5159,
        "Cost of sales": 3640,
        "Enterprise cost management": 3480,
        "Total Operating Expenses": 13360,
        "Total revenue financing activities": 1115,
        "Net profit from business activities": 2850,
        "Profit": 150,
        "Profit before tax": 3000,
        "Present corporate income tax expenses": 867,
        "Deferred income taxes expenses": -79,
        "The interests of minority shareholders": "N/A",
        "Total Cost of profits": 788,
        "Profit after tax corporate income": 2212,
        "Volume": 13000000,
        "Close of Quarter": 3.2,
        "EPS": 429,
        "Non-adjusted EPS": 660,
        "PE": 4.8,
        "Book Price": 8
      }
    },
    {
      "quarter": "Q1 2013",
      "income status": {
        "Net sales": 197445,
        "Cost of goods sold": 183566,
        "Gross Profit": 13879,
        "Financial expenses": 5396,
        "Of which: Interest expense": 5316,
        "Cost of sales": 4034,
        "Enterprise cost management": 3439,
        "Total Operating Expenses": 12869,
        "Total revenue financing activities": 88,
        "Net profit from business activities": 1098,
        "Profit": -114,
        "Profit before tax": 984,
        "Present corporate income tax expenses": 246,
        "Deferred income taxes expenses": "N/A",
        "The interests of minority shareholders": "N/A",
        "Total Cost of profits": 246,
        "Profit after tax corporate income": 738,
        "Volume": 13000000,
        "Close of Quarter": 3.1,
        "EPS": 511.6,
        "Non-adjusted EPS": 787,
        "PE": 3.9,
        "Book Price": 8.3
      }
    },
    {
      "quarter": "Q4 2012",
      "income status": {
        "Net sales": 209760,
        "Cost of goods sold": 195198,
        "Gross Profit": 14562,
        "Financial expenses": 5062,
        "Of which: Interest expense": 5002,
        "Cost of sales": 4115,
        "Enterprise cost management": 4195,
        "Total Operating Expenses": 13372,
        "Total revenue financing activities": 34,
        "Net profit from business activities": 1224,
        "Profit": 83,
        "Profit before tax": 1307,
        "Present corporate income tax expenses": 380,
        "Deferred income taxes expenses": 24,
        "The interests of minority shareholders": "N/A",
        "Total Cost of profits": 404,
        "Profit after tax corporate income": 903,
        "Volume": 13000000,
        "Close of Quarter": 3.4,
        "EPS": 528.5,
        "Non-adjusted EPS": 813,
        "PE": 4.2,
        "Book Price": 8.3
      }
    },
    {
      "quarter": "Q3 2012",
      "income status": {
        "Net sales": 177364,
        "Cost of goods sold": 161835,
        "Gross Profit": 15529,
        "Financial expenses": 6518,
        "Of which: Interest expense": 6441,
        "Cost of sales": 3656,
        "Enterprise cost management": 3288,
        "Total Operating Expenses": 13462,
        "Total revenue financing activities": 109,
        "Net profit from business activities": 2177,
        "Profit": 2957,
        "Profit before tax": 5133,
        "Present corporate income tax expenses": 400,
        "Deferred income taxes expenses": "N/A",
        "The interests of minority shareholders": "N/A",
        "Total Cost of profits": 400,
        "Profit after tax corporate income": 4733,
        "Volume": 13000000,
        "Close of Quarter": 2.3,
        "EPS": 793,
        "Non-adjusted EPS": 1220,
        "PE": 1.9,
        "Book Price": 8.3
      }
    },
    {
      "quarter": "Q2 2012",
      "income status": {
        "Net sales": 186047,
        "Cost of goods sold": 165752,
        "Gross Profit": 20295,
        "Financial expenses": 6341,
        "Of which: Interest expense": 5321,
        "Cost of sales": 4297,
        "Enterprise cost management": 4731,
        "Total Operating Expenses": 15369,
        "Total revenue financing activities": -199,
        "Net profit from business activities": 4728,
        "Profit": -62,
        "Profit before tax": 4666,
        "Present corporate income tax expenses": 825,
        "Deferred income taxes expenses": -20,
        "The interests of minority shareholders": "N/A",
        "Total Cost of profits": 805,
        "Profit after tax corporate income": 3861,
        "Volume": 13000000,
        "Close of Quarter": 2.6,
        "EPS": 566.2,
        "Non-adjusted EPS": 871,
        "PE": 3.0,
        "Book Price": 8
      }
    },
    {
      "quarter": "Q1 2012",
      "income status": {
        "Net sales": 169275,
        "Cost of goods sold": 151517,
        "Gross Profit": 17758,
        "Financial expenses": 7981,
        "Of which: Interest expense": 7653,
        "Cost of sales": 4984,
        "Enterprise cost management": 4009,
        "Total Operating Expenses": 16974,
        "Total revenue financing activities": 640,
        "Net profit from business activities": 1425,
        "Profit": 3,
        "Profit before tax": 1428,
        "Present corporate income tax expenses": 357,
        "Deferred income taxes expenses": "N/A",
        "The interests of minority shareholders": "N/A",
        "Total Cost of profits": 357,
        "Profit after tax corporate income": 1071,
        "Volume": 13000000,
        "Close of Quarter": 2.5,
        "EPS": 468,
        "Non-adjusted EPS": 720,
        "PE": 3.4,
        "Book Price": 8.2
      }
    },
    {
      "quarter": "Q4 2011",
      "income status": {
        "Net sales": 193953,
        "Cost of goods sold": 170529,
        "Gross Profit": 23424,
        "Financial expenses": 9533,
        "Of which: Interest expense": 8516,
        "Cost of sales": 6872,
        "Enterprise cost management": 4417,
        "Total Operating Expenses": 20822,
        "Total revenue financing activities": 954,
        "Net profit from business activities": 3556,
        "Profit": 3025,
        "Profit before tax": 6580,
        "Present corporate income tax expenses": 380,
        "Deferred income taxes expenses": "N/A",
        "The interests of minority shareholders": "N/A",
        "Total Cost of profits": 380,
        "Profit after tax corporate income": 6201,
        "Volume": 13000000,
        "Close of Quarter": 1.6,
        "EPS": 520,
        "Non-adjusted EPS": 800,
        "PE": 1.9,
        "Book Price": 8.2
      }
    },
    {
      "quarter": "Q3 2011",
      "income status": {
        "Net sales": 187761,
        "Cost of goods sold": 169673,
        "Gross Profit": 18088,
        "Financial expenses": 8973,
        "Of which: Interest expense": 8312,
        "Cost of sales": 5700,
        "Enterprise cost management": 3629,
        "Total Operating Expenses": 18302,
        "Total revenue financing activities": 469,
        "Net profit from business activities": 254,
        "Profit": -3,
        "Profit before tax": 251,
        "Present corporate income tax expenses": 63,
        "Deferred income taxes expenses": "N/A",
        "The interests of minority shareholders": "N/A",
        "Total Cost of profits": 63,
        "Profit after tax corporate income": 188,
        "Volume": 13000000,
        "Close of Quarter": 2.6,
        "EPS": 483.0,
        "Non-adjusted EPS": 743,
        "PE": 3.5,
        "Book Price": 8
      }
    },
    {
      "quarter": "Q2 2011",
      "income status": {
        "Net sales": 165207,
        "Cost of goods sold": 148589,
        "Gross Profit": 16618,
        "Financial expenses": 10252,
        "Of which: Interest expense": 5864,
        "Cost of sales": 5002,
        "Enterprise cost management": 3290,
        "Total Operating Expenses": 18544,
        "Total revenue financing activities": 3715,
        "Net profit from business activities": 1789,
        "Profit": 750,
        "Profit before tax": 2539,
        "Present corporate income tax expenses": 635,
        "Deferred income taxes expenses": "N/A",
        "The interests of minority shareholders": "N/A",
        "Total Cost of profits": 635,
        "Profit after tax corporate income": 1904,
        "Volume": 13000000,
        "Close of Quarter": 4.0,
        "EPS": 674.1,
        "Non-adjusted EPS": 1037,
        "PE": 3.9,
        "Book Price": 8.5
      }
    },
    {
      "quarter": "Q1 2011",
      "income status": {
        "Net sales": 122495,
        "Cost of goods sold": 108921,
        "Gross Profit": 13574,
        "Financial expenses": 4620,
        "Of which: Interest expense": 4139,
        "Cost of sales": 3620,
        "Enterprise cost management": 3133,
        "Total Operating Expenses": 11373,
        "Total revenue financing activities": 485,
        "Net profit from business activities": 2686,
        "Profit": 125,
        "Profit before tax": 2811,
        "Present corporate income tax expenses": 703,
        "Deferred income taxes expenses": "N/A",
        "The interests of minority shareholders": "N/A",
        "Total Cost of profits": 703,
        "Profit after tax corporate income": 2108,
        "Volume": 13000000,
        "Close of Quarter": 7.7,
        "EPS": 876.2,
        "Non-adjusted EPS": 1348,
        "PE": 5.7,
        "Book Price": 8.5
      }
    }
  ]
}