{
  "ticker": "C32",
  "data": [
    {
      "quarter": "Q4 2016",
      "income status": {
        "Net sales": 154102,
        "Cost of goods sold": 119477,
        "Gross Profit": 34625,
        "Financial expenses": 822,
        "Of which: Interest expense": 822,
        "Cost of sales": 4081,
        "Enterprise cost management": 5709,
        "Total Operating Expenses": 10612,
        "Total revenue financing activities": 3035,
        "Net profit from business activities": 27048,
        "Profit": 203,
        "Profit before tax": 27251,
        "Present corporate income tax expenses": 5101,
        "Deferred income taxes expenses": "N/A",
        "The interests of minority shareholders": "N/A",
        "Total Cost of profits": 5101,
        "Profit after tax corporate income": 22150,
        "Volume": 11200000,
        "Close of Quarter": 38.4,
        "EPS": 8677,
        "Non-adjusted EPS": 8677,
        "PE": 4.4,
        "Book Price": 34.3
      }
    },
    {
      "quarter": "Q3 2016",
      "income status": {
        "Net sales": 132350,
        "Cost of goods sold": 92562,
        "Gross Profit": 39788,
        "Financial expenses": 709,
        "Of which: Interest expense": 709,
        "Cost of sales": 5172,
        "Enterprise cost management": 3467,
        "Total Operating Expenses": 9348,
        "Total revenue financing activities": 1739,
        "Net profit from business activities": 32178,
        "Profit": 157,
        "Profit before tax": 32335,
        "Present corporate income tax expenses": 6593,
        "Deferred income taxes expenses": "N/A",
        "The interests of minority shareholders": "N/A",
        "Total Cost of profits": 6593,
        "Profit after tax corporate income": 25742,
        "Volume": 11200000,
        "Close of Quarter": 58.4,
        "EPS": 9890,
        "Non-adjusted EPS": 9890,
        "PE": 5.9,
        "Book Price": 33.5
      }
    },
    {
      "quarter": "Q2 2016",
      "income status": {
        "Net sales": 151260,
        "Cost of goods sold": 111619,
        "Gross Profit": 39642,
        "Financial expenses": 800,
        "Of which: Interest expense": 784,
        "Cost of sales": 4566,
        "Enterprise cost management": 4146,
        "Total Operating Expenses": 9512,
        "Total revenue financing activities": 3500,
        "Net profit from business activities": 33629,
        "Profit": 3525,
        "Profit before tax": 37155,
        "Present corporate income tax expenses": 7510,
        "Deferred income taxes expenses": "N/A",
        "The interests of minority shareholders": "N/A",
        "Total Cost of profits": 7510,
        "Profit after tax corporate income": 29645,
        "Volume": 11200000,
        "Close of Quarter": 43.2,
        "EPS": 9446,
        "Non-adjusted EPS": 9446,
        "PE": 4.6,
        "Book Price": 31.2
      }
    },
    {
      "quarter": "Q1 2016",
      "income status": {
        "Net sales": 82558,
        "Cost of goods sold": 52994,
        "Gross Profit": 29563,
        "Financial expenses": 99,
        "Of which: Interest expense": 99,
        "Cost of sales": 2439,
        "Enterprise cost management": 3430,
        "Total Operating Expenses": 5968,
        "Total revenue financing activities": 1510,
        "Net profit from business activities": 25105,
        "Profit": -236,
        "Profit before tax": 24870,
        "Present corporate income tax expenses": 5225,
        "Deferred income taxes expenses": "N/A",
        "The interests of minority shareholders": "N/A",
        "Total Cost of profits": 5225,
        "Profit after tax corporate income": 19645,
        "Volume": 11200000,
        "Close of Quarter": 39.1,
        "EPS": 8516,
        "Non-adjusted EPS": 8516,
        "PE": 4.6,
        "Book Price": 30.7
      }
    },
    {
      "quarter": "Q4 2015",
      "income status": {
        "Net sales": 190505,
        "Cost of goods sold": 138189,
        "Gross Profit": 52317,
        "Financial expenses": 55,
        "Of which: Interest expense": 55,
        "Cost of sales": 2538,
        "Enterprise cost management": 5270,
        "Total Operating Expenses": 7863,
        "Total revenue financing activities": 1421,
        "Net profit from business activities": 45875,
        "Profit": 67,
        "Profit before tax": 45942,
        "Present corporate income tax expenses": 10207,
        "Deferred income taxes expenses": "N/A",
        "The interests of minority shareholders": "N/A",
        "Total Cost of profits": 10207,
        "Profit after tax corporate income": 35735,
        "Volume": 11200000,
        "Close of Quarter": 26.9,
        "EPS": 8668,
        "Non-adjusted EPS": 8668,
        "PE": 3.1,
        "Book Price": 28.7
      }
    },
    {
      "quarter": "Q3 2015",
      "income status": {
        "Net sales": 132098,
        "Cost of goods sold": 102223,
        "Gross Profit": 29875,
        "Financial expenses": 226,
        "Of which: Interest expense": 226,
        "Cost of sales": 2184,
        "Enterprise cost management": 3209,
        "Total Operating Expenses": 5619,
        "Total revenue financing activities": 862,
        "Net profit from business activities": 25118,
        "Profit": 1928,
        "Profit before tax": 27046,
        "Present corporate income tax expenses": 4821,
        "Deferred income taxes expenses": 1454,
        "The interests of minority shareholders": "N/A",
        "Total Cost of profits": 6275,
        "Profit after tax corporate income": 20771,
        "Volume": 11200000,
        "Close of Quarter": 24.1,
        "EPS": 7262,
        "Non-adjusted EPS": 7262,
        "PE": 3.3,
        "Book Price": 26.7
      }
    },
    {
      "quarter": "Q2 2015",
      "income status": {
        "Net sales": 129723,
        "Cost of goods sold": 95877,
        "Gross Profit": 33845,
        "Financial expenses": 1,
        "Of which: Interest expense": 1,
        "Cost of sales": 2919,
        "Enterprise cost management": 3468,
        "Total Operating Expenses": 6388,
        "Total revenue financing activities": 1006,
        "Net profit from business activities": 28462,
        "Profit": -419,
        "Profit before tax": 28043,
        "Present corporate income tax expenses": 8817,
        "Deferred income taxes expenses": "N/A",
        "The interests of minority shareholders": "N/A",
        "Total Cost of profits": 8817,
        "Profit after tax corporate income": 19226,
        "Volume": 11200000,
        "Close of Quarter": 23.4,
        "EPS": 7032,
        "Non-adjusted EPS": 7032,
        "PE": 3.3,
        "Book Price": 25.2
      }
    },
    {
      "quarter": "Q1 2015",
      "income status": {
        "Net sales": 106090,
        "Cost of goods sold": 76757,
        "Gross Profit": 29333,
        "Financial expenses": 44,
        "Of which: Interest expense": 44,
        "Cost of sales": 1231,
        "Enterprise cost management": 2404,
        "Total Operating Expenses": 3679,
        "Total revenue financing activities": 1699,
        "Net profit from business activities": 27353,
        "Profit": 91,
        "Profit before tax": 27444,
        "Present corporate income tax expenses": 6093,
        "Deferred income taxes expenses": "N/A",
        "The interests of minority shareholders": "N/A",
        "Total Cost of profits": 6093,
        "Profit after tax corporate income": 21350,
        "Volume": 11200000,
        "Close of Quarter": 22.9,
        "EPS": 6905,
        "Non-adjusted EPS": 6905,
        "PE": 3.3,
        "Book Price": 25
      }
    },
    {
      "quarter": "Q4 2014",
      "income status": {
        "Net sales": 149509,
        "Cost of goods sold": 116964,
        "Gross Profit": 32545,
        "Financial expenses": 32,
        "Of which: Interest expense": 32,
        "Cost of sales": 2993,
        "Enterprise cost management": 4447,
        "Total Operating Expenses": 7472,
        "Total revenue financing activities": 638,
        "Net profit from business activities": 25711,
        "Profit": 62,
        "Profit before tax": 25773,
        "Present corporate income tax expenses": 5790,
        "Deferred income taxes expenses": "N/A",
        "The interests of minority shareholders": "N/A",
        "Total Cost of profits": 5790,
        "Profit after tax corporate income": 19983,
        "Volume": 11200000,
        "Close of Quarter": 21.7,
        "EPS": 6411,
        "Non-adjusted EPS": 6411,
        "PE": 3.4,
        "Book Price": 23.2
      }
    },
    {
      "quarter": "Q3 2014",
      "income status": {
        "Net sales": 100638,
        "Cost of goods sold": 73969,
        "Gross Profit": 26669,
        "Financial expenses": 82,
        "Of which: Interest expense": 82,
        "Cost of sales": 1635,
        "Enterprise cost management": 2605,
        "Total Operating Expenses": 4322,
        "Total revenue financing activities": 1457,
        "Net profit from business activities": 23804,
        "Profit": -305,
        "Profit before tax": 23499,
        "Present corporate income tax expenses": 5300,
        "Deferred income taxes expenses": "N/A",
        "The interests of minority shareholders": "N/A",
        "Total Cost of profits": 5300,
        "Profit after tax corporate income": 18199,
        "Volume": 11200000,
        "Close of Quarter": 22.5,
        "EPS": 5962,
        "Non-adjusted EPS": 5962,
        "PE": 3.8,
        "Book Price": 22.7
      }
    },
    {
      "quarter": "Q2 2014",
      "income status": {
        "Net sales": 108042,
        "Cost of goods sold": 81761,
        "Gross Profit": 26281,
        "Financial expenses": 72,
        "Of which: Interest expense": 72,
        "Cost of sales": 2528,
        "Enterprise cost management": 3124,
        "Total Operating Expenses": 5724,
        "Total revenue financing activities": 1572,
        "Net profit from business activities": 22130,
        "Profit": 773,
        "Profit before tax": 22903,
        "Present corporate income tax expenses": 5099,
        "Deferred income taxes expenses": "N/A",
        "The interests of minority shareholders": "N/A",
        "Total Cost of profits": 5099,
        "Profit after tax corporate income": 17804,
        "Volume": 11200000,
        "Close of Quarter": 20.7,
        "EPS": 6359,
        "Non-adjusted EPS": 6359,
        "PE": 3.3,
        "Book Price": 21
      }
    },
    {
      "quarter": "Q1 2014",
      "income status": {
        "Net sales": 95471,
        "Cost of goods sold": 70873,
        "Gross Profit": 24598,
        "Financial expenses": 404,
        "Of which: Interest expense": 404,
        "Cost of sales": 1660,
        "Enterprise cost management": 2865,
        "Total Operating Expenses": 4929,
        "Total revenue financing activities": 805,
        "Net profit from business activities": 20474,
        "Profit": -104,
        "Profit before tax": 20370,
        "Present corporate income tax expenses": 4552,
        "Deferred income taxes expenses": "N/A",
        "The interests of minority shareholders": "N/A",
        "Total Cost of profits": 4552,
        "Profit after tax corporate income": 15817,
        "Volume": 11200000,
        "Close of Quarter": 20.4,
        "EPS": 6625,
        "Non-adjusted EPS": 6625,
        "PE": 3.1,
        "Book Price": 21
      }
    },
    {
      "quarter": "Q4 2013",
      "income status": {
        "Net sales": 160048,
        "Cost of goods sold": 127694,
        "Gross Profit": 32354,
        "Financial expenses": 730,
        "Of which: Interest expense": 730,
        "Cost of sales": 1830,
        "Enterprise cost management": 4465,
        "Total Operating Expenses": 7025,
        "Total revenue financing activities": 1425,
        "Net profit from business activities": 26754,
        "Profit": -7183,
        "Profit before tax": 19571,
        "Present corporate income tax expenses": 4614,
        "Deferred income taxes expenses": "N/A",
        "The interests of minority shareholders": "N/A",
        "Total Cost of profits": 4614,
        "Profit after tax corporate income": 14957,
        "Volume": 11200000,
        "Close of Quarter": 15.6,
        "EPS": 5801,
        "Non-adjusted EPS": 5801,
        "PE": 2.7,
        "Book Price": 19.5
      }
    },
    {
      "quarter": "Q3 2013",
      "income status": {
        "Net sales": 114600,
        "Cost of goods sold": 79108,
        "Gross Profit": 35492,
        "Financial expenses": 730,
        "Of which: Interest expense": 730,
        "Cost of sales": 1177,
        "Enterprise cost management": 3191,
        "Total Operating Expenses": 5098,
        "Total revenue financing activities": 345,
        "Net profit from business activities": 30740,
        "Profit": -245,
        "Profit before tax": 30495,
        "Present corporate income tax expenses": 7855,
        "Deferred income taxes expenses": "N/A",
        "The interests of minority shareholders": "N/A",
        "Total Cost of profits": 7855,
        "Profit after tax corporate income": 22641,
        "Volume": 11200000,
        "Close of Quarter": 10.5,
        "EPS": 5336,
        "Non-adjusted EPS": 5336,
        "PE": 2.0,
        "Book Price": 19.4
      }
    },
    {
      "quarter": "Q2 2013",
      "income status": {
        "Net sales": 99165,
        "Cost of goods sold": 66339,
        "Gross Profit": 32826,
        "Financial expenses": 820,
        "Of which: Interest expense": 820,
        "Cost of sales": 1128,
        "Enterprise cost management": 3365,
        "Total Operating Expenses": 5313,
        "Total revenue financing activities": 627,
        "Net profit from business activities": 28141,
        "Profit": -47,
        "Profit before tax": 28094,
        "Present corporate income tax expenses": 7313,
        "Deferred income taxes expenses": "N/A",
        "The interests of minority shareholders": "N/A",
        "Total Cost of profits": 7313,
        "Profit after tax corporate income": 20781,
        "Volume": 11200000,
        "Close of Quarter": 8.8,
        "EPS": 4300,
        "Non-adjusted EPS": 4300,
        "PE": 2.1,
        "Book Price": 17.3
      }
    },
    {
      "quarter": "Q1 2013",
      "income status": {
        "Net sales": 56184,
        "Cost of goods sold": 43737,
        "Gross Profit": 12447,
        "Financial expenses": 840,
        "Of which: Interest expense": 840,
        "Cost of sales": 940,
        "Enterprise cost management": 2634,
        "Total Operating Expenses": 4414,
        "Total revenue financing activities": 738,
        "Net profit from business activities": 8770,
        "Profit": 23,
        "Profit before tax": 8793,
        "Present corporate income tax expenses": 2198,
        "Deferred income taxes expenses": "N/A",
        "The interests of minority shareholders": "N/A",
        "Total Cost of profits": 2198,
        "Profit after tax corporate income": 6595,
        "Volume": 11200000,
        "Close of Quarter": 7.7,
        "EPS": 2445,
        "Non-adjusted EPS": 2445,
        "PE": 3.2,
        "Book Price": 17
      }
    },
    {
      "quarter": "Q4 2012",
      "income status": {
        "Net sales": 104117,
        "Cost of goods sold": 85319,
        "Gross Profit": 18798,
        "Financial expenses": 859,
        "Of which: Interest expense": 859,
        "Cost of sales": 1521,
        "Enterprise cost management": 4639,
        "Total Operating Expenses": 7019,
        "Total revenue financing activities": 1151,
        "Net profit from business activities": 12930,
        "Profit": 16,
        "Profit before tax": 12946,
        "Present corporate income tax expenses": 3203,
        "Deferred income taxes expenses": "N/A",
        "The interests of minority shareholders": "N/A",
        "Total Cost of profits": 3203,
        "Profit after tax corporate income": 9743,
        "Volume": 11200000,
        "Close of Quarter": 7.2,
        "EPS": 1856,
        "Non-adjusted EPS": 1856,
        "PE": 3.9,
        "Book Price": 17.5
      }
    },
    {
      "quarter": "Q3 2012",
      "income status": {
        "Net sales": 84844,
        "Cost of goods sold": 66020,
        "Gross Profit": 18824,
        "Financial expenses": 755,
        "Of which: Interest expense": 755,
        "Cost of sales": 1092,
        "Enterprise cost management": 2758,
        "Total Operating Expenses": 4605,
        "Total revenue financing activities": 367,
        "Net profit from business activities": 14586,
        "Profit": 137,
        "Profit before tax": 14723,
        "Present corporate income tax expenses": 3681,
        "Deferred income taxes expenses": "N/A",
        "The interests of minority shareholders": "N/A",
        "Total Cost of profits": 3681,
        "Profit after tax corporate income": 11042,
        "Volume": 11200000,
        "Close of Quarter": 1.5,
        "EPS": 986,
        "Non-adjusted EPS": 986,
        "PE": 1.5,
        "Book Price": 16.7
      }
    }
  ]
}