{
  "ticker": "KTL",
  "data": [
    {
      "quarter": "Q4 2016",
      "income status": {
        "Net sales": 281631,
        "Cost of goods sold": 236806,
        "Gross Profit": 44825,
        "Financial expenses": 11735,
        "Of which: Interest expense": "N/A",
        "Cost of sales": 2073,
        "Enterprise cost management": 27369,
        "Total Operating Expenses": 41177,
        "Total revenue financing activities": 183,
        "Net profit from business activities": 3832,
        "Profit": 1521,
        "Profit before tax": 5353,
        "Present corporate income tax expenses": 2679,
        "Deferred income taxes expenses": "N/A",
        "The interests of minority shareholders": "N/A",
        "Total Cost of profits": 2679,
        "Profit after tax corporate income": 2674,
        "Volume": 19200000,
        "Close of Quarter": 18.8,
        "EPS": 3182,
        "Non-adjusted EPS": 3182,
        "PE": 5.9,
        "Book Price": 17.3
      }
    },
    {
      "quarter": "Q3 2016",
      "income status": {
        "Net sales": 239809,
        "Cost of goods sold": 204175,
        "Gross Profit": 35634,
        "Financial expenses": 8688,
        "Of which: Interest expense": "N/A",
        "Cost of sales": 1357,
        "Enterprise cost management": 25504,
        "Total Operating Expenses": 35549,
        "Total revenue financing activities": 93,
        "Net profit from business activities": 178,
        "Profit": 111,
        "Profit before tax": 288,
        "Present corporate income tax expenses": "N/A",
        "Deferred income taxes expenses": "N/A",
        "The interests of minority shareholders": "N/A",
        "Total Cost of profits": 0,
        "Profit after tax corporate income": 288,
        "Volume": 19200000,
        "Close of Quarter": 16.9,
        "EPS": 3148,
        "Non-adjusted EPS": 3148,
        "PE": 5.4,
        "Book Price": 16.9
      }
    },
    {
      "quarter": "Q2 2016",
      "income status": {
        "Net sales": 200431,
        "Cost of goods sold": 190705,
        "Gross Profit": 9726,
        "Financial expenses": 10637,
        "Of which: Interest expense": 20223,
        "Cost of sales": 934,
        "Enterprise cost management": 23041,
        "Total Operating Expenses": 34612,
        "Total revenue financing activities": 80713,
        "Net profit from business activities": 55826,
        "Profit": -319,
        "Profit before tax": 55507,
        "Present corporate income tax expenses": -524,
        "Deferred income taxes expenses": "N/A",
        "The interests of minority shareholders": "N/A",
        "Total Cost of profits": -524,
        "Profit after tax corporate income": 56031,
        "Volume": 19200000,
        "Close of Quarter": 16.2,
        "EPS": 5799,
        "Non-adjusted EPS": 5799,
        "PE": 2.8,
        "Book Price": 16.9
      }
    },
    {
      "quarter": "Q1 2016",
      "income status": {
        "Net sales": 205291,
        "Cost of goods sold": 168762,
        "Gross Profit": 36528,
        "Financial expenses": 9966,
        "Of which: Interest expense": "N/A",
        "Cost of sales": 784,
        "Enterprise cost management": 22764,
        "Total Operating Expenses": 33514,
        "Total revenue financing activities": 25,
        "Net profit from business activities": 3039,
        "Profit": -418,
        "Profit before tax": 2620,
        "Present corporate income tax expenses": 524,
        "Deferred income taxes expenses": "N/A",
        "The interests of minority shareholders": "N/A",
        "Total Cost of profits": 524,
        "Profit after tax corporate income": 2096,
        "Volume": 19200000,
        "Close of Quarter": 16.2,
        "EPS": 3000,
        "Non-adjusted EPS": 3000,
        "PE": 5.4,
        "Book Price": 15.5
      }
    },
    {
      "quarter": "Q3 2015",
      "income status": {
        "Net sales": 233318,
        "Cost of goods sold": 197939,
        "Gross Profit": 35379,
        "Financial expenses": 10167,
        "Of which: Interest expense": "N/A",
        "Cost of sales": 511,
        "Enterprise cost management": 22740,
        "Total Operating Expenses": 33418,
        "Total revenue financing activities": 890,
        "Net profit from business activities": 2851,
        "Profit": -255,
        "Profit before tax": 2596,
        "Present corporate income tax expenses": 571,
        "Deferred income taxes expenses": "N/A",
        "The interests of minority shareholders": "N/A",
        "Total Cost of profits": 571,
        "Profit after tax corporate income": 2025,
        "Volume": 19200000,
        "Close of Quarter": 10.4,
        "EPS": 3019,
        "Non-adjusted EPS": 3019,
        "PE": 3.5,
        "Book Price": 15.2
      }
    },
    {
      "quarter": "Q2 2015",
      "income status": {
        "Net sales": 212545,
        "Cost of goods sold": 180661,
        "Gross Profit": 31884,
        "Financial expenses": 9606,
        "Of which: Interest expense": 8736,
        "Cost of sales": 578,
        "Enterprise cost management": 20563,
        "Total Operating Expenses": 30747,
        "Total revenue financing activities": 50473,
        "Net profit from business activities": 51610,
        "Profit": -60,
        "Profit before tax": 51550,
        "Present corporate income tax expenses": 355,
        "Deferred income taxes expenses": "N/A",
        "The interests of minority shareholders": "N/A",
        "Total Cost of profits": 355,
        "Profit after tax corporate income": 51195,
        "Volume": 19200000,
        "Close of Quarter": 7.6,
        "EPS": 3061,
        "Non-adjusted EPS": 3061,
        "PE": 2.5,
        "Book Price": 15.1
      }
    },
    {
      "quarter": "Q1 2015",
      "income status": {
        "Net sales": 213112,
        "Cost of goods sold": 180531,
        "Gross Profit": 32581,
        "Financial expenses": 11155,
        "Of which: Interest expense": 11155,
        "Cost of sales": 504,
        "Enterprise cost management": 18194,
        "Total Operating Expenses": 29853,
        "Total revenue financing activities": 170,
        "Net profit from business activities": 2898,
        "Profit": 22,
        "Profit before tax": 2920,
        "Present corporate income tax expenses": 642,
        "Deferred income taxes expenses": "N/A",
        "The interests of minority shareholders": "N/A",
        "Total Cost of profits": 642,
        "Profit after tax corporate income": 2278,
        "Volume": 19200000,
        "Close of Quarter": 6.2,
        "EPS": 465,
        "Non-adjusted EPS": 465,
        "PE": 13.2,
        "Book Price": 13.3
      }
    },
    {
      "quarter": "Q3 2014",
      "income status": {
        "Net sales": 241420,
        "Cost of goods sold": 210318,
        "Gross Profit": 31103,
        "Financial expenses": 11472,
        "Of which: Interest expense": "N/A",
        "Cost of sales": 795,
        "Enterprise cost management": 16746,
        "Total Operating Expenses": 29013,
        "Total revenue financing activities": 262,
        "Net profit from business activities": 2352,
        "Profit": 820,
        "Profit before tax": 3172,
        "Present corporate income tax expenses": 698,
        "Deferred income taxes expenses": "N/A",
        "The interests of minority shareholders": "N/A",
        "Total Cost of profits": 698,
        "Profit after tax corporate income": 2474,
        "Volume": 19200000,
        "Close of Quarter": "N/A",
        "EPS": 395,
        "Non-adjusted EPS": 395,
        "PE": "N/A",
        "Book Price": "N/A"
      }
    },
    {
      "quarter": "Q2 2014",
      "income status": {
        "Net sales": 195611,
        "Cost of goods sold": 175921,
        "Gross Profit": 19690,
        "Financial expenses": 12189,
        "Of which: Interest expense": 21718,
        "Cost of sales": 736,
        "Enterprise cost management": 15118,
        "Total Operating Expenses": 28043,
        "Total revenue financing activities": 10790,
        "Net profit from business activities": 2437,
        "Profit": -15,
        "Profit before tax": 2422,
        "Present corporate income tax expenses": "N/A",
        "Deferred income taxes expenses": -405,
        "The interests of minority shareholders": "N/A",
        "Total Cost of profits": -405,
        "Profit after tax corporate income": 2826,
        "Volume": 19200000,
        "Close of Quarter": "N/A",
        "EPS": 346,
        "Non-adjusted EPS": 346,
        "PE": "N/A",
        "Book Price": 12.6
      }
    },
    {
      "quarter": "Q1 2014",
      "income status": {
        "Net sales": 216441,
        "Cost of goods sold": 187618,
        "Gross Profit": 28823,
        "Financial expenses": 11553,
        "Of which: Interest expense": "N/A",
        "Cost of sales": 733,
        "Enterprise cost management": 14742,
        "Total Operating Expenses": 27028,
        "Total revenue financing activities": 21,
        "Net profit from business activities": 1816,
        "Profit": -57,
        "Profit before tax": 1759,
        "Present corporate income tax expenses": "N/A",
        "Deferred income taxes expenses": 405,
        "The interests of minority shareholders": "N/A",
        "Total Cost of profits": 405,
        "Profit after tax corporate income": 1354,
        "Volume": 19200000,
        "Close of Quarter": "N/A",
        "EPS": 219,
        "Non-adjusted EPS": 219,
        "PE": "N/A",
        "Book Price": 13.6
      }
    },
    {
      "quarter": "Q2 2013",
      "income status": {
        "Net sales": 225737,
        "Cost of goods sold": 194992,
        "Gross Profit": 30745,
        "Financial expenses": 14306,
        "Of which: Interest expense": 12269,
        "Cost of sales": 728,
        "Enterprise cost management": 15003,
        "Total Operating Expenses": 30037,
        "Total revenue financing activities": 124,
        "Net profit from business activities": 833,
        "Profit": 401,
        "Profit before tax": 1234,
        "Present corporate income tax expenses": 308,
        "Deferred income taxes expenses": "N/A",
        "The interests of minority shareholders": "N/A",
        "Total Cost of profits": 308,
        "Profit after tax corporate income": 925,
        "Volume": 19200000,
        "Close of Quarter": "N/A",
        "EPS": 148,
        "Non-adjusted EPS": 148,
        "PE": "N/A",
        "Book Price": 11.2
      }
    },
    {
      "quarter": "Q1 2013",
      "income status": {
        "Net sales": 248919,
        "Cost of goods sold": 224459,
        "Gross Profit": 24459,
        "Financial expenses": 11950,
        "Of which: Interest expense": 10659,
        "Cost of sales": 499,
        "Enterprise cost management": 10841,
        "Total Operating Expenses": 23290,
        "Total revenue financing activities": 34,
        "Net profit from business activities": 1204,
        "Profit": 853,
        "Profit before tax": 2057,
        "Present corporate income tax expenses": 514,
        "Deferred income taxes expenses": "N/A",
        "The interests of minority shareholders": "N/A",
        "Total Cost of profits": 514,
        "Profit after tax corporate income": 1543,
        "Volume": 19200000,
        "Close of Quarter": "N/A",
        "EPS": 100,
        "Non-adjusted EPS": 100,
        "PE": "N/A",
        "Book Price": 12
      }
    },
    {
      "quarter": "Q1 2012",
      "income status": {
        "Net sales": 213773,
        "Cost of goods sold": 187425,
        "Gross Profit": 26347,
        "Financial expenses": 14128,
        "Of which: Interest expense": 12814,
        "Cost of sales": 497,
        "Enterprise cost management": 11271,
        "Total Operating Expenses": 25896,
        "Total revenue financing activities": 105,
        "Net profit from business activities": 557,
        "Profit": -44,
        "Profit before tax": 513,
        "Present corporate income tax expenses": 134,
        "Deferred income taxes expenses": "N/A",
        "The interests of minority shareholders": "N/A",
        "Total Cost of profits": 134,
        "Profit after tax corporate income": 379,
        "Volume": 19200000,
        "Close of Quarter": "N/A",
        "EPS": 20,
        "Non-adjusted EPS": 20,
        "PE": "N/A",
        "Book Price": "N/A"
      }
    }
  ]
}