{
  "ticker": "AVF",
  "data": [
    {
      "quarter": "Q4 2016",
      "income status": {
        "Net sales": 41960,
        "Cost of goods sold": 31925,
        "Gross Profit": 10035,
        "Financial expenses": 27786,
        "Of which: Interest expense": 23579,
        "Cost of sales": 18,
        "Enterprise cost management": 3614,
        "Total Operating Expenses": 31418,
        "Total revenue financing activities": 1,
        "Net profit from business activities": -21383,
        "Profit": -2926,
        "Profit before tax": -24309,
        "Present corporate income tax expenses": "N/A",
        "Deferred income taxes expenses": "N/A",
        "The interests of minority shareholders": "N/A",
        "Total Cost of profits": 0,
        "Profit after tax corporate income": -24309,
        "Volume": 43338000,
        "Close of Quarter": 0.3,
        "EPS": -12096,
        "Non-adjusted EPS": -12096,
        "PE": -0.0,
        "Book Price": -29.1
      }
    },
    {
      "quarter": "Q3 2016",
      "income status": {
        "Net sales": 37987,
        "Cost of goods sold": 30507,
        "Gross Profit": 7479,
        "Financial expenses": 21562,
        "Of which: Interest expense": 21562,
        "Cost of sales": 11,
        "Enterprise cost management": 3167,
        "Total Operating Expenses": 24740,
        "Total revenue financing activities": "N/A",
        "Net profit from business activities": -17261,
        "Profit": -430471,
        "Profit before tax": -447732,
        "Present corporate income tax expenses": "N/A",
        "Deferred income taxes expenses": "N/A",
        "The interests of minority shareholders": "N/A",
        "Total Cost of profits": 0,
        "Profit after tax corporate income": -447732,
        "Volume": 43338000,
        "Close of Quarter": 0.4,
        "EPS": -12271,
        "Non-adjusted EPS": -12271,
        "PE": -0.0,
        "Book Price": -28.5
      }
    },
    {
      "quarter": "Q2 2016",
      "income status": {
        "Net sales": 34928,
        "Cost of goods sold": 31194,
        "Gross Profit": 3735,
        "Financial expenses": 9584,
        "Of which: Interest expense": 9584,
        "Cost of sales": -14,
        "Enterprise cost management": 12260,
        "Total Operating Expenses": 21830,
        "Total revenue financing activities": 1441,
        "Net profit from business activities": -16655,
        "Profit": -2781,
        "Profit before tax": -19437,
        "Present corporate income tax expenses": "N/A",
        "Deferred income taxes expenses": "N/A",
        "The interests of minority shareholders": "N/A",
        "Total Cost of profits": 0,
        "Profit after tax corporate income": -19437,
        "Volume": 43338000,
        "Close of Quarter": 0.4,
        "EPS": -3426,
        "Non-adjusted EPS": -3426,
        "PE": -0.1,
        "Book Price": -18.2
      }
    },
    {
      "quarter": "Q1 2016",
      "income status": {
        "Net sales": 25133,
        "Cost of goods sold": 21934,
        "Gross Profit": 3199,
        "Financial expenses": 28752,
        "Of which: Interest expense": 28752,
        "Cost of sales": 126,
        "Enterprise cost management": 2412,
        "Total Operating Expenses": 31290,
        "Total revenue financing activities": "N/A",
        "Net profit from business activities": -28091,
        "Profit": -4653,
        "Profit before tax": -32744,
        "Present corporate income tax expenses": "N/A",
        "Deferred income taxes expenses": "N/A",
        "The interests of minority shareholders": "N/A",
        "Total Cost of profits": 0,
        "Profit after tax corporate income": -32744,
        "Volume": 43338000,
        "Close of Quarter": 1.1,
        "EPS": -4064,
        "Non-adjusted EPS": -4064,
        "PE": -0.3,
        "Book Price": -17.8
      }
    },
    {
      "quarter": "Q3 2015",
      "income status": {
        "Net sales": 26518,
        "Cost of goods sold": 23526,
        "Gross Profit": 2992,
        "Financial expenses": 28051,
        "Of which: Interest expense": 28051,
        "Cost of sales": 452,
        "Enterprise cost management": 3377,
        "Total Operating Expenses": 31880,
        "Total revenue financing activities": "N/A",
        "Net profit from business activities": -28888,
        "Profit": -2980,
        "Profit before tax": -31868,
        "Present corporate income tax expenses": "N/A",
        "Deferred income taxes expenses": "N/A",
        "The interests of minority shareholders": "N/A",
        "Total Cost of profits": 0,
        "Profit after tax corporate income": -31868,
        "Volume": 43338000,
        "Close of Quarter": 0.8,
        "EPS": -20286,
        "Non-adjusted EPS": -20286,
        "PE": -0.0,
        "Book Price": -15.3
      }
    },
    {
      "quarter": "Q2 2015",
      "income status": {
        "Net sales": 26724,
        "Cost of goods sold": 22262,
        "Gross Profit": 4462,
        "Financial expenses": 29792,
        "Of which: Interest expense": 29792,
        "Cost of sales": 372,
        "Enterprise cost management": 3947,
        "Total Operating Expenses": 34111,
        "Total revenue financing activities": "N/A",
        "Net profit from business activities": -29649,
        "Profit": -34772,
        "Profit before tax": -64421,
        "Present corporate income tax expenses": "N/A",
        "Deferred income taxes expenses": "N/A",
        "The interests of minority shareholders": "N/A",
        "Total Cost of profits": 0,
        "Profit after tax corporate income": -64421,
        "Volume": 43338000,
        "Close of Quarter": 1.3,
        "EPS": -20597,
        "Non-adjusted EPS": -20597,
        "PE": -0.1,
        "Book Price": -11.5
      }
    },
    {
      "quarter": "Q1 2015",
      "income status": {
        "Net sales": 20582,
        "Cost of goods sold": 22563,
        "Gross Profit": -1981,
        "Financial expenses": 30581,
        "Of which: Interest expense": 30577,
        "Cost of sales": 654,
        "Enterprise cost management": 4662,
        "Total Operating Expenses": 35897,
        "Total revenue financing activities": "N/A",
        "Net profit from business activities": -37878,
        "Profit": -9218,
        "Profit before tax": -47096,
        "Present corporate income tax expenses": "N/A",
        "Deferred income taxes expenses": "N/A",
        "The interests of minority shareholders": "N/A",
        "Total Cost of profits": 0,
        "Profit after tax corporate income": -47096,
        "Volume": 43338000,
        "Close of Quarter": 1.2,
        "EPS": -21502,
        "Non-adjusted EPS": -21502,
        "PE": -0.1,
        "Book Price": -10
      }
    },
    {
      "quarter": "Q4 2014",
      "income status": {
        "Net sales": 8722,
        "Cost of goods sold": 24103,
        "Gross Profit": -15381,
        "Financial expenses": 33280,
        "Of which: Interest expense": 31437,
        "Cost of sales": 1334,
        "Enterprise cost management": 5428,
        "Total Operating Expenses": 40042,
        "Total revenue financing activities": 2,
        "Net profit from business activities": -55421,
        "Profit": -680349,
        "Profit before tax": -735770,
        "Present corporate income tax expenses": "N/A",
        "Deferred income taxes expenses": "N/A",
        "The interests of minority shareholders": "N/A",
        "Total Cost of profits": 0,
        "Profit after tax corporate income": -735770,
        "Volume": 43338000,
        "Close of Quarter": 2.7,
        "EPS": -20597,
        "Non-adjusted EPS": -20597,
        "PE": -0.1,
        "Book Price": -8.5
      }
    },
    {
      "quarter": "Q3 2014",
      "income status": {
        "Net sales": 24493,
        "Cost of goods sold": 43800,
        "Gross Profit": -19307,
        "Financial expenses": 21177,
        "Of which: Interest expense": 21159,
        "Cost of sales": 3219,
        "Enterprise cost management": 5041,
        "Total Operating Expenses": 29437,
        "Total revenue financing activities": 19327,
        "Net profit from business activities": -29417,
        "Profit": -15914,
        "Profit before tax": -45331,
        "Present corporate income tax expenses": "N/A",
        "Deferred income taxes expenses": "N/A",
        "The interests of minority shareholders": "N/A",
        "Total Cost of profits": 0,
        "Profit after tax corporate income": -45331,
        "Volume": 43338000,
        "Close of Quarter": 4.4,
        "EPS": -3555,
        "Non-adjusted EPS": -3555,
        "PE": -1.2,
        "Book Price": 8.5
      }
    },
    {
      "quarter": "Q2 2014",
      "income status": {
        "Net sales": 16514,
        "Cost of goods sold": 25623,
        "Gross Profit": -9109,
        "Financial expenses": 36629,
        "Of which: Interest expense": -25582,
        "Cost of sales": 15428,
        "Enterprise cost management": 42447,
        "Total Operating Expenses": 94504,
        "Total revenue financing activities": 889,
        "Net profit from business activities": -102723,
        "Profit": -956,
        "Profit before tax": -103678,
        "Present corporate income tax expenses": "N/A",
        "Deferred income taxes expenses": "N/A",
        "The interests of minority shareholders": "N/A",
        "Total Cost of profits": 0,
        "Profit after tax corporate income": -103678,
        "Volume": 43338000,
        "Close of Quarter": 4.9,
        "EPS": -2371,
        "Non-adjusted EPS": -2371,
        "PE": -2.1,
        "Book Price": 9.5
      }
    },
    {
      "quarter": "Q1 2014",
      "income status": {
        "Net sales": 105387,
        "Cost of goods sold": 92855,
        "Gross Profit": 12532,
        "Financial expenses": 13125,
        "Of which: Interest expense": 73047,
        "Cost of sales": 7864,
        "Enterprise cost management": 5980,
        "Total Operating Expenses": 26969,
        "Total revenue financing activities": 851,
        "Net profit from business activities": -13587,
        "Profit": 5748,
        "Profit before tax": -7839,
        "Present corporate income tax expenses": "N/A",
        "Deferred income taxes expenses": "N/A",
        "The interests of minority shareholders": "N/A",
        "Total Cost of profits": 0,
        "Profit after tax corporate income": -7839,
        "Volume": 41940000,
        "Close of Quarter": 8,
        "EPS": 97.7,
        "Non-adjusted EPS": 101,
        "PE": 79.2,
        "Book Price": 10.4
      }
    },
    {
      "quarter": "Q4 2013",
      "income status": {
        "Net sales": 320696,
        "Cost of goods sold": 275212,
        "Gross Profit": 45484,
        "Financial expenses": 29226,
        "Of which: Interest expense": 28873,
        "Cost of sales": 15025,
        "Enterprise cost management": 94,
        "Total Operating Expenses": 44345,
        "Total revenue financing activities": 2210,
        "Net profit from business activities": 3348,
        "Profit": 155,
        "Profit before tax": 3503,
        "Present corporate income tax expenses": 748,
        "Deferred income taxes expenses": -11,
        "The interests of minority shareholders": "N/A",
        "Total Cost of profits": 737,
        "Profit after tax corporate income": 2767,
        "Volume": 27960000,
        "Close of Quarter": 6.2,
        "EPS": 518.1,
        "Non-adjusted EPS": 803,
        "PE": 7.7,
        "Book Price": 10.7
      }
    },
    {
      "quarter": "Q3 2013",
      "income status": {
        "Net sales": 372455,
        "Cost of goods sold": 320475,
        "Gross Profit": 51980,
        "Financial expenses": 18039,
        "Of which: Interest expense": 16754,
        "Cost of sales": 22243,
        "Enterprise cost management": 7934,
        "Total Operating Expenses": 48216,
        "Total revenue financing activities": 2859,
        "Net profit from business activities": 6623,
        "Profit": 168,
        "Profit before tax": 6792,
        "Present corporate income tax expenses": 1358,
        "Deferred income taxes expenses": -557,
        "The interests of minority shareholders": "N/A",
        "Total Cost of profits": 801,
        "Profit after tax corporate income": 5990,
        "Volume": 27960000,
        "Close of Quarter": 4.8,
        "EPS": 834.2,
        "Non-adjusted EPS": 1293,
        "PE": 3.7,
        "Book Price": 10.6
      }
    },
    {
      "quarter": "Q2 2013",
      "income status": {
        "Net sales": 431637,
        "Cost of goods sold": 366311,
        "Gross Profit": 65326,
        "Financial expenses": 26407,
        "Of which: Interest expense": 17396,
        "Cost of sales": 29049,
        "Enterprise cost management": 9128,
        "Total Operating Expenses": 64584,
        "Total revenue financing activities": 3028,
        "Net profit from business activities": 3770,
        "Profit": -281,
        "Profit before tax": 3488,
        "Present corporate income tax expenses": -342,
        "Deferred income taxes expenses": 510,
        "The interests of minority shareholders": "N/A",
        "Total Cost of profits": 168,
        "Profit after tax corporate income": 3321,
        "Volume": 27960000,
        "Close of Quarter": 6.3,
        "EPS": 1003.2,
        "Non-adjusted EPS": 1555,
        "PE": 4.0,
        "Book Price": 10.5
      }
    },
    {
      "quarter": "Q1 2013",
      "income status": {
        "Net sales": 385439,
        "Cost of goods sold": 329158,
        "Gross Profit": 56281,
        "Financial expenses": 15635,
        "Of which: Interest expense": 15881,
        "Cost of sales": 28450,
        "Enterprise cost management": 8108,
        "Total Operating Expenses": 52193,
        "Total revenue financing activities": 8857,
        "Net profit from business activities": 12944,
        "Profit": 170,
        "Profit before tax": 13114,
        "Present corporate income tax expenses": 2623,
        "Deferred income taxes expenses": 124,
        "The interests of minority shareholders": "N/A",
        "Total Cost of profits": 2747,
        "Profit after tax corporate income": 10367,
        "Volume": 27960000,
        "Close of Quarter": 6.2,
        "EPS": 1020,
        "Non-adjusted EPS": 1581,
        "PE": 3.9,
        "Book Price": 10.4
      }
    },
    {
      "quarter": "Q4 2012",
      "income status": {
        "Net sales": 456116,
        "Cost of goods sold": 367888,
        "Gross Profit": 88228,
        "Financial expenses": 19938,
        "Of which: Interest expense": 19347,
        "Cost of sales": 46601,
        "Enterprise cost management": 7590,
        "Total Operating Expenses": 74129,
        "Total revenue financing activities": 3887,
        "Net profit from business activities": 17986,
        "Profit": -866,
        "Profit before tax": 17120,
        "Present corporate income tax expenses": 1198,
        "Deferred income taxes expenses": -543,
        "The interests of minority shareholders": "N/A",
        "Total Cost of profits": 655,
        "Profit after tax corporate income": 16465,
        "Volume": 22500000,
        "Close of Quarter": 6.2,
        "EPS": 1111.0,
        "Non-adjusted EPS": 2140,
        "PE": 2.9,
        "Book Price": 10.5
      }
    },
    {
      "quarter": "Q3 2012",
      "income status": {
        "Net sales": 446140,
        "Cost of goods sold": 378121,
        "Gross Profit": 68019,
        "Financial expenses": 21467,
        "Of which: Interest expense": 20851,
        "Cost of sales": 28208,
        "Enterprise cost management": 7558,
        "Total Operating Expenses": 57233,
        "Total revenue financing activities": 2906,
        "Net profit from business activities": 13691,
        "Profit": 73,
        "Profit before tax": 13765,
        "Present corporate income tax expenses": 975,
        "Deferred income taxes expenses": -543,
        "The interests of minority shareholders": "N/A",
        "Total Cost of profits": 432,
        "Profit after tax corporate income": 13333,
        "Volume": 22500000,
        "Close of Quarter": 5.7,
        "EPS": 1465.1,
        "Non-adjusted EPS": 2822,
        "PE": 2.0,
        "Book Price": 8.8
      }
    },
    {
      "quarter": "Q2 2012",
      "income status": {
        "Net sales": 433568,
        "Cost of goods sold": 374749,
        "Gross Profit": 58819,
        "Financial expenses": 30349,
        "Of which: Interest expense": 27830,
        "Cost of sales": 26550,
        "Enterprise cost management": 14516,
        "Total Operating Expenses": 71415,
        "Total revenue financing activities": 16145,
        "Net profit from business activities": 3549,
        "Profit": -926,
        "Profit before tax": 2623,
        "Present corporate income tax expenses": -878,
        "Deferred income taxes expenses": -543,
        "The interests of minority shareholders": "N/A",
        "Total Cost of profits": -1421,
        "Profit after tax corporate income": 4045,
        "Volume": 22500000,
        "Close of Quarter": 8.7,
        "EPS": 1912.6,
        "Non-adjusted EPS": 3684,
        "PE": 2.4,
        "Book Price": 9.4
      }
    },
    {
      "quarter": "Q1 2012",
      "income status": {
        "Net sales": 537299,
        "Cost of goods sold": 459452,
        "Gross Profit": 77847,
        "Financial expenses": 26728,
        "Of which: Interest expense": 23601,
        "Cost of sales": 37718,
        "Enterprise cost management": 8525,
        "Total Operating Expenses": 72971,
        "Total revenue financing activities": 12112,
        "Net profit from business activities": 16987,
        "Profit": 150,
        "Profit before tax": 17138,
        "Present corporate income tax expenses": 2824,
        "Deferred income taxes expenses": "N/A",
        "The interests of minority shareholders": "N/A",
        "Total Cost of profits": 2824,
        "Profit after tax corporate income": 14314,
        "Volume": 22500000,
        "Close of Quarter": 8.5,
        "EPS": 2304.1,
        "Non-adjusted EPS": 4438,
        "PE": 1.9,
        "Book Price": 9.4
      }
    },
    {
      "quarter": "Q4 2011",
      "income status": {
        "Net sales": 550460,
        "Cost of goods sold": 453428,
        "Gross Profit": 97032,
        "Financial expenses": 44028,
        "Of which: Interest expense": 31903,
        "Cost of sales": 41969,
        "Enterprise cost management": 13229,
        "Total Operating Expenses": 99226,
        "Total revenue financing activities": 34110,
        "Net profit from business activities": 31916,
        "Profit": 170,
        "Profit before tax": 32085,
        "Present corporate income tax expenses": 280,
        "Deferred income taxes expenses": "N/A",
        "The interests of minority shareholders": "N/A",
        "Total Cost of profits": 280,
        "Profit after tax corporate income": 31805,
        "Volume": 22500000,
        "Close of Quarter": 7.4,
        "EPS": 2452.1,
        "Non-adjusted EPS": 4723,
        "PE": 1.6,
        "Book Price": 9.6
      }
    },
    {
      "quarter": "Q3 2011",
      "income status": {
        "Net sales": 536896,
        "Cost of goods sold": 438449,
        "Gross Profit": 98447,
        "Financial expenses": 26717,
        "Of which: Interest expense": 18597,
        "Cost of sales": 37106,
        "Enterprise cost management": 9532,
        "Total Operating Expenses": 73355,
        "Total revenue financing activities": 9858,
        "Net profit from business activities": 34951,
        "Profit": 198,
        "Profit before tax": 35149,
        "Present corporate income tax expenses": 2415,
        "Deferred income taxes expenses": "N/A",
        "The interests of minority shareholders": "N/A",
        "Total Cost of profits": 2415,
        "Profit after tax corporate income": 32734,
        "Volume": 22500000,
        "Close of Quarter": 9.6,
        "EPS": 2283.3,
        "Non-adjusted EPS": 4398,
        "PE": 2.2,
        "Book Price": 8.8
      }
    },
    {
      "quarter": "Q2 2011",
      "income status": {
        "Net sales": 485337,
        "Cost of goods sold": 406885,
        "Gross Profit": 78452,
        "Financial expenses": 31390,
        "Of which: Interest expense": 17976,
        "Cost of sales": 38842,
        "Enterprise cost management": 7430,
        "Total Operating Expenses": 77662,
        "Total revenue financing activities": 17410,
        "Net profit from business activities": 18200,
        "Profit": 484,
        "Profit before tax": 18684,
        "Present corporate income tax expenses": 1693,
        "Deferred income taxes expenses": "N/A",
        "The interests of minority shareholders": -4009,
        "Total Cost of profits": -2316,
        "Profit after tax corporate income": 20999,
        "Volume": 22500000,
        "Close of Quarter": 10.2,
        "EPS": 2128.1,
        "Non-adjusted EPS": 4099,
        "PE": 2.5,
        "Book Price": 8.9
      }
    },
    {
      "quarter": "Q1 2011",
      "income status": {
        "Net sales": 298799,
        "Cost of goods sold": 248618,
        "Gross Profit": 50181,
        "Financial expenses": 25735,
        "Of which: Interest expense": 20479,
        "Cost of sales": 18565,
        "Enterprise cost management": 6040,
        "Total Operating Expenses": 50340,
        "Total revenue financing activities": 21195,
        "Net profit from business activities": 21037,
        "Profit": 677,
        "Profit before tax": 21713,
        "Present corporate income tax expenses": 1563,
        "Deferred income taxes expenses": "N/A",
        "The interests of minority shareholders": -583,
        "Total Cost of profits": 980,
        "Profit after tax corporate income": 20733,
        "Volume": 22500000,
        "Close of Quarter": 12.3,
        "EPS": 2186.8,
        "Non-adjusted EPS": 4212,
        "PE": 2.9,
        "Book Price": 8.7
      }
    }
  ]
}