{
  "ticker": "SAM",
  "data": [
    {
      "quarter": "Q4 2016",
      "income status": {
        "Net sales": 516615,
        "Cost of goods sold": 464341,
        "Gross Profit": 52275,
        "Financial expenses": 23852,
        "Of which: Interest expense": 21689,
        "Cost of sales": 16850,
        "Enterprise cost management": 18240,
        "Total Operating Expenses": 58942,
        "Total revenue financing activities": 4905,
        "Net profit from business activities": -756,
        "Profit": -1202,
        "Profit before tax": -1958,
        "Present corporate income tax expenses": 5794,
        "Deferred income taxes expenses": -3869,
        "The interests of minority shareholders": -245,
        "Total Cost of profits": 1680,
        "Profit after tax corporate income": -3638,
        "Volume": 180235336,
        "Close of Quarter": 9.1,
        "EPS": 128,
        "Non-adjusted EPS": 128,
        "PE": 71.1,
        "Book Price": 13.7
      }
    },
    {
      "quarter": "Q3 2016",
      "income status": {
        "Net sales": 317519,
        "Cost of goods sold": 305397,
        "Gross Profit": 12122,
        "Financial expenses": 15325,
        "Of which: Interest expense": 13987,
        "Cost of sales": 8261,
        "Enterprise cost management": 12506,
        "Total Operating Expenses": 36092,
        "Total revenue financing activities": 979,
        "Net profit from business activities": -23182,
        "Profit": -2126,
        "Profit before tax": -25308,
        "Present corporate income tax expenses": 908,
        "Deferred income taxes expenses": 885,
        "The interests of minority shareholders": 58,
        "Total Cost of profits": 1851,
        "Profit after tax corporate income": -27158,
        "Volume": 180235336,
        "Close of Quarter": 8.2,
        "EPS": 327,
        "Non-adjusted EPS": 327,
        "PE": 25.1,
        "Book Price": 13.7
      }
    },
    {
      "quarter": "Q2 2016",
      "income status": {
        "Net sales": 568920,
        "Cost of goods sold": 529731,
        "Gross Profit": 39189,
        "Financial expenses": -6034,
        "Of which: Interest expense": 13771,
        "Cost of sales": 10024,
        "Enterprise cost management": 11342,
        "Total Operating Expenses": 15332,
        "Total revenue financing activities": 39106,
        "Net profit from business activities": 63654,
        "Profit": -388,
        "Profit before tax": 63266,
        "Present corporate income tax expenses": 4945,
        "Deferred income taxes expenses": 1758,
        "The interests of minority shareholders": -304,
        "Total Cost of profits": 6399,
        "Profit after tax corporate income": 56867,
        "Volume": 180235336,
        "Close of Quarter": 9,
        "EPS": 546,
        "Non-adjusted EPS": 546,
        "PE": 16.5,
        "Book Price": 13.9
      }
    },
    {
      "quarter": "Q1 2016",
      "income status": {
        "Net sales": 423902,
        "Cost of goods sold": 394290,
        "Gross Profit": 29612,
        "Financial expenses": 13449,
        "Of which: Interest expense": 12034,
        "Cost of sales": 9155,
        "Enterprise cost management": 9342,
        "Total Operating Expenses": 31946,
        "Total revenue financing activities": 678,
        "Net profit from business activities": -1436,
        "Profit": -247,
        "Profit before tax": -1683,
        "Present corporate income tax expenses": 1688,
        "Deferred income taxes expenses": -91,
        "The interests of minority shareholders": -248,
        "Total Cost of profits": 1349,
        "Profit after tax corporate income": -3033,
        "Volume": 180235336,
        "Close of Quarter": 9.9,
        "EPS": 325,
        "Non-adjusted EPS": 325,
        "PE": 30.5,
        "Book Price": 13.6
      }
    },
    {
      "quarter": "Q4 2015",
      "income status": {
        "Net sales": 620103,
        "Cost of goods sold": 544783,
        "Gross Profit": 75319,
        "Financial expenses": 13067,
        "Of which: Interest expense": 8836,
        "Cost of sales": 12786,
        "Enterprise cost management": 15119,
        "Total Operating Expenses": 40972,
        "Total revenue financing activities": 4488,
        "Net profit from business activities": 41204,
        "Profit": -3117,
        "Profit before tax": 38087,
        "Present corporate income tax expenses": 6279,
        "Deferred income taxes expenses": "N/A",
        "The interests of minority shareholders": -392,
        "Total Cost of profits": 5887,
        "Profit after tax corporate income": 32200,
        "Volume": 180235336,
        "Close of Quarter": 8.5,
        "EPS": 304,
        "Non-adjusted EPS": 304,
        "PE": 28.0,
        "Book Price": 13.7
      }
    },
    {
      "quarter": "Q3 2015",
      "income status": {
        "Net sales": 648647,
        "Cost of goods sold": 586503,
        "Gross Profit": 62144,
        "Financial expenses": 25589,
        "Of which: Interest expense": 6675,
        "Cost of sales": 7997,
        "Enterprise cost management": 10058,
        "Total Operating Expenses": 43644,
        "Total revenue financing activities": 4205,
        "Net profit from business activities": 19024,
        "Profit": -918,
        "Profit before tax": 18106,
        "Present corporate income tax expenses": 5653,
        "Deferred income taxes expenses": "N/A",
        "The interests of minority shareholders": "N/A",
        "Total Cost of profits": 5653,
        "Profit after tax corporate income": 12453,
        "Volume": 180235336,
        "Close of Quarter": 8,
        "EPS": 357,
        "Non-adjusted EPS": 357,
        "PE": 22.4,
        "Book Price": 13.5
      }
    },
    {
      "quarter": "Q2 2015",
      "income status": {
        "Net sales": 495718,
        "Cost of goods sold": 450960,
        "Gross Profit": 44757,
        "Financial expenses": 6258,
        "Of which: Interest expense": 6259,
        "Cost of sales": 11678,
        "Enterprise cost management": 9470,
        "Total Operating Expenses": 27406,
        "Total revenue financing activities": 2492,
        "Net profit from business activities": 23714,
        "Profit": -3850,
        "Profit before tax": 19864,
        "Present corporate income tax expenses": 3482,
        "Deferred income taxes expenses": "N/A",
        "The interests of minority shareholders": -575,
        "Total Cost of profits": 2907,
        "Profit after tax corporate income": 16956,
        "Volume": 138644528,
        "Close of Quarter": 9,
        "EPS": 323.1,
        "Non-adjusted EPS": 420,
        "PE": 21.4,
        "Book Price": 13.4
      }
    },
    {
      "quarter": "Q1 2015",
      "income status": {
        "Net sales": 443040,
        "Cost of goods sold": 420715,
        "Gross Profit": 22325,
        "Financial expenses": 6553,
        "Of which: Interest expense": 4941,
        "Cost of sales": 10991,
        "Enterprise cost management": 13804,
        "Total Operating Expenses": 31348,
        "Total revenue financing activities": 1988,
        "Net profit from business activities": -4189,
        "Profit": -2137,
        "Profit before tax": -6325,
        "Present corporate income tax expenses": 1135,
        "Deferred income taxes expenses": "N/A",
        "The interests of minority shareholders": -708,
        "Total Cost of profits": 427,
        "Profit after tax corporate income": -6753,
        "Volume": 130798432,
        "Close of Quarter": 9.9,
        "EPS": 296.8,
        "Non-adjusted EPS": 409,
        "PE": 24.1,
        "Book Price": 13.7
      }
    },
    {
      "quarter": "Q4 2014",
      "income status": {
        "Net sales": 541485,
        "Cost of goods sold": 460467,
        "Gross Profit": 81018,
        "Financial expenses": 8763,
        "Of which: Interest expense": 3318,
        "Cost of sales": 11799,
        "Enterprise cost management": 11994,
        "Total Operating Expenses": 32556,
        "Total revenue financing activities": 4237,
        "Net profit from business activities": 53619,
        "Profit": 361,
        "Profit before tax": 53980,
        "Present corporate income tax expenses": 12305,
        "Deferred income taxes expenses": "N/A",
        "The interests of minority shareholders": -1,
        "Total Cost of profits": 12304,
        "Profit after tax corporate income": 41676,
        "Volume": 130798432,
        "Close of Quarter": 9.0,
        "EPS": 415.1,
        "Non-adjusted EPS": 572,
        "PE": 15.8,
        "Book Price": 13.7
      }
    },
    {
      "quarter": "Q3 2014",
      "income status": {
        "Net sales": 293606,
        "Cost of goods sold": 262410,
        "Gross Profit": 31195,
        "Financial expenses": 3630,
        "Of which: Interest expense": 3630,
        "Cost of sales": 9896,
        "Enterprise cost management": 12965,
        "Total Operating Expenses": 26491,
        "Total revenue financing activities": 5528,
        "Net profit from business activities": 9806,
        "Profit": -432,
        "Profit before tax": 9374,
        "Present corporate income tax expenses": 3275,
        "Deferred income taxes expenses": "N/A",
        "The interests of minority shareholders": -311,
        "Total Cost of profits": 2964,
        "Profit after tax corporate income": 6410,
        "Volume": 130798432,
        "Close of Quarter": 9.3,
        "EPS": 394.8,
        "Non-adjusted EPS": 544,
        "PE": 17.1,
        "Book Price": 13.6
      }
    },
    {
      "quarter": "Q2 2014",
      "income status": {
        "Net sales": 495905,
        "Cost of goods sold": 455670,
        "Gross Profit": 40234,
        "Financial expenses": 6755,
        "Of which: Interest expense": 2331,
        "Cost of sales": 5575,
        "Enterprise cost management": 14031,
        "Total Operating Expenses": 26361,
        "Total revenue financing activities": 2927,
        "Net profit from business activities": 15527,
        "Profit": 1058,
        "Profit before tax": 16585,
        "Present corporate income tax expenses": 4815,
        "Deferred income taxes expenses": "N/A",
        "The interests of minority shareholders": -330,
        "Total Cost of profits": 4485,
        "Profit after tax corporate income": 12101,
        "Volume": 130798432,
        "Close of Quarter": 6.9,
        "EPS": 463,
        "Non-adjusted EPS": 638,
        "PE": 10.8,
        "Book Price": 13.5
      }
    },
    {
      "quarter": "Q1 2014",
      "income status": {
        "Net sales": 351889,
        "Cost of goods sold": 318824,
        "Gross Profit": 33065,
        "Financial expenses": -524,
        "Of which: Interest expense": 4194,
        "Cost of sales": 8734,
        "Enterprise cost management": 12518,
        "Total Operating Expenses": 20728,
        "Total revenue financing activities": 6850,
        "Net profit from business activities": 16997,
        "Profit": 1269,
        "Profit before tax": 18266,
        "Present corporate income tax expenses": 3948,
        "Deferred income taxes expenses": "N/A",
        "The interests of minority shareholders": -293,
        "Total Cost of profits": 3655,
        "Profit after tax corporate income": 14611,
        "Volume": 130798432,
        "Close of Quarter": 8.1,
        "EPS": 563.2,
        "Non-adjusted EPS": 776,
        "PE": 10.4,
        "Book Price": 13.9
      }
    },
    {
      "quarter": "Q4 2013",
      "income status": {
        "Net sales": 255126,
        "Cost of goods sold": 207907,
        "Gross Profit": 47219,
        "Financial expenses": 1619,
        "Of which: Interest expense": 1430,
        "Cost of sales": 1823,
        "Enterprise cost management": 8403,
        "Total Operating Expenses": 11845,
        "Total revenue financing activities": 5872,
        "Net profit from business activities": 41246,
        "Profit": -1336,
        "Profit before tax": 42022,
        "Present corporate income tax expenses": 4783,
        "Deferred income taxes expenses": "N/A",
        "The interests of minority shareholders": -846,
        "Total Cost of profits": 3937,
        "Profit after tax corporate income": 38085,
        "Volume": 130798432,
        "Close of Quarter": 5.5,
        "EPS": 669.1,
        "Non-adjusted EPS": 922,
        "PE": 6,
        "Book Price": 13.6
      }
    },
    {
      "quarter": "Q3 2013",
      "income status": {
        "Net sales": 232739,
        "Cost of goods sold": 199602,
        "Gross Profit": 33137,
        "Financial expenses": 6442,
        "Of which: Interest expense": 616,
        "Cost of sales": 8105,
        "Enterprise cost management": 11006,
        "Total Operating Expenses": 25553,
        "Total revenue financing activities": 10149,
        "Net profit from business activities": 17733,
        "Profit": -81,
        "Profit before tax": 22378,
        "Present corporate income tax expenses": 4225,
        "Deferred income taxes expenses": "N/A",
        "The interests of minority shareholders": -488,
        "Total Cost of profits": 3737,
        "Profit after tax corporate income": 18641,
        "Volume": 130798432,
        "Close of Quarter": 4.7,
        "EPS": 428.2,
        "Non-adjusted EPS": 590,
        "PE": 8.0,
        "Book Price": 13.4
      }
    },
    {
      "quarter": "Q2 2013",
      "income status": {
        "Net sales": 292343,
        "Cost of goods sold": 252809,
        "Gross Profit": 39534,
        "Financial expenses": 5587,
        "Of which: Interest expense": 66432,
        "Cost of sales": 7606,
        "Enterprise cost management": 8921,
        "Total Operating Expenses": 22114,
        "Total revenue financing activities": 13592,
        "Net profit from business activities": 31011,
        "Profit": 197,
        "Profit before tax": 34657,
        "Present corporate income tax expenses": 5177,
        "Deferred income taxes expenses": "N/A",
        "The interests of minority shareholders": -644,
        "Total Cost of profits": 4533,
        "Profit after tax corporate income": 30125,
        "Volume": 130798432,
        "Close of Quarter": 4.9,
        "EPS": 195.2,
        "Non-adjusted EPS": 269,
        "PE": 18.4,
        "Book Price": 13.3
      }
    },
    {
      "quarter": "Q1 2013",
      "income status": {
        "Net sales": 214260,
        "Cost of goods sold": 180749,
        "Gross Profit": 33511,
        "Financial expenses": -28698,
        "Of which: Interest expense": 4471,
        "Cost of sales": 7307,
        "Enterprise cost management": 12634,
        "Total Operating Expenses": -8757,
        "Total revenue financing activities": 6199,
        "Net profit from business activities": 48466,
        "Profit": 3,
        "Profit before tax": 35756,
        "Present corporate income tax expenses": 2848,
        "Deferred income taxes expenses": "N/A",
        "The interests of minority shareholders": -863,
        "Total Cost of profits": 1985,
        "Profit after tax corporate income": 33771,
        "Volume": 130798432,
        "Close of Quarter": 4.9,
        "EPS": 583.5,
        "Non-adjusted EPS": 804,
        "PE": 6.1,
        "Book Price": 13.1
      }
    },
    {
      "quarter": "Q4 2012",
      "income status": {
        "Net sales": 154661,
        "Cost of goods sold": 155453,
        "Gross Profit": -792,
        "Financial expenses": -11948,
        "Of which: Interest expense": 4385,
        "Cost of sales": 11576,
        "Enterprise cost management": 6182,
        "Total Operating Expenses": 5810,
        "Total revenue financing activities": 31491,
        "Net profit from business activities": 24888,
        "Profit": 393,
        "Profit before tax": -3976,
        "Present corporate income tax expenses": 2026,
        "Deferred income taxes expenses": "N/A",
        "The interests of minority shareholders": -689,
        "Total Cost of profits": 1337,
        "Profit after tax corporate income": -5313,
        "Volume": 130798432,
        "Close of Quarter": 4.9,
        "EPS": 604.5,
        "Non-adjusted EPS": 833,
        "PE": 5.9,
        "Book Price": 13.0
      }
    },
    {
      "quarter": "Q3 2012",
      "income status": {
        "Net sales": 207368,
        "Cost of goods sold": 171521,
        "Gross Profit": 35847,
        "Financial expenses": 31450,
        "Of which: Interest expense": 3321,
        "Cost of sales": 17762,
        "Enterprise cost management": 7425,
        "Total Operating Expenses": 56637,
        "Total revenue financing activities": 1826,
        "Net profit from business activities": -18964,
        "Profit": 860,
        "Profit before tax": -21157,
        "Present corporate income tax expenses": 2233,
        "Deferred income taxes expenses": "N/A",
        "The interests of minority shareholders": -39,
        "Total Cost of profits": 2194,
        "Profit after tax corporate income": -23351,
        "Volume": 130798432,
        "Close of Quarter": 4.3,
        "EPS": 209,
        "Non-adjusted EPS": 288,
        "PE": 14.9,
        "Book Price": 13.1
      }
    },
    {
      "quarter": "Q2 2012",
      "income status": {
        "Net sales": 419839,
        "Cost of goods sold": 278644,
        "Gross Profit": 141195,
        "Financial expenses": -2477,
        "Of which: Interest expense": 3491,
        "Cost of sales": 7026,
        "Enterprise cost management": 10942,
        "Total Operating Expenses": 15491,
        "Total revenue financing activities": 1003,
        "Net profit from business activities": 126707,
        "Profit": -203,
        "Profit before tax": 126580,
        "Present corporate income tax expenses": 26666,
        "Deferred income taxes expenses": "N/A",
        "The interests of minority shareholders": -78,
        "Total Cost of profits": 26588,
        "Profit after tax corporate income": 99992,
        "Volume": 130798432,
        "Close of Quarter": 5.1,
        "EPS": 343.3,
        "Non-adjusted EPS": 473,
        "PE": 10.9,
        "Book Price": 13.1
      }
    },
    {
      "quarter": "Q1 2012",
      "income status": {
        "Net sales": 115622,
        "Cost of goods sold": 98276,
        "Gross Profit": 17346,
        "Financial expenses": -32719,
        "Of which: Interest expense": 7198,
        "Cost of sales": 5562,
        "Enterprise cost management": 9443,
        "Total Operating Expenses": -17714,
        "Total revenue financing activities": 2325,
        "Net profit from business activities": 37386,
        "Profit": 183,
        "Profit before tax": 38265,
        "Present corporate income tax expenses": 671,
        "Deferred income taxes expenses": "N/A",
        "The interests of minority shareholders": 14,
        "Total Cost of profits": 685,
        "Profit after tax corporate income": 37580,
        "Volume": 130798432,
        "Close of Quarter": 3.9,
        "EPS": -710.5,
        "Non-adjusted EPS": -979,
        "PE": -4.0,
        "Book Price": 12.6
      }
    },
    {
      "quarter": "Q4 2011",
      "income status": {
        "Net sales": 284591,
        "Cost of goods sold": 253468,
        "Gross Profit": 31123,
        "Financial expenses": 71899,
        "Of which: Interest expense": 5094,
        "Cost of sales": 12232,
        "Enterprise cost management": 21192,
        "Total Operating Expenses": 105323,
        "Total revenue financing activities": 4139,
        "Net profit from business activities": -70060,
        "Profit": 280,
        "Profit before tax": -74983,
        "Present corporate income tax expenses": 1669,
        "Deferred income taxes expenses": "N/A",
        "The interests of minority shareholders": -107,
        "Total Cost of profits": 1562,
        "Profit after tax corporate income": -76546,
        "Volume": 130798432,
        "Close of Quarter": 2.8,
        "EPS": -1044.3,
        "Non-adjusted EPS": -1439,
        "PE": -2.0,
        "Book Price": 12.3
      }
    },
    {
      "quarter": "Q3 2011",
      "income status": {
        "Net sales": 151398,
        "Cost of goods sold": 128089,
        "Gross Profit": 23309,
        "Financial expenses": 9670,
        "Of which: Interest expense": 2657,
        "Cost of sales": 6104,
        "Enterprise cost management": 12905,
        "Total Operating Expenses": 28679,
        "Total revenue financing activities": 6200,
        "Net profit from business activities": 831,
        "Profit": 855,
        "Profit before tax": 1656,
        "Present corporate income tax expenses": -24,
        "Deferred income taxes expenses": "N/A",
        "The interests of minority shareholders": 844,
        "Total Cost of profits": 820,
        "Profit after tax corporate income": 836,
        "Volume": 130798432,
        "Close of Quarter": 4.5,
        "EPS": -698.9,
        "Non-adjusted EPS": -963,
        "PE": -4.7,
        "Book Price": 12.8
      }
    },
    {
      "quarter": "Q2 2011",
      "income status": {
        "Net sales": 165710,
        "Cost of goods sold": 147251,
        "Gross Profit": 18459,
        "Financial expenses": 91646,
        "Of which: Interest expense": 2480,
        "Cost of sales": 9574,
        "Enterprise cost management": 11525,
        "Total Operating Expenses": 112745,
        "Total revenue financing activities": 8309,
        "Net profit from business activities": -85977,
        "Profit": "N/A",
        "Profit before tax": -87927,
        "Present corporate income tax expenses": 1598,
        "Deferred income taxes expenses": "N/A",
        "The interests of minority shareholders": 455,
        "Total Cost of profits": 2053,
        "Profit after tax corporate income": -89981,
        "Volume": 65399216,
        "Close of Quarter": 4.8,
        "EPS": -425.6,
        "Non-adjusted EPS": -1173,
        "PE": -4.1,
        "Book Price": 12.8
      }
    },
    {
      "quarter": "Q1 2011",
      "income status": {
        "Net sales": 130256,
        "Cost of goods sold": 110067,
        "Gross Profit": 20189,
        "Financial expenses": 45027,
        "Of which: Interest expense": 1273,
        "Cost of sales": 5084,
        "Enterprise cost management": 7097,
        "Total Operating Expenses": 57208,
        "Total revenue financing activities": 12710,
        "Net profit from business activities": -24309,
        "Profit": "N/A",
        "Profit before tax": -21773,
        "Present corporate income tax expenses": 3,
        "Deferred income taxes expenses": "N/A",
        "The interests of minority shareholders": 801,
        "Total Cost of profits": 804,
        "Profit after tax corporate income": -22577,
        "Volume": 64319216,
        "Close of Quarter": 4.7,
        "EPS": 345.1,
        "Non-adjusted EPS": 967,
        "PE": 4.8,
        "Book Price": 13.4
      }
    }
  ]
}