{
  "ticker": "DC4",
  "data": [
    {
      "quarter": "Q4 2016",
      "income status": {
        "Net sales": 43612,
        "Cost of goods sold": 37972,
        "Gross Profit": 5639,
        "Financial expenses": 966,
        "Of which: Interest expense": 980,
        "Cost of sales": 73,
        "Enterprise cost management": 3501,
        "Total Operating Expenses": 4540,
        "Total revenue financing activities": 4,
        "Net profit from business activities": 1103,
        "Profit": -315,
        "Profit before tax": 789,
        "Present corporate income tax expenses": 230,
        "Deferred income taxes expenses": "N/A",
        "The interests of minority shareholders": "N/A",
        "Total Cost of profits": 230,
        "Profit after tax corporate income": 558,
        "Volume": 5512061,
        "Close of Quarter": 7.6,
        "EPS": 1238,
        "Non-adjusted EPS": 1238,
        "PE": 6.1,
        "Book Price": 15.1
      }
    },
    {
      "quarter": "Q3 2016",
      "income status": {
        "Net sales": 27504,
        "Cost of goods sold": 23392,
        "Gross Profit": 4112,
        "Financial expenses": 857,
        "Of which: Interest expense": 847,
        "Cost of sales": 31,
        "Enterprise cost management": 1721,
        "Total Operating Expenses": 2609,
        "Total revenue financing activities": 6,
        "Net profit from business activities": 1510,
        "Profit": 9,
        "Profit before tax": 1519,
        "Present corporate income tax expenses": 310,
        "Deferred income taxes expenses": "N/A",
        "The interests of minority shareholders": "N/A",
        "Total Cost of profits": 310,
        "Profit after tax corporate income": 1209,
        "Volume": 5512061,
        "Close of Quarter": 7.2,
        "EPS": 1793,
        "Non-adjusted EPS": 1793,
        "PE": 4.0,
        "Book Price": 15
      }
    },
    {
      "quarter": "Q2 2016",
      "income status": {
        "Net sales": 69832,
        "Cost of goods sold": 65223,
        "Gross Profit": 4610,
        "Financial expenses": 947,
        "Of which: Interest expense": 940,
        "Cost of sales": 35,
        "Enterprise cost management": 1959,
        "Total Operating Expenses": 2941,
        "Total revenue financing activities": 503,
        "Net profit from business activities": 2172,
        "Profit": -14,
        "Profit before tax": 2158,
        "Present corporate income tax expenses": 444,
        "Deferred income taxes expenses": "N/A",
        "The interests of minority shareholders": "N/A",
        "Total Cost of profits": 444,
        "Profit after tax corporate income": 1714,
        "Volume": 5512061,
        "Close of Quarter": 8.3,
        "EPS": 1689,
        "Non-adjusted EPS": 1689,
        "PE": 4.9,
        "Book Price": 14.9
      }
    },
    {
      "quarter": "Q1 2016",
      "income status": {
        "Net sales": 78143,
        "Cost of goods sold": 71627,
        "Gross Profit": 6516,
        "Financial expenses": 983,
        "Of which: Interest expense": 983,
        "Cost of sales": 142,
        "Enterprise cost management": 1009,
        "Total Operating Expenses": 2134,
        "Total revenue financing activities": 7,
        "Net profit from business activities": 4388,
        "Profit": -91,
        "Profit before tax": 4297,
        "Present corporate income tax expenses": 953,
        "Deferred income taxes expenses": "N/A",
        "The interests of minority shareholders": "N/A",
        "Total Cost of profits": 953,
        "Profit after tax corporate income": 3344,
        "Volume": 5512061,
        "Close of Quarter": 5.9,
        "EPS": 1385,
        "Non-adjusted EPS": 1385,
        "PE": 4.3,
        "Book Price": 15.5
      }
    },
    {
      "quarter": "Q4 2015",
      "income status": {
        "Net sales": 115682,
        "Cost of goods sold": 102089,
        "Gross Profit": 13594,
        "Financial expenses": 1503,
        "Of which: Interest expense": 1492,
        "Cost of sales": 824,
        "Enterprise cost management": 6122,
        "Total Operating Expenses": 8449,
        "Total revenue financing activities": 9,
        "Net profit from business activities": 5154,
        "Profit": -305,
        "Profit before tax": 4849,
        "Present corporate income tax expenses": 1232,
        "Deferred income taxes expenses": "N/A",
        "The interests of minority shareholders": "N/A",
        "Total Cost of profits": 1232,
        "Profit after tax corporate income": 3617,
        "Volume": 5512061,
        "Close of Quarter": 8.3,
        "EPS": 785,
        "Non-adjusted EPS": 785,
        "PE": 10.6,
        "Book Price": 14.9
      }
    },
    {
      "quarter": "Q3 2015",
      "income status": {
        "Net sales": 32461,
        "Cost of goods sold": 27864,
        "Gross Profit": 4597,
        "Financial expenses": 838,
        "Of which: Interest expense": 838,
        "Cost of sales": 838,
        "Enterprise cost management": 2089,
        "Total Operating Expenses": 3765,
        "Total revenue financing activities": 4,
        "Net profit from business activities": 836,
        "Profit": -12,
        "Profit before tax": 824,
        "Present corporate income tax expenses": 190,
        "Deferred income taxes expenses": "N/A",
        "The interests of minority shareholders": "N/A",
        "Total Cost of profits": 190,
        "Profit after tax corporate income": 633,
        "Volume": 5249846,
        "Close of Quarter": 5.9,
        "EPS": 308.6,
        "Non-adjusted EPS": 324,
        "PE": 18.2,
        "Book Price": 14.2
      }
    },
    {
      "quarter": "Q2 2015",
      "income status": {
        "Net sales": 49778,
        "Cost of goods sold": 42682,
        "Gross Profit": 7096,
        "Financial expenses": 911,
        "Of which: Interest expense": 911,
        "Cost of sales": 255,
        "Enterprise cost management": 5509,
        "Total Operating Expenses": 6675,
        "Total revenue financing activities": -14,
        "Net profit from business activities": 406,
        "Profit": -159,
        "Profit before tax": 247,
        "Present corporate income tax expenses": 210,
        "Deferred income taxes expenses": "N/A",
        "The interests of minority shareholders": "N/A",
        "Total Cost of profits": 210,
        "Profit after tax corporate income": 38,
        "Volume": 5249846,
        "Close of Quarter": 6.3,
        "EPS": 341.0,
        "Non-adjusted EPS": 358,
        "PE": 17.5,
        "Book Price": 14.1
      }
    },
    {
      "quarter": "Q1 2015",
      "income status": {
        "Net sales": 55853,
        "Cost of goods sold": 52550,
        "Gross Profit": 3303,
        "Financial expenses": 678,
        "Of which: Interest expense": 678,
        "Cost of sales": 82,
        "Enterprise cost management": 2483,
        "Total Operating Expenses": 3243,
        "Total revenue financing activities": 39,
        "Net profit from business activities": 100,
        "Profit": -41,
        "Profit before tax": 59,
        "Present corporate income tax expenses": 21,
        "Deferred income taxes expenses": "N/A",
        "The interests of minority shareholders": "N/A",
        "Total Cost of profits": 21,
        "Profit after tax corporate income": 38,
        "Volume": 5249846,
        "Close of Quarter": 6.5,
        "EPS": 510.5,
        "Non-adjusted EPS": 536,
        "PE": 12.2,
        "Book Price": 14.7
      }
    },
    {
      "quarter": "Q4 2014",
      "income status": {
        "Net sales": 83095,
        "Cost of goods sold": 75054,
        "Gross Profit": 8041,
        "Financial expenses": 718,
        "Of which: Interest expense": 698,
        "Cost of sales": 556,
        "Enterprise cost management": 4534,
        "Total Operating Expenses": 5808,
        "Total revenue financing activities": 5,
        "Net profit from business activities": 2238,
        "Profit": -936,
        "Profit before tax": 1301,
        "Present corporate income tax expenses": 309,
        "Deferred income taxes expenses": "N/A",
        "The interests of minority shareholders": "N/A",
        "Total Cost of profits": 309,
        "Profit after tax corporate income": 992,
        "Volume": 5249846,
        "Close of Quarter": 6.6,
        "EPS": 824.8,
        "Non-adjusted EPS": 866,
        "PE": 7.6,
        "Book Price": 14.7
      }
    },
    {
      "quarter": "Q3 2014",
      "income status": {
        "Net sales": 66214,
        "Cost of goods sold": 63044,
        "Gross Profit": 3171,
        "Financial expenses": 1922,
        "Of which: Interest expense": 1922,
        "Cost of sales": 225,
        "Enterprise cost management": 2272,
        "Total Operating Expenses": 4419,
        "Total revenue financing activities": 28,
        "Net profit from business activities": -1220,
        "Profit": 2202,
        "Profit before tax": 981,
        "Present corporate income tax expenses": 171,
        "Deferred income taxes expenses": "N/A",
        "The interests of minority shareholders": "N/A",
        "Total Cost of profits": 171,
        "Profit after tax corporate income": 811,
        "Volume": 5000000,
        "Close of Quarter": 6.8,
        "EPS": 1289.9,
        "Non-adjusted EPS": 1422,
        "PE": 4.8,
        "Book Price": 14.6
      }
    },
    {
      "quarter": "Q2 2014",
      "income status": {
        "Net sales": 67846,
        "Cost of goods sold": 61515,
        "Gross Profit": 6331,
        "Financial expenses": 395,
        "Of which: Interest expense": 374,
        "Cost of sales": 127,
        "Enterprise cost management": 3691,
        "Total Operating Expenses": 4213,
        "Total revenue financing activities": -6,
        "Net profit from business activities": 2113,
        "Profit": -719,
        "Profit before tax": 1394,
        "Present corporate income tax expenses": 421,
        "Deferred income taxes expenses": "N/A",
        "The interests of minority shareholders": "N/A",
        "Total Cost of profits": 421,
        "Profit after tax corporate income": 973,
        "Volume": 5000000,
        "Close of Quarter": 6.1,
        "EPS": 1405.1,
        "Non-adjusted EPS": 1549,
        "PE": 3.9,
        "Book Price": 14.0
      }
    },
    {
      "quarter": "Q1 2014",
      "income status": {
        "Net sales": 44283,
        "Cost of goods sold": 37809,
        "Gross Profit": 6474,
        "Financial expenses": 618,
        "Of which: Interest expense": 618,
        "Cost of sales": 218,
        "Enterprise cost management": 3709,
        "Total Operating Expenses": 4545,
        "Total revenue financing activities": 47,
        "Net profit from business activities": 1976,
        "Profit": -2,
        "Profit before tax": 1974,
        "Present corporate income tax expenses": 205,
        "Deferred income taxes expenses": "N/A",
        "The interests of minority shareholders": "N/A",
        "Total Cost of profits": 205,
        "Profit after tax corporate income": 1768,
        "Volume": 4900500,
        "Close of Quarter": 6.9,
        "EPS": 1524.7,
        "Non-adjusted EPS": 1715,
        "PE": 4.0,
        "Book Price": 14.8
      }
    },
    {
      "quarter": "Q4 2013",
      "income status": {
        "Net sales": 123379,
        "Cost of goods sold": 113446,
        "Gross Profit": 9933,
        "Financial expenses": 502,
        "Of which: Interest expense": 643,
        "Cost of sales": 21,
        "Enterprise cost management": 5112,
        "Total Operating Expenses": 5635,
        "Total revenue financing activities": 87,
        "Net profit from business activities": 4384,
        "Profit": 24,
        "Profit before tax": 4408,
        "Present corporate income tax expenses": 848,
        "Deferred income taxes expenses": "N/A",
        "The interests of minority shareholders": "N/A",
        "Total Cost of profits": 848,
        "Profit after tax corporate income": 3559,
        "Volume": 4900500,
        "Close of Quarter": 5.1,
        "EPS": 1474.1,
        "Non-adjusted EPS": 1658,
        "PE": 3.1,
        "Book Price": 14.5
      }
    },
    {
      "quarter": "Q3 2013",
      "income status": {
        "Net sales": 41535,
        "Cost of goods sold": 36163,
        "Gross Profit": 5372,
        "Financial expenses": 434,
        "Of which: Interest expense": 434,
        "Cost of sales": 34,
        "Enterprise cost management": 3442,
        "Total Operating Expenses": 3910,
        "Total revenue financing activities": 2,
        "Net profit from business activities": 1464,
        "Profit": -19,
        "Profit before tax": 1446,
        "Present corporate income tax expenses": "N/A",
        "Deferred income taxes expenses": "N/A",
        "The interests of minority shareholders": "N/A",
        "Total Cost of profits": 0,
        "Profit after tax corporate income": 1446,
        "Volume": 4900500,
        "Close of Quarter": 4.3,
        "EPS": 1111.3,
        "Non-adjusted EPS": 1250,
        "PE": 3.5,
        "Book Price": 14.0
      }
    },
    {
      "quarter": "Q2 2013",
      "income status": {
        "Net sales": 62705,
        "Cost of goods sold": 58227,
        "Gross Profit": 4478,
        "Financial expenses": 174,
        "Of which: Interest expense": 83,
        "Cost of sales": 41,
        "Enterprise cost management": 2365,
        "Total Operating Expenses": 2580,
        "Total revenue financing activities": 254,
        "Net profit from business activities": 2152,
        "Profit": -13,
        "Profit before tax": 2139,
        "Present corporate income tax expenses": 509,
        "Deferred income taxes expenses": "N/A",
        "The interests of minority shareholders": "N/A",
        "Total Cost of profits": 509,
        "Profit after tax corporate income": 1630,
        "Volume": 4900500,
        "Close of Quarter": 4.2,
        "EPS": 1126.4,
        "Non-adjusted EPS": 1267,
        "PE": 3.3,
        "Book Price": 13.7
      }
    },
    {
      "quarter": "Q1 2013",
      "income status": {
        "Net sales": 41856,
        "Cost of goods sold": 37740,
        "Gross Profit": 4115,
        "Financial expenses": 182,
        "Of which: Interest expense": 289,
        "Cost of sales": 10,
        "Enterprise cost management": 1891,
        "Total Operating Expenses": 2083,
        "Total revenue financing activities": 96,
        "Net profit from business activities": 2128,
        "Profit": -177,
        "Profit before tax": 1952,
        "Present corporate income tax expenses": 459,
        "Deferred income taxes expenses": "N/A",
        "The interests of minority shareholders": "N/A",
        "Total Cost of profits": 459,
        "Profit after tax corporate income": 1492,
        "Volume": 4900500,
        "Close of Quarter": 4.8,
        "EPS": 1298.0,
        "Non-adjusted EPS": 1460,
        "PE": 3.3,
        "Book Price": 14.5
      }
    },
    {
      "quarter": "Q4 2012",
      "income status": {
        "Net sales": 103255,
        "Cost of goods sold": 97350,
        "Gross Profit": 5905,
        "Financial expenses": 308,
        "Of which: Interest expense": 356,
        "Cost of sales": 4,
        "Enterprise cost management": 4586,
        "Total Operating Expenses": 4898,
        "Total revenue financing activities": 177,
        "Net profit from business activities": 1183,
        "Profit": 66,
        "Profit before tax": 1249,
        "Present corporate income tax expenses": -309,
        "Deferred income taxes expenses": "N/A",
        "The interests of minority shareholders": "N/A",
        "Total Cost of profits": -309,
        "Profit after tax corporate income": 1558,
        "Volume": 4900500,
        "Close of Quarter": 4.3,
        "EPS": 1396.7,
        "Non-adjusted EPS": 1571,
        "PE": 2.7,
        "Book Price": 14.2
      }
    },
    {
      "quarter": "Q3 2012",
      "income status": {
        "Net sales": 24612,
        "Cost of goods sold": 21248,
        "Gross Profit": 3365,
        "Financial expenses": 602,
        "Of which: Interest expense": 602,
        "Cost of sales": 38,
        "Enterprise cost management": 1666,
        "Total Operating Expenses": 2306,
        "Total revenue financing activities": 626,
        "Net profit from business activities": 1686,
        "Profit": -6,
        "Profit before tax": 1679,
        "Present corporate income tax expenses": 151,
        "Deferred income taxes expenses": "N/A",
        "The interests of minority shareholders": "N/A",
        "Total Cost of profits": 151,
        "Profit after tax corporate income": 1528,
        "Volume": 4900500,
        "Close of Quarter": 3.9,
        "EPS": 1656.3,
        "Non-adjusted EPS": 1863,
        "PE": 2.1,
        "Book Price": 14.0
      }
    },
    {
      "quarter": "Q2 2012",
      "income status": {
        "Net sales": 35857,
        "Cost of goods sold": 30570,
        "Gross Profit": 5287,
        "Financial expenses": 58,
        "Of which: Interest expense": 43,
        "Cost of sales": 711,
        "Enterprise cost management": 1585,
        "Total Operating Expenses": 2354,
        "Total revenue financing activities": 571,
        "Net profit from business activities": 3504,
        "Profit": -280,
        "Profit before tax": 3224,
        "Present corporate income tax expenses": 648,
        "Deferred income taxes expenses": "N/A",
        "The interests of minority shareholders": "N/A",
        "Total Cost of profits": 648,
        "Profit after tax corporate income": 2576,
        "Volume": 4900500,
        "Close of Quarter": 4.4,
        "EPS": 1913.2,
        "Non-adjusted EPS": 2152,
        "PE": 2.0,
        "Book Price": 13.7
      }
    },
    {
      "quarter": "Q1 2012",
      "income status": {
        "Net sales": 37671,
        "Cost of goods sold": 33617,
        "Gross Profit": 4053,
        "Financial expenses": "N/A",
        "Of which: Interest expense": "N/A",
        "Cost of sales": 336,
        "Enterprise cost management": 1930,
        "Total Operating Expenses": 2266,
        "Total revenue financing activities": 896,
        "Net profit from business activities": 2683,
        "Profit": -7,
        "Profit before tax": 2676,
        "Present corporate income tax expenses": 639,
        "Deferred income taxes expenses": "N/A",
        "The interests of minority shareholders": "N/A",
        "Total Cost of profits": 639,
        "Profit after tax corporate income": 2037,
        "Volume": 4900500,
        "Close of Quarter": 4.8,
        "EPS": 1979.9,
        "Non-adjusted EPS": 2227,
        "PE": 2.2,
        "Book Price": 14.6
      }
    },
    {
      "quarter": "Q4 2011",
      "income status": {
        "Net sales": 62176,
        "Cost of goods sold": 57769,
        "Gross Profit": 4408,
        "Financial expenses": 544,
        "Of which: Interest expense": 145,
        "Cost of sales": 866,
        "Enterprise cost management": 2067,
        "Total Operating Expenses": 3477,
        "Total revenue financing activities": 1937,
        "Net profit from business activities": 2868,
        "Profit": -35,
        "Profit before tax": 2833,
        "Present corporate income tax expenses": -157,
        "Deferred income taxes expenses": "N/A",
        "The interests of minority shareholders": "N/A",
        "Total Cost of profits": -157,
        "Profit after tax corporate income": 2990,
        "Volume": 4900500,
        "Close of Quarter": 3.0,
        "EPS": 1807.4,
        "Non-adjusted EPS": 2033,
        "PE": 1.5,
        "Book Price": 14.3
      }
    },
    {
      "quarter": "Q3 2011",
      "income status": {
        "Net sales": 58627,
        "Cost of goods sold": 55622,
        "Gross Profit": 3005,
        "Financial expenses": 181,
        "Of which: Interest expense": 149,
        "Cost of sales": 280,
        "Enterprise cost management": 1527,
        "Total Operating Expenses": 1988,
        "Total revenue financing activities": 2702,
        "Net profit from business activities": 3720,
        "Profit": 105,
        "Profit before tax": 3824,
        "Present corporate income tax expenses": 883,
        "Deferred income taxes expenses": "N/A",
        "The interests of minority shareholders": "N/A",
        "Total Cost of profits": 883,
        "Profit after tax corporate income": 2942,
        "Volume": 4900500,
        "Close of Quarter": 4.1,
        "EPS": 2202.2,
        "Non-adjusted EPS": 2477,
        "PE": 1.6,
        "Book Price": 13.8
      }
    },
    {
      "quarter": "Q2 2011",
      "income status": {
        "Net sales": 58627,
        "Cost of goods sold": 55622,
        "Gross Profit": 3005,
        "Financial expenses": 181,
        "Of which: Interest expense": 149,
        "Cost of sales": 280,
        "Enterprise cost management": 1527,
        "Total Operating Expenses": 1988,
        "Total revenue financing activities": 2702,
        "Net profit from business activities": 3720,
        "Profit": 105,
        "Profit before tax": 3824,
        "Present corporate income tax expenses": 883,
        "Deferred income taxes expenses": "N/A",
        "The interests of minority shareholders": "N/A",
        "Total Cost of profits": 883,
        "Profit after tax corporate income": 2942,
        "Volume": 4900500,
        "Close of Quarter": 4.2,
        "EPS": 2186.2,
        "Non-adjusted EPS": 2459,
        "PE": 1.7,
        "Book Price": 13.8
      }
    },
    {
      "quarter": "Q1 2011",
      "income status": {
        "Net sales": 30193,
        "Cost of goods sold": 27894,
        "Gross Profit": 2300,
        "Financial expenses": 840,
        "Of which: Interest expense": 173,
        "Cost of sales": 206,
        "Enterprise cost management": 1248,
        "Total Operating Expenses": 2294,
        "Total revenue financing activities": 1368,
        "Net profit from business activities": 1374,
        "Profit": -4,
        "Profit before tax": 1371,
        "Present corporate income tax expenses": 280,
        "Deferred income taxes expenses": "N/A",
        "The interests of minority shareholders": "N/A",
        "Total Cost of profits": 280,
        "Profit after tax corporate income": 1091,
        "Volume": 4900500,
        "Close of Quarter": 5.4,
        "EPS": 1901.7,
        "Non-adjusted EPS": 2139,
        "PE": 2.5,
        "Book Price": 14.5
      }
    }
  ]
}