{
  "ticker": "PVX",
  "data": [
    {
      "quarter": "Q4 2016",
      "income status": {
        "Net sales": 2124494,
        "Cost of goods sold": 2079955,
        "Gross Profit": 44539,
        "Financial expenses": 57350,
        "Of which: Interest expense": 35695,
        "Cost of sales": 5983,
        "Enterprise cost management": 214621,
        "Total Operating Expenses": 277954,
        "Total revenue financing activities": 26122,
        "Net profit from business activities": -215411,
        "Profit": 107644,
        "Profit before tax": -107767,
        "Present corporate income tax expenses": 278,
        "Deferred income taxes expenses": -291,
        "The interests of minority shareholders": 24003,
        "Total Cost of profits": 23990,
        "Profit after tax corporate income": -131757,
        "Volume": 400000000,
        "Close of Quarter": 2.4,
        "EPS": 343,
        "Non-adjusted EPS": 343,
        "PE": 7,
        "Book Price": 7.5
      }
    },
    {
      "quarter": "Q3 2016",
      "income status": {
        "Net sales": 2310844,
        "Cost of goods sold": 2236706,
        "Gross Profit": 74139,
        "Financial expenses": -70938,
        "Of which: Interest expense": 19649,
        "Cost of sales": 12,
        "Enterprise cost management": 49916,
        "Total Operating Expenses": -21010,
        "Total revenue financing activities": 16002,
        "Net profit from business activities": 111677,
        "Profit": 7556,
        "Profit before tax": 119233,
        "Present corporate income tax expenses": 3060,
        "Deferred income taxes expenses": -291,
        "The interests of minority shareholders": -4245,
        "Total Cost of profits": -1476,
        "Profit after tax corporate income": 120710,
        "Volume": 400000000,
        "Close of Quarter": 2.5,
        "EPS": 740,
        "Non-adjusted EPS": 740,
        "PE": 3.4,
        "Book Price": 7.8
      }
    },
    {
      "quarter": "Q2 2016",
      "income status": {
        "Net sales": 2607934,
        "Cost of goods sold": 2470203,
        "Gross Profit": 137731,
        "Financial expenses": 50327,
        "Of which: Interest expense": 46821,
        "Cost of sales": 3049,
        "Enterprise cost management": -52647,
        "Total Operating Expenses": 729,
        "Total revenue financing activities": 16041,
        "Net profit from business activities": 145353,
        "Profit": 608,
        "Profit before tax": 145961,
        "Present corporate income tax expenses": 9978,
        "Deferred income taxes expenses": -1774,
        "The interests of minority shareholders": -165,
        "Total Cost of profits": 8039,
        "Profit after tax corporate income": 137923,
        "Volume": 400000000,
        "Close of Quarter": 2.2,
        "EPS": 482,
        "Non-adjusted EPS": 482,
        "PE": 4.6,
        "Book Price": 7.5
      }
    },
    {
      "quarter": "Q1 2016",
      "income status": {
        "Net sales": 2279887,
        "Cost of goods sold": 2132222,
        "Gross Profit": 147665,
        "Financial expenses": 40826,
        "Of which: Interest expense": 28312,
        "Cost of sales": 340,
        "Enterprise cost management": 92830,
        "Total Operating Expenses": 133996,
        "Total revenue financing activities": 7694,
        "Net profit from business activities": 20549,
        "Profit": -332,
        "Profit before tax": 20217,
        "Present corporate income tax expenses": 9820,
        "Deferred income taxes expenses": -291,
        "The interests of minority shareholders": 419,
        "Total Cost of profits": 9948,
        "Profit after tax corporate income": 10269,
        "Volume": 400000000,
        "Close of Quarter": 2.7,
        "EPS": 143,
        "Non-adjusted EPS": 143,
        "PE": 18.9,
        "Book Price": 7.5
      }
    },
    {
      "quarter": "Q4 2015",
      "income status": {
        "Net sales": 3774326,
        "Cost of goods sold": 3552228,
        "Gross Profit": 222098,
        "Financial expenses": -17244,
        "Of which: Interest expense": 31913,
        "Cost of sales": 11649,
        "Enterprise cost management": 172969,
        "Total Operating Expenses": 167374,
        "Total revenue financing activities": 8961,
        "Net profit from business activities": 60470,
        "Profit": -2666,
        "Profit before tax": 57803,
        "Present corporate income tax expenses": 25429,
        "Deferred income taxes expenses": -291,
        "The interests of minority shareholders": 5434,
        "Total Cost of profits": 30572,
        "Profit after tax corporate income": 27232,
        "Volume": 400000000,
        "Close of Quarter": 3.1,
        "EPS": 129,
        "Non-adjusted EPS": 129,
        "PE": 24.0,
        "Book Price": 7.1
      }
    },
    {
      "quarter": "Q3 2015",
      "income status": {
        "Net sales": 2449117,
        "Cost of goods sold": 2334475,
        "Gross Profit": 114642,
        "Financial expenses": 52942,
        "Of which: Interest expense": 33829,
        "Cost of sales": 384,
        "Enterprise cost management": 80630,
        "Total Operating Expenses": 133956,
        "Total revenue financing activities": 32810,
        "Net profit from business activities": 13196,
        "Profit": 950,
        "Profit before tax": 14147,
        "Present corporate income tax expenses": 5132,
        "Deferred income taxes expenses": -194,
        "The interests of minority shareholders": -8364,
        "Total Cost of profits": -3426,
        "Profit after tax corporate income": 17573,
        "Volume": 400000000,
        "Close of Quarter": 2.9,
        "EPS": 869,
        "Non-adjusted EPS": 869,
        "PE": 3.3,
        "Book Price": 7
      }
    },
    {
      "quarter": "Q2 2015",
      "income status": {
        "Net sales": 2835569,
        "Cost of goods sold": 2686579,
        "Gross Profit": 148991,
        "Financial expenses": 20303,
        "Of which: Interest expense": 26465,
        "Cost of sales": 440,
        "Enterprise cost management": 97470,
        "Total Operating Expenses": 118213,
        "Total revenue financing activities": 14426,
        "Net profit from business activities": 20670,
        "Profit": -1818,
        "Profit before tax": 18853,
        "Present corporate income tax expenses": 19120,
        "Deferred income taxes expenses": -4249,
        "The interests of minority shareholders": 1897,
        "Total Cost of profits": 16768,
        "Profit after tax corporate income": 2085,
        "Volume": 400000000,
        "Close of Quarter": 4,
        "EPS": 1201,
        "Non-adjusted EPS": 1201,
        "PE": 3.3,
        "Book Price": 7.1
      }
    },
    {
      "quarter": "Q1 2015",
      "income status": {
        "Net sales": 2568362,
        "Cost of goods sold": 2454697,
        "Gross Profit": 113665,
        "Financial expenses": 71967,
        "Of which: Interest expense": 28717,
        "Cost of sales": 122,
        "Enterprise cost management": 40856,
        "Total Operating Expenses": 112945,
        "Total revenue financing activities": 13598,
        "Net profit from business activities": 14318,
        "Profit": 781,
        "Profit before tax": 15100,
        "Present corporate income tax expenses": 9506,
        "Deferred income taxes expenses": -291,
        "The interests of minority shareholders": 1033,
        "Total Cost of profits": 10248,
        "Profit after tax corporate income": 4852,
        "Volume": 400000000,
        "Close of Quarter": 4.5,
        "EPS": 716,
        "Non-adjusted EPS": 716,
        "PE": 6.3,
        "Book Price": 6.3
      }
    },
    {
      "quarter": "Q4 2014",
      "income status": {
        "Net sales": 3456662,
        "Cost of goods sold": 3305947,
        "Gross Profit": 150715,
        "Financial expenses": -91150,
        "Of which: Interest expense": 40259,
        "Cost of sales": 12886,
        "Enterprise cost management": 85064,
        "Total Operating Expenses": 6800,
        "Total revenue financing activities": 171042,
        "Net profit from business activities": 316388,
        "Profit": 34345,
        "Profit before tax": 350732,
        "Present corporate income tax expenses": 10988,
        "Deferred income taxes expenses": 1701,
        "The interests of minority shareholders": 14897,
        "Total Cost of profits": 27586,
        "Profit after tax corporate income": 323146,
        "Volume": 400000000,
        "Close of Quarter": 4.8,
        "EPS": 295,
        "Non-adjusted EPS": 295,
        "PE": 16.3,
        "Book Price": 7.2
      }
    },
    {
      "quarter": "Q3 2014",
      "income status": {
        "Net sales": 2724305,
        "Cost of goods sold": 2601420,
        "Gross Profit": 122885,
        "Financial expenses": -130626,
        "Of which: Interest expense": 43922,
        "Cost of sales": 176,
        "Enterprise cost management": 96040,
        "Total Operating Expenses": -34410,
        "Total revenue financing activities": 11905,
        "Net profit from business activities": 168691,
        "Profit": 6483,
        "Profit before tax": 175174,
        "Present corporate income tax expenses": 14555,
        "Deferred income taxes expenses": -291,
        "The interests of minority shareholders": 10588,
        "Total Cost of profits": 24852,
        "Profit after tax corporate income": 150322,
        "Volume": 400000000,
        "Close of Quarter": 6.8,
        "EPS": -2289,
        "Non-adjusted EPS": -2289,
        "PE": -3.0,
        "Book Price": 6.5
      }
    },
    {
      "quarter": "Q2 2014",
      "income status": {
        "Net sales": 1596767,
        "Cost of goods sold": 1541297,
        "Gross Profit": 55470,
        "Financial expenses": 255336,
        "Of which: Interest expense": -39104,
        "Cost of sales": 2235,
        "Enterprise cost management": 306628,
        "Total Operating Expenses": 564199,
        "Total revenue financing activities": 295945,
        "Net profit from business activities": -223950,
        "Profit": 27043,
        "Profit before tax": -196908,
        "Present corporate income tax expenses": 11951,
        "Deferred income taxes expenses": 17342,
        "The interests of minority shareholders": -34202,
        "Total Cost of profits": -4909,
        "Profit after tax corporate income": -191999,
        "Volume": 400000000,
        "Close of Quarter": 4.2,
        "EPS": -3098,
        "Non-adjusted EPS": -3098,
        "PE": -1.4,
        "Book Price": 6
      }
    },
    {
      "quarter": "Q1 2014",
      "income status": {
        "Net sales": 1382155,
        "Cost of goods sold": 1337184,
        "Gross Profit": 44970,
        "Financial expenses": 94312,
        "Of which: Interest expense": 72256,
        "Cost of sales": 1957,
        "Enterprise cost management": 128270,
        "Total Operating Expenses": 224539,
        "Total revenue financing activities": 12010,
        "Net profit from business activities": -167560,
        "Profit": -19260,
        "Profit before tax": -186820,
        "Present corporate income tax expenses": 6142,
        "Deferred income taxes expenses": -291,
        "The interests of minority shareholders": -29304,
        "Total Cost of profits": -23453,
        "Profit after tax corporate income": -163367,
        "Volume": 400000000,
        "Close of Quarter": 6.9,
        "EPS": -5604,
        "Non-adjusted EPS": -5604,
        "PE": -1.2,
        "Book Price": 6.4
      }
    },
    {
      "quarter": "Q4 2013",
      "income status": {
        "Net sales": 1669979,
        "Cost of goods sold": 1568821,
        "Gross Profit": 101159,
        "Financial expenses": 281323,
        "Of which: Interest expense": 192542,
        "Cost of sales": 3832,
        "Enterprise cost management": 603268,
        "Total Operating Expenses": 888423,
        "Total revenue financing activities": -1639,
        "Net profit from business activities": -788903,
        "Profit": -56936,
        "Profit before tax": -853016,
        "Present corporate income tax expenses": 2328,
        "Deferred income taxes expenses": 170,
        "The interests of minority shareholders": -145039,
        "Total Cost of profits": -142541,
        "Profit after tax corporate income": -710475,
        "Volume": 400000000,
        "Close of Quarter": 3,
        "EPS": -5275,
        "Non-adjusted EPS": -5275,
        "PE": -0.6,
        "Book Price": 2
      }
    },
    {
      "quarter": "Q3 2013",
      "income status": {
        "Net sales": 1631708,
        "Cost of goods sold": 1532047,
        "Gross Profit": 99661,
        "Financial expenses": 106614,
        "Of which: Interest expense": 63527,
        "Cost of sales": 5959,
        "Enterprise cost management": 178458,
        "Total Operating Expenses": 291031,
        "Total revenue financing activities": 13286,
        "Net profit from business activities": -178084,
        "Profit": -8664,
        "Profit before tax": -187582,
        "Present corporate income tax expenses": 11607,
        "Deferred income taxes expenses": -364,
        "The interests of minority shareholders": -25605,
        "Total Cost of profits": -14362,
        "Profit after tax corporate income": -173219,
        "Volume": 400000000,
        "Close of Quarter": 3,
        "EPS": -5013,
        "Non-adjusted EPS": -5013,
        "PE": -0.6,
        "Book Price": 3.8
      }
    },
    {
      "quarter": "Q2 2013",
      "income status": {
        "Net sales": 741786,
        "Cost of goods sold": 1277698,
        "Gross Profit": -535912,
        "Financial expenses": 383581,
        "Of which: Interest expense": 169401,
        "Cost of sales": 4203,
        "Enterprise cost management": 488619,
        "Total Operating Expenses": 876403,
        "Total revenue financing activities": 33181,
        "Net profit from business activities": -1379133,
        "Profit": -111344,
        "Profit before tax": -1507227,
        "Present corporate income tax expenses": 2817,
        "Deferred income taxes expenses": -7076,
        "The interests of minority shareholders": -308517,
        "Total Cost of profits": -312776,
        "Profit after tax corporate income": -1194451,
        "Volume": 400000000,
        "Close of Quarter": 5,
        "EPS": -4616,
        "Non-adjusted EPS": -4616,
        "PE": -1.1,
        "Book Price": 4
      }
    },
    {
      "quarter": "Q1 2013",
      "income status": {
        "Net sales": 1052905,
        "Cost of goods sold": 985567,
        "Gross Profit": 67338,
        "Financial expenses": 114735,
        "Of which: Interest expense": 94580,
        "Cost of sales": 2475,
        "Enterprise cost management": 35265,
        "Total Operating Expenses": 152475,
        "Total revenue financing activities": 18114,
        "Net profit from business activities": -67023,
        "Profit": -5788,
        "Profit before tax": -72810,
        "Present corporate income tax expenses": 2547,
        "Deferred income taxes expenses": -364,
        "The interests of minority shareholders": -43122,
        "Total Cost of profits": -40939,
        "Profit after tax corporate income": -31871,
        "Volume": 400000000,
        "Close of Quarter": 5.3,
        "EPS": -2816,
        "Non-adjusted EPS": -2816,
        "PE": -1.9,
        "Book Price": 5.9
      }
    },
    {
      "quarter": "Q4 2012",
      "income status": {
        "Net sales": 1702109,
        "Cost of goods sold": 1739311,
        "Gross Profit": -37202,
        "Financial expenses": 178994,
        "Of which: Interest expense": 80830,
        "Cost of sales": 3001,
        "Enterprise cost management": 494191,
        "Total Operating Expenses": 676186,
        "Total revenue financing activities": 28845,
        "Net profit from business activities": -684544,
        "Profit": 21726,
        "Profit before tax": -662818,
        "Present corporate income tax expenses": 6872,
        "Deferred income taxes expenses": -233,
        "The interests of minority shareholders": -63950,
        "Total Cost of profits": -57311,
        "Profit after tax corporate income": -605507,
        "Volume": 400000000,
        "Close of Quarter": 5.6,
        "EPS": -2719,
        "Non-adjusted EPS": -2719,
        "PE": -2.1,
        "Book Price": 8
      }
    },
    {
      "quarter": "Q3 2012",
      "income status": {
        "Net sales": 932044,
        "Cost of goods sold": 799696,
        "Gross Profit": 132347,
        "Financial expenses": 124647,
        "Of which: Interest expense": 87455,
        "Cost of sales": 1596,
        "Enterprise cost management": 121585,
        "Total Operating Expenses": 247828,
        "Total revenue financing activities": 27230,
        "Net profit from business activities": -88250,
        "Profit": -5963,
        "Profit before tax": -94189,
        "Present corporate income tax expenses": 2067,
        "Deferred income taxes expenses": 186,
        "The interests of minority shareholders": -81957,
        "Total Cost of profits": -79704,
        "Profit after tax corporate income": -14486,
        "Volume": 400000000,
        "Close of Quarter": 4.4,
        "EPS": -845,
        "Non-adjusted EPS": -845,
        "PE": -5.2,
        "Book Price": 9.3
      }
    },
    {
      "quarter": "Q2 2012",
      "income status": {
        "Net sales": 1170634,
        "Cost of goods sold": 1366795,
        "Gross Profit": -196161,
        "Financial expenses": 218056,
        "Of which: Interest expense": 178139,
        "Cost of sales": 3873,
        "Enterprise cost management": 296715,
        "Total Operating Expenses": 518644,
        "Total revenue financing activities": 49882,
        "Net profit from business activities": -664924,
        "Profit": -16523,
        "Profit before tax": -716348,
        "Present corporate income tax expenses": 19413,
        "Deferred income taxes expenses": 26350,
        "The interests of minority shareholders": -287652,
        "Total Cost of profits": -241889,
        "Profit after tax corporate income": -474459,
        "Volume": 400000000,
        "Close of Quarter": 9.6,
        "EPS": -742,
        "Non-adjusted EPS": -742,
        "PE": -12.9,
        "Book Price": 9.5
      }
    },
    {
      "quarter": "Q1 2012",
      "income status": {
        "Net sales": 1100211,
        "Cost of goods sold": 958666,
        "Gross Profit": 141545,
        "Financial expenses": 67668,
        "Of which: Interest expense": 61914,
        "Cost of sales": 3331,
        "Enterprise cost management": 87945,
        "Total Operating Expenses": 158944,
        "Total revenue financing activities": 24562,
        "Net profit from business activities": 7164,
        "Profit": 4190,
        "Profit before tax": 12825,
        "Present corporate income tax expenses": 4763,
        "Deferred income taxes expenses": 576,
        "The interests of minority shareholders": 824,
        "Total Cost of profits": 6163,
        "Profit after tax corporate income": 6662,
        "Volume": 250000000,
        "Close of Quarter": 10.3,
        "EPS": 489.4,
        "Non-adjusted EPS": 783,
        "PE": 13.2,
        "Book Price": 10.9
      }
    },
    {
      "quarter": "Q4 2011",
      "income status": {
        "Net sales": 2721931,
        "Cost of goods sold": 2277183,
        "Gross Profit": 444749,
        "Financial expenses": 93351,
        "Of which: Interest expense": 75887,
        "Cost of sales": 4901,
        "Enterprise cost management": 203390,
        "Total Operating Expenses": 301642,
        "Total revenue financing activities": 72798,
        "Net profit from business activities": 215904,
        "Profit": 13206,
        "Profit before tax": 622247,
        "Present corporate income tax expenses": 55969,
        "Deferred income taxes expenses": -4885,
        "The interests of minority shareholders": 33934,
        "Total Cost of profits": 85018,
        "Profit after tax corporate income": 144093,
        "Volume": 250000000,
        "Close of Quarter": 6.8,
        "EPS": 806.3,
        "Non-adjusted EPS": 1290,
        "PE": 5.3,
        "Book Price": 7.8
      }
    },
    {
      "quarter": "Q3 2011",
      "income status": {
        "Net sales": 2152089,
        "Cost of goods sold": 1918278,
        "Gross Profit": 233810,
        "Financial expenses": 67887,
        "Of which: Interest expense": 30766,
        "Cost of sales": 2804,
        "Enterprise cost management": 159513,
        "Total Operating Expenses": 230204,
        "Total revenue financing activities": 83076,
        "Net profit from business activities": 86683,
        "Profit": 5333,
        "Profit before tax": 393136,
        "Present corporate income tax expenses": 26083,
        "Deferred income taxes expenses": -366,
        "The interests of minority shareholders": 39831,
        "Total Cost of profits": 65548,
        "Profit after tax corporate income": 26736,
        "Volume": 250000000,
        "Close of Quarter": 10.9,
        "EPS": 820.6,
        "Non-adjusted EPS": 1313,
        "PE": 8.3,
        "Book Price": 7.5
      }
    },
    {
      "quarter": "Q2 2011",
      "income status": {
        "Net sales": 2134683,
        "Cost of goods sold": 1798112,
        "Gross Profit": 336570,
        "Financial expenses": 105236,
        "Of which: Interest expense": 99023,
        "Cost of sales": 3174,
        "Enterprise cost management": 217137,
        "Total Operating Expenses": 325547,
        "Total revenue financing activities": 76619,
        "Net profit from business activities": 87643,
        "Profit": -2003,
        "Profit before tax": 96672,
        "Present corporate income tax expenses": 30379,
        "Deferred income taxes expenses": -2104,
        "The interests of minority shareholders": 50208,
        "Total Cost of profits": 78483,
        "Profit after tax corporate income": 18189,
        "Volume": 250000000,
        "Close of Quarter": 11.2,
        "EPS": 1026.3,
        "Non-adjusted EPS": 1642,
        "PE": 6.9,
        "Book Price": 7.5
      }
    },
    {
      "quarter": "Q1 2011",
      "income status": {
        "Net sales": 2476213,
        "Cost of goods sold": 2190122,
        "Gross Profit": 286091,
        "Financial expenses": 63791,
        "Of which: Interest expense": 71921,
        "Cost of sales": 5511,
        "Enterprise cost management": 145487,
        "Total Operating Expenses": 214789,
        "Total revenue financing activities": 129959,
        "Net profit from business activities": 201261,
        "Profit": 2918,
        "Profit before tax": 208712,
        "Present corporate income tax expenses": 37679,
        "Deferred income taxes expenses": -13382,
        "The interests of minority shareholders": 50930,
        "Total Cost of profits": 75227,
        "Profit after tax corporate income": 133485,
        "Volume": 250000000,
        "Close of Quarter": 15.6,
        "EPS": 1906.3,
        "Non-adjusted EPS": 3050,
        "PE": 5.1,
        "Book Price": 7.6
      }
    }
  ]
}