{
  "ticker": "SGS",
  "data": [
    {
      "quarter": "Q4 2016",
      "income status": {
        "Net sales": 25536,
        "Cost of goods sold": 21988,
        "Gross Profit": 3549,
        "Financial expenses": 63,
        "Of which: Interest expense": 81,
        "Cost of sales": "N/A",
        "Enterprise cost management": 2014,
        "Total Operating Expenses": 2077,
        "Total revenue financing activities": 1644,
        "Net profit from business activities": 4853,
        "Profit": -69,
        "Profit before tax": 4783,
        "Present corporate income tax expenses": 884,
        "Deferred income taxes expenses": "N/A",
        "The interests of minority shareholders": 270,
        "Total Cost of profits": 1154,
        "Profit after tax corporate income": 3630,
        "Volume": 14420000,
        "Close of Quarter": 13.3,
        "EPS": 1202,
        "Non-adjusted EPS": 1202,
        "PE": 11.1,
        "Book Price": 12.4
      }
    },
    {
      "quarter": "Q3 2016",
      "income status": {
        "Net sales": 24573,
        "Cost of goods sold": 20206,
        "Gross Profit": 4367,
        "Financial expenses": 93,
        "Of which: Interest expense": 93,
        "Cost of sales": "N/A",
        "Enterprise cost management": 1588,
        "Total Operating Expenses": 1681,
        "Total revenue financing activities": 174,
        "Net profit from business activities": 4961,
        "Profit": 7,
        "Profit before tax": 4968,
        "Present corporate income tax expenses": "N/A",
        "Deferred income taxes expenses": "N/A",
        "The interests of minority shareholders": 248,
        "Total Cost of profits": 248,
        "Profit after tax corporate income": 4720,
        "Volume": 14420000,
        "Close of Quarter": 8.5,
        "EPS": 1112,
        "Non-adjusted EPS": 1112,
        "PE": 7.6,
        "Book Price": 12.2
      }
    },
    {
      "quarter": "Q2 2016",
      "income status": {
        "Net sales": 24136,
        "Cost of goods sold": 20290,
        "Gross Profit": 3845,
        "Financial expenses": 109,
        "Of which: Interest expense": 101,
        "Cost of sales": "N/A",
        "Enterprise cost management": 1536,
        "Total Operating Expenses": 1645,
        "Total revenue financing activities": 886,
        "Net profit from business activities": 4719,
        "Profit": 32,
        "Profit before tax": 4752,
        "Present corporate income tax expenses": 99,
        "Deferred income taxes expenses": "N/A",
        "The interests of minority shareholders": 155,
        "Total Cost of profits": 254,
        "Profit after tax corporate income": 4497,
        "Volume": 14420000,
        "Close of Quarter": 7.5,
        "EPS": 1255,
        "Non-adjusted EPS": 1255,
        "PE": 6.0,
        "Book Price": 12
      }
    },
    {
      "quarter": "Q1 2016",
      "income status": {
        "Net sales": 20979,
        "Cost of goods sold": 17091,
        "Gross Profit": 3888,
        "Financial expenses": 105,
        "Of which: Interest expense": 103,
        "Cost of sales": "N/A",
        "Enterprise cost management": 1527,
        "Total Operating Expenses": 1632,
        "Total revenue financing activities": 1043,
        "Net profit from business activities": 4467,
        "Profit": 19,
        "Profit before tax": 4486,
        "Present corporate income tax expenses": "N/A",
        "Deferred income taxes expenses": "N/A",
        "The interests of minority shareholders": "N/A",
        "Total Cost of profits": 0,
        "Profit after tax corporate income": 4486,
        "Volume": 14420000,
        "Close of Quarter": 6.5,
        "EPS": 1079,
        "Non-adjusted EPS": 1079,
        "PE": 6.0,
        "Book Price": 11.9
      }
    },
    {
      "quarter": "Q3 2015",
      "income status": {
        "Net sales": 23650,
        "Cost of goods sold": 19739,
        "Gross Profit": 3911,
        "Financial expenses": 610,
        "Of which: Interest expense": 130,
        "Cost of sales": "N/A",
        "Enterprise cost management": 1605,
        "Total Operating Expenses": 2215,
        "Total revenue financing activities": 486,
        "Net profit from business activities": 2182,
        "Profit": 175,
        "Profit before tax": 2357,
        "Present corporate income tax expenses": "N/A",
        "Deferred income taxes expenses": "N/A",
        "The interests of minority shareholders": 24,
        "Total Cost of profits": 24,
        "Profit after tax corporate income": 2333,
        "Volume": 14420000,
        "Close of Quarter": 9.5,
        "EPS": 1029,
        "Non-adjusted EPS": 1029,
        "PE": 9.2,
        "Book Price": 11.2
      }
    },
    {
      "quarter": "Q2 2015",
      "income status": {
        "Net sales": 25033,
        "Cost of goods sold": 20119,
        "Gross Profit": 4915,
        "Financial expenses": 155,
        "Of which: Interest expense": 312,
        "Cost of sales": "N/A",
        "Enterprise cost management": 1552,
        "Total Operating Expenses": 1707,
        "Total revenue financing activities": 3645,
        "Net profit from business activities": 6900,
        "Profit": -23,
        "Profit before tax": 6877,
        "Present corporate income tax expenses": "N/A",
        "Deferred income taxes expenses": "N/A",
        "The interests of minority shareholders": 89,
        "Total Cost of profits": 89,
        "Profit after tax corporate income": 6788,
        "Volume": 14420000,
        "Close of Quarter": 5,
        "EPS": 2175,
        "Non-adjusted EPS": 2175,
        "PE": 2.3,
        "Book Price": 11.1
      }
    },
    {
      "quarter": "Q1 2015",
      "income status": {
        "Net sales": 23429,
        "Cost of goods sold": 19552,
        "Gross Profit": 3877,
        "Financial expenses": 251,
        "Of which: Interest expense": "N/A",
        "Cost of sales": "N/A",
        "Enterprise cost management": 1550,
        "Total Operating Expenses": 1801,
        "Total revenue financing activities": 382,
        "Net profit from business activities": 1950,
        "Profit": -2,
        "Profit before tax": 1949,
        "Present corporate income tax expenses": "N/A",
        "Deferred income taxes expenses": "N/A",
        "The interests of minority shareholders": "N/A",
        "Total Cost of profits": 0,
        "Profit after tax corporate income": 1949,
        "Volume": 14420000,
        "Close of Quarter": 7.4,
        "EPS": 1431,
        "Non-adjusted EPS": 1431,
        "PE": 5.2,
        "Book Price": 10.6
      }
    },
    {
      "quarter": "Q3 2014",
      "income status": {
        "Net sales": 29641,
        "Cost of goods sold": 25359,
        "Gross Profit": 4281,
        "Financial expenses": 502,
        "Of which: Interest expense": 233,
        "Cost of sales": "N/A",
        "Enterprise cost management": 1716,
        "Total Operating Expenses": 2218,
        "Total revenue financing activities": 1351,
        "Net profit from business activities": 3846,
        "Profit": -32,
        "Profit before tax": 3814,
        "Present corporate income tax expenses": "N/A",
        "Deferred income taxes expenses": "N/A",
        "The interests of minority shareholders": 52,
        "Total Cost of profits": 52,
        "Profit after tax corporate income": 3762,
        "Volume": 14420000,
        "Close of Quarter": 4.7,
        "EPS": 1664,
        "Non-adjusted EPS": 1664,
        "PE": 2.8,
        "Book Price": 9.6
      }
    },
    {
      "quarter": "Q2 2014",
      "income status": {
        "Net sales": 38169,
        "Cost of goods sold": 35026,
        "Gross Profit": 3144,
        "Financial expenses": -1351,
        "Of which: Interest expense": -2035,
        "Cost of sales": "N/A",
        "Enterprise cost management": 1892,
        "Total Operating Expenses": 541,
        "Total revenue financing activities": 10182,
        "Net profit from business activities": 14565,
        "Profit": -2270,
        "Profit before tax": 12295,
        "Present corporate income tax expenses": "N/A",
        "Deferred income taxes expenses": -6733,
        "The interests of minority shareholders": 170,
        "Total Cost of profits": -6563,
        "Profit after tax corporate income": 18858,
        "Volume": 14420000,
        "Close of Quarter": 8.6,
        "EPS": 1187,
        "Non-adjusted EPS": 1187,
        "PE": 7.3,
        "Book Price": 9.4
      }
    },
    {
      "quarter": "Q1 2014",
      "income status": {
        "Net sales": 31816,
        "Cost of goods sold": 32097,
        "Gross Profit": -281,
        "Financial expenses": 2508,
        "Of which: Interest expense": 2508,
        "Cost of sales": "N/A",
        "Enterprise cost management": 1792,
        "Total Operating Expenses": 4300,
        "Total revenue financing activities": 649,
        "Net profit from business activities": -3932,
        "Profit": 7,
        "Profit before tax": -3925,
        "Present corporate income tax expenses": "N/A",
        "Deferred income taxes expenses": "N/A",
        "The interests of minority shareholders": 5,
        "Total Cost of profits": 5,
        "Profit after tax corporate income": -3930,
        "Volume": 14420000,
        "Close of Quarter": 4.5,
        "EPS": 177,
        "Non-adjusted EPS": 177,
        "PE": 25.4,
        "Book Price": 8.3
      }
    },
    {
      "quarter": "Q4 2013",
      "income status": {
        "Net sales": 32912,
        "Cost of goods sold": 32932,
        "Gross Profit": -20,
        "Financial expenses": 2492,
        "Of which: Interest expense": 2606,
        "Cost of sales": "N/A",
        "Enterprise cost management": 1914,
        "Total Operating Expenses": 4406,
        "Total revenue financing activities": -4935,
        "Net profit from business activities": 1853,
        "Profit": 1999,
        "Profit before tax": 3852,
        "Present corporate income tax expenses": "N/A",
        "Deferred income taxes expenses": -1395,
        "The interests of minority shareholders": -52,
        "Total Cost of profits": -1447,
        "Profit after tax corporate income": 5299,
        "Volume": 14420000,
        "Close of Quarter": 1.8,
        "EPS": 450,
        "Non-adjusted EPS": 450,
        "PE": 4,
        "Book Price": 8.2
      }
    },
    {
      "quarter": "Q3 2013",
      "income status": {
        "Net sales": 37826,
        "Cost of goods sold": 34610,
        "Gross Profit": 3216,
        "Financial expenses": 4929,
        "Of which: Interest expense": 2551,
        "Cost of sales": 3,
        "Enterprise cost management": 1592,
        "Total Operating Expenses": 6524,
        "Total revenue financing activities": 343,
        "Net profit from business activities": -2966,
        "Profit": -143,
        "Profit before tax": -3108,
        "Present corporate income tax expenses": "N/A",
        "Deferred income taxes expenses": "N/A",
        "The interests of minority shareholders": 8,
        "Total Cost of profits": 8,
        "Profit after tax corporate income": -3116,
        "Volume": 14420000,
        "Close of Quarter": 1,
        "EPS": 82,
        "Non-adjusted EPS": 82,
        "PE": 12.2,
        "Book Price": 7.8
      }
    },
    {
      "quarter": "Q2 2013",
      "income status": {
        "Net sales": 39261,
        "Cost of goods sold": 36380,
        "Gross Profit": 2881,
        "Financial expenses": 2841,
        "Of which: Interest expense": 2837,
        "Cost of sales": "N/A",
        "Enterprise cost management": 1437,
        "Total Operating Expenses": 4278,
        "Total revenue financing activities": 5902,
        "Net profit from business activities": 4505,
        "Profit": -192,
        "Profit before tax": 4313,
        "Present corporate income tax expenses": "N/A",
        "Deferred income taxes expenses": "N/A",
        "The interests of minority shareholders": 8,
        "Total Cost of profits": 8,
        "Profit after tax corporate income": 4305,
        "Volume": 14420000,
        "Close of Quarter": 1.8,
        "EPS": 299,
        "Non-adjusted EPS": 299,
        "PE": 6.0,
        "Book Price": 8
      }
    }
  ]
}