{
  "ticker": "NBT",
  "data": [
    {
      "quarter": "Q4 2016",
      "income status": {
        "Net sales": 32433,
        "Cost of goods sold": 11202,
        "Gross Profit": 21231,
        "Financial expenses": 3071,
        "Of which: Interest expense": 3071,
        "Cost of sales": 9311,
        "Enterprise cost management": 2640,
        "Total Operating Expenses": 15022,
        "Total revenue financing activities": 202,
        "Net profit from business activities": 6412,
        "Profit": 13,
        "Profit before tax": 6424,
        "Present corporate income tax expenses": 1194,
        "Deferred income taxes expenses": "N/A",
        "The interests of minority shareholders": "N/A",
        "Total Cost of profits": 1194,
        "Profit after tax corporate income": 5231,
        "Volume": 28000000,
        "Close of Quarter": 9.2,
        "EPS": 652,
        "Non-adjusted EPS": 652,
        "PE": 14.1,
        "Book Price": 10.6
      }
    },
    {
      "quarter": "Q3 2016",
      "income status": {
        "Net sales": 28213,
        "Cost of goods sold": 9239,
        "Gross Profit": 18975,
        "Financial expenses": 2201,
        "Of which: Interest expense": 2208,
        "Cost of sales": 9676,
        "Enterprise cost management": 2816,
        "Total Operating Expenses": 14693,
        "Total revenue financing activities": 203,
        "Net profit from business activities": 4485,
        "Profit": 4,
        "Profit before tax": 4488,
        "Present corporate income tax expenses": 898,
        "Deferred income taxes expenses": "N/A",
        "The interests of minority shareholders": "N/A",
        "Total Cost of profits": 898,
        "Profit after tax corporate income": 3591,
        "Volume": 28000000,
        "Close of Quarter": 9.2,
        "EPS": 657,
        "Non-adjusted EPS": 657,
        "PE": 14,
        "Book Price": 10.4
      }
    },
    {
      "quarter": "Q2 2016",
      "income status": {
        "Net sales": 40512,
        "Cost of goods sold": 14227,
        "Gross Profit": 26285,
        "Financial expenses": 3024,
        "Of which: Interest expense": 3024,
        "Cost of sales": 13626,
        "Enterprise cost management": 3625,
        "Total Operating Expenses": 20275,
        "Total revenue financing activities": 254,
        "Net profit from business activities": 6263,
        "Profit": 1,
        "Profit before tax": 6264,
        "Present corporate income tax expenses": 1278,
        "Deferred income taxes expenses": "N/A",
        "The interests of minority shareholders": "N/A",
        "Total Cost of profits": 1278,
        "Profit after tax corporate income": 4986,
        "Volume": 28000000,
        "Close of Quarter": 9.2,
        "EPS": 752,
        "Non-adjusted EPS": 752,
        "PE": 12.2,
        "Book Price": 10.3
      }
    },
    {
      "quarter": "Q1 2016",
      "income status": {
        "Net sales": 27762,
        "Cost of goods sold": 9335,
        "Gross Profit": 18427,
        "Financial expenses": 401,
        "Of which: Interest expense": 401,
        "Cost of sales": 9695,
        "Enterprise cost management": 2938,
        "Total Operating Expenses": 13034,
        "Total revenue financing activities": 126,
        "Net profit from business activities": 5520,
        "Profit": 50,
        "Profit before tax": 5569,
        "Present corporate income tax expenses": 1114,
        "Deferred income taxes expenses": "N/A",
        "The interests of minority shareholders": "N/A",
        "Total Cost of profits": 1114,
        "Profit after tax corporate income": 4455,
        "Volume": 28000000,
        "Close of Quarter": "N/A",
        "EPS": 807,
        "Non-adjusted EPS": 807,
        "PE": "N/A",
        "Book Price": 10.2
      }
    },
    {
      "quarter": "Q3 2015",
      "income status": {
        "Net sales": 26261,
        "Cost of goods sold": 7827,
        "Gross Profit": 18434,
        "Financial expenses": 723,
        "Of which: Interest expense": 723,
        "Cost of sales": 7442,
        "Enterprise cost management": 3513,
        "Total Operating Expenses": 11678,
        "Total revenue financing activities": 152,
        "Net profit from business activities": 6908,
        "Profit": -33,
        "Profit before tax": 6875,
        "Present corporate income tax expenses": 1513,
        "Deferred income taxes expenses": "N/A",
        "The interests of minority shareholders": "N/A",
        "Total Cost of profits": 1513,
        "Profit after tax corporate income": 5363,
        "Volume": 28000000,
        "Close of Quarter": "N/A",
        "EPS": 763,
        "Non-adjusted EPS": 763,
        "PE": "N/A",
        "Book Price": 9.7
      }
    },
    {
      "quarter": "Q2 2015",
      "income status": {
        "Net sales": 26927,
        "Cost of goods sold": 7593,
        "Gross Profit": 19333,
        "Financial expenses": 2178,
        "Of which: Interest expense": 2178,
        "Cost of sales": 7497,
        "Enterprise cost management": 1783,
        "Total Operating Expenses": 11458,
        "Total revenue financing activities": 153,
        "Net profit from business activities": 8029,
        "Profit": -10,
        "Profit before tax": 8018,
        "Present corporate income tax expenses": 1764,
        "Deferred income taxes expenses": "N/A",
        "The interests of minority shareholders": "N/A",
        "Total Cost of profits": 1764,
        "Profit after tax corporate income": 6254,
        "Volume": 28000000,
        "Close of Quarter": "N/A",
        "EPS": 571,
        "Non-adjusted EPS": 571,
        "PE": "N/A",
        "Book Price": "N/A"
      }
    },
    {
      "quarter": "Q1 2015",
      "income status": {
        "Net sales": 24697,
        "Cost of goods sold": 7246,
        "Gross Profit": 17450,
        "Financial expenses": 834,
        "Of which: Interest expense": 834,
        "Cost of sales": 6570,
        "Enterprise cost management": 1812,
        "Total Operating Expenses": 9216,
        "Total revenue financing activities": 131,
        "Net profit from business activities": 8365,
        "Profit": 9,
        "Profit before tax": 8374,
        "Present corporate income tax expenses": 1842,
        "Deferred income taxes expenses": "N/A",
        "The interests of minority shareholders": "N/A",
        "Total Cost of profits": 1842,
        "Profit after tax corporate income": 6532,
        "Volume": 28000000,
        "Close of Quarter": "N/A",
        "EPS": 348,
        "Non-adjusted EPS": 348,
        "PE": "N/A",
        "Book Price": "N/A"
      }
    },
    {
      "quarter": "Q3 2014",
      "income status": {
        "Net sales": 22107,
        "Cost of goods sold": 6289,
        "Gross Profit": 15818,
        "Financial expenses": 1089,
        "Of which: Interest expense": 1089,
        "Cost of sales": 8577,
        "Enterprise cost management": 1961,
        "Total Operating Expenses": 11627,
        "Total revenue financing activities": 308,
        "Net profit from business activities": 4499,
        "Profit": -378,
        "Profit before tax": 4121,
        "Present corporate income tax expenses": 907,
        "Deferred income taxes expenses": "N/A",
        "The interests of minority shareholders": "N/A",
        "Total Cost of profits": 907,
        "Profit after tax corporate income": 3215,
        "Volume": 28000000,
        "Close of Quarter": "N/A",
        "EPS": 115,
        "Non-adjusted EPS": 115,
        "PE": "N/A",
        "Book Price": "N/A"
      }
    }
  ]
}