{
  "ticker": "VGP",
  "data": [
    {
      "quarter": "Q4 2016",
      "income status": {
        "Net sales": 36902,
        "Cost of goods sold": 23362,
        "Gross Profit": 13540,
        "Financial expenses": "N/A",
        "Of which: Interest expense": "N/A",
        "Cost of sales": 1072,
        "Enterprise cost management": 1389,
        "Total Operating Expenses": 2461,
        "Total revenue financing activities": 1388,
        "Net profit from business activities": 12466,
        "Profit": 48,
        "Profit before tax": 12514,
        "Present corporate income tax expenses": 2521,
        "Deferred income taxes expenses": "N/A",
        "The interests of minority shareholders": "N/A",
        "Total Cost of profits": 2521,
        "Profit after tax corporate income": 9993,
        "Volume": 8053022,
        "Close of Quarter": 30.8,
        "EPS": 2025,
        "Non-adjusted EPS": 2025,
        "PE": 15.2,
        "Book Price": 20.2
      }
    },
    {
      "quarter": "Q3 2016",
      "income status": {
        "Net sales": 10044,
        "Cost of goods sold": 5735,
        "Gross Profit": 4309,
        "Financial expenses": "N/A",
        "Of which: Interest expense": "N/A",
        "Cost of sales": 1076,
        "Enterprise cost management": 1162,
        "Total Operating Expenses": 2238,
        "Total revenue financing activities": 1409,
        "Net profit from business activities": 3480,
        "Profit": 89,
        "Profit before tax": 3569,
        "Present corporate income tax expenses": 715,
        "Deferred income taxes expenses": "N/A",
        "The interests of minority shareholders": "N/A",
        "Total Cost of profits": 715,
        "Profit after tax corporate income": 2854,
        "Volume": 8053022,
        "Close of Quarter": 22.1,
        "EPS": 857,
        "Non-adjusted EPS": 857,
        "PE": 25.8,
        "Book Price": 19.7
      }
    },
    {
      "quarter": "Q2 2016",
      "income status": {
        "Net sales": 9099,
        "Cost of goods sold": 5992,
        "Gross Profit": 3107,
        "Financial expenses": 93,
        "Of which: Interest expense": 69,
        "Cost of sales": 1740,
        "Enterprise cost management": 1599,
        "Total Operating Expenses": 3432,
        "Total revenue financing activities": 1610,
        "Net profit from business activities": 1285,
        "Profit": 26,
        "Profit before tax": 1311,
        "Present corporate income tax expenses": 395,
        "Deferred income taxes expenses": "N/A",
        "The interests of minority shareholders": "N/A",
        "Total Cost of profits": 395,
        "Profit after tax corporate income": 915,
        "Volume": 8053022,
        "Close of Quarter": 18.0,
        "EPS": 847,
        "Non-adjusted EPS": 847,
        "PE": 21.3,
        "Book Price": 19.3
      }
    },
    {
      "quarter": "Q1 2016",
      "income status": {
        "Net sales": 11403,
        "Cost of goods sold": 7507,
        "Gross Profit": 3896,
        "Financial expenses": 25,
        "Of which: Interest expense": 45,
        "Cost of sales": 1187,
        "Enterprise cost management": 1332,
        "Total Operating Expenses": 2544,
        "Total revenue financing activities": 1701,
        "Net profit from business activities": 3053,
        "Profit": -23,
        "Profit before tax": 3029,
        "Present corporate income tax expenses": 480,
        "Deferred income taxes expenses": "N/A",
        "The interests of minority shareholders": "N/A",
        "Total Cost of profits": 480,
        "Profit after tax corporate income": 2549,
        "Volume": 8053022,
        "Close of Quarter": 17.4,
        "EPS": 4883,
        "Non-adjusted EPS": 4883,
        "PE": 3.6,
        "Book Price": 20.5
      }
    },
    {
      "quarter": "Q4 2015",
      "income status": {
        "Net sales": 12630,
        "Cost of goods sold": 7696,
        "Gross Profit": 4934,
        "Financial expenses": 149,
        "Of which: Interest expense": 146,
        "Cost of sales": 2988,
        "Enterprise cost management": 3441,
        "Total Operating Expenses": 6578,
        "Total revenue financing activities": 2349,
        "Net profit from business activities": 705,
        "Profit": -125,
        "Profit before tax": 581,
        "Present corporate income tax expenses": "N/A",
        "Deferred income taxes expenses": "N/A",
        "The interests of minority shareholders": "N/A",
        "Total Cost of profits": 0,
        "Profit after tax corporate income": 581,
        "Volume": 8053022,
        "Close of Quarter": 16.4,
        "EPS": 4695,
        "Non-adjusted EPS": 4695,
        "PE": 3.5,
        "Book Price": 22
      }
    },
    {
      "quarter": "Q3 2015",
      "income status": {
        "Net sales": 12545,
        "Cost of goods sold": 8786,
        "Gross Profit": 3759,
        "Financial expenses": 43,
        "Of which: Interest expense": 42,
        "Cost of sales": 1381,
        "Enterprise cost management": 1574,
        "Total Operating Expenses": 2998,
        "Total revenue financing activities": 1756,
        "Net profit from business activities": 2517,
        "Profit": 260,
        "Profit before tax": 2777,
        "Present corporate income tax expenses": "N/A",
        "Deferred income taxes expenses": "N/A",
        "The interests of minority shareholders": "N/A",
        "Total Cost of profits": 0,
        "Profit after tax corporate income": 2777,
        "Volume": 8053022,
        "Close of Quarter": 16.6,
        "EPS": 4910,
        "Non-adjusted EPS": 4910,
        "PE": 3.4,
        "Book Price": 21.9
      }
    },
    {
      "quarter": "Q2 2015",
      "income status": {
        "Net sales": 228427,
        "Cost of goods sold": 179962,
        "Gross Profit": 48466,
        "Financial expenses": 3030,
        "Of which: Interest expense": 3030,
        "Cost of sales": -4528,
        "Enterprise cost management": 1446,
        "Total Operating Expenses": -52,
        "Total revenue financing activities": 624,
        "Net profit from business activities": 49141,
        "Profit": -1132,
        "Profit before tax": 48009,
        "Present corporate income tax expenses": 14590,
        "Deferred income taxes expenses": "N/A",
        "The interests of minority shareholders": "N/A",
        "Total Cost of profits": 14590,
        "Profit after tax corporate income": 33419,
        "Volume": 8053022,
        "Close of Quarter": 16.3,
        "EPS": 4848,
        "Non-adjusted EPS": 4848,
        "PE": 3.4,
        "Book Price": 23.2
      }
    },
    {
      "quarter": "Q1 2015",
      "income status": {
        "Net sales": 18068,
        "Cost of goods sold": 8723,
        "Gross Profit": 9345,
        "Financial expenses": 507,
        "Of which: Interest expense": 503,
        "Cost of sales": 7091,
        "Enterprise cost management": 1379,
        "Total Operating Expenses": 8977,
        "Total revenue financing activities": 918,
        "Net profit from business activities": 1285,
        "Profit": 51,
        "Profit before tax": 1337,
        "Present corporate income tax expenses": 309,
        "Deferred income taxes expenses": "N/A",
        "The interests of minority shareholders": "N/A",
        "Total Cost of profits": 309,
        "Profit after tax corporate income": 1028,
        "Volume": 8053022,
        "Close of Quarter": 17.3,
        "EPS": 1136,
        "Non-adjusted EPS": 1136,
        "PE": 15.2,
        "Book Price": 19.8
      }
    },
    {
      "quarter": "Q4 2014",
      "income status": {
        "Net sales": 32931,
        "Cost of goods sold": 23904,
        "Gross Profit": 9027,
        "Financial expenses": 575,
        "Of which: Interest expense": 574,
        "Cost of sales": 3806,
        "Enterprise cost management": 1729,
        "Total Operating Expenses": 6110,
        "Total revenue financing activities": 1161,
        "Net profit from business activities": 4078,
        "Profit": 90,
        "Profit before tax": 4168,
        "Present corporate income tax expenses": 1855,
        "Deferred income taxes expenses": "N/A",
        "The interests of minority shareholders": "N/A",
        "Total Cost of profits": 1855,
        "Profit after tax corporate income": 2313,
        "Volume": 8053022,
        "Close of Quarter": 14.3,
        "EPS": 1642,
        "Non-adjusted EPS": 1642,
        "PE": 8.7,
        "Book Price": 19.8
      }
    },
    {
      "quarter": "Q3 2014",
      "income status": {
        "Net sales": 9076,
        "Cost of goods sold": "N/A",
        "Gross Profit": 9076,
        "Financial expenses": 1112,
        "Of which: Interest expense": 1111,
        "Cost of sales": 6280,
        "Enterprise cost management": 1246,
        "Total Operating Expenses": 8638,
        "Total revenue financing activities": 2414,
        "Net profit from business activities": 2851,
        "Profit": 88,
        "Profit before tax": 2939,
        "Present corporate income tax expenses": 661,
        "Deferred income taxes expenses": 1,
        "The interests of minority shareholders": "N/A",
        "Total Cost of profits": 662,
        "Profit after tax corporate income": 2278,
        "Volume": 8053022,
        "Close of Quarter": 14.4,
        "EPS": 1882,
        "Non-adjusted EPS": 1882,
        "PE": 7.7,
        "Book Price": 19.5
      }
    },
    {
      "quarter": "Q2 2014",
      "income status": {
        "Net sales": 139047,
        "Cost of goods sold": 130512,
        "Gross Profit": 8534,
        "Financial expenses": 2178,
        "Of which: Interest expense": 2178,
        "Cost of sales": 4798,
        "Enterprise cost management": 1239,
        "Total Operating Expenses": 8215,
        "Total revenue financing activities": 4059,
        "Net profit from business activities": 4378,
        "Profit": 161,
        "Profit before tax": 4539,
        "Present corporate income tax expenses": 998,
        "Deferred income taxes expenses": 12,
        "The interests of minority shareholders": "N/A",
        "Total Cost of profits": 1010,
        "Profit after tax corporate income": 3529,
        "Volume": 8053022,
        "Close of Quarter": 16.8,
        "EPS": 2273,
        "Non-adjusted EPS": 2273,
        "PE": 7.4,
        "Book Price": 20
      }
    },
    {
      "quarter": "Q1 2014",
      "income status": {
        "Net sales": 78789,
        "Cost of goods sold": 71355,
        "Gross Profit": 7434,
        "Financial expenses": 454,
        "Of which: Interest expense": 948,
        "Cost of sales": 2908,
        "Enterprise cost management": 1134,
        "Total Operating Expenses": 4496,
        "Total revenue financing activities": 3604,
        "Net profit from business activities": 6543,
        "Profit": 1,
        "Profit before tax": 6544,
        "Present corporate income tax expenses": 1440,
        "Deferred income taxes expenses": "N/A",
        "The interests of minority shareholders": "N/A",
        "Total Cost of profits": 1440,
        "Profit after tax corporate income": 5104,
        "Volume": 8053022,
        "Close of Quarter": 17.4,
        "EPS": 2503,
        "Non-adjusted EPS": 2503,
        "PE": 6.9,
        "Book Price": 19.5
      }
    },
    {
      "quarter": "Q4 2013",
      "income status": {
        "Net sales": 102802,
        "Cost of goods sold": 96415,
        "Gross Profit": 6387,
        "Financial expenses": 1439,
        "Of which: Interest expense": 1478,
        "Cost of sales": 3777,
        "Enterprise cost management": 2489,
        "Total Operating Expenses": 7705,
        "Total revenue financing activities": 4924,
        "Net profit from business activities": 3606,
        "Profit": 2116,
        "Profit before tax": 5722,
        "Present corporate income tax expenses": 1501,
        "Deferred income taxes expenses": -21,
        "The interests of minority shareholders": "N/A",
        "Total Cost of profits": 1480,
        "Profit after tax corporate income": 4243,
        "Volume": 8053022,
        "Close of Quarter": 16.3,
        "EPS": 2549,
        "Non-adjusted EPS": 2549,
        "PE": 6.4,
        "Book Price": 20.1
      }
    },
    {
      "quarter": "Q3 2013",
      "income status": {
        "Net sales": 167266,
        "Cost of goods sold": 158517,
        "Gross Profit": 8749,
        "Financial expenses": 994,
        "Of which: Interest expense": 861,
        "Cost of sales": 3148,
        "Enterprise cost management": 1350,
        "Total Operating Expenses": 5492,
        "Total revenue financing activities": 3990,
        "Net profit from business activities": 7247,
        "Profit": 6,
        "Profit before tax": 7253,
        "Present corporate income tax expenses": 1826,
        "Deferred income taxes expenses": "N/A",
        "The interests of minority shareholders": "N/A",
        "Total Cost of profits": 1826,
        "Profit after tax corporate income": 5426,
        "Volume": 8053022,
        "Close of Quarter": 12.6,
        "EPS": 2828,
        "Non-adjusted EPS": 2828,
        "PE": 4.4,
        "Book Price": 19.6
      }
    },
    {
      "quarter": "Q2 2013",
      "income status": {
        "Net sales": 119348,
        "Cost of goods sold": 112263,
        "Gross Profit": 7085,
        "Financial expenses": 1659,
        "Of which: Interest expense": 1364,
        "Cost of sales": 3236,
        "Enterprise cost management": 1296,
        "Total Operating Expenses": 6191,
        "Total revenue financing activities": 6293,
        "Net profit from business activities": 7187,
        "Profit": 10,
        "Profit before tax": 7197,
        "Present corporate income tax expenses": 1795,
        "Deferred income taxes expenses": 21,
        "The interests of minority shareholders": "N/A",
        "Total Cost of profits": 1816,
        "Profit after tax corporate income": 5381,
        "Volume": 8053022,
        "Close of Quarter": 10.6,
        "EPS": 2564,
        "Non-adjusted EPS": 2564,
        "PE": 4.2,
        "Book Price": 19.7
      }
    },
    {
      "quarter": "Q1 2013",
      "income status": {
        "Net sales": 122982,
        "Cost of goods sold": 115301,
        "Gross Profit": 7681,
        "Financial expenses": 849,
        "Of which: Interest expense": 705,
        "Cost of sales": 2282,
        "Enterprise cost management": 1352,
        "Total Operating Expenses": 4483,
        "Total revenue financing activities": 3840,
        "Net profit from business activities": 7037,
        "Profit": 285,
        "Profit before tax": 7323,
        "Present corporate income tax expenses": 1848,
        "Deferred income taxes expenses": "N/A",
        "The interests of minority shareholders": "N/A",
        "Total Cost of profits": 1848,
        "Profit after tax corporate income": 5475,
        "Volume": 8053022,
        "Close of Quarter": 8.7,
        "EPS": 3116,
        "Non-adjusted EPS": 3116,
        "PE": 2.8,
        "Book Price": 19.1
      }
    },
    {
      "quarter": "Q4 2012",
      "income status": {
        "Net sales": 214863,
        "Cost of goods sold": 205741,
        "Gross Profit": 9122,
        "Financial expenses": 856,
        "Of which: Interest expense": 992,
        "Cost of sales": 3487,
        "Enterprise cost management": 2077,
        "Total Operating Expenses": 6420,
        "Total revenue financing activities": 8963,
        "Net profit from business activities": 11665,
        "Profit": -3140,
        "Profit before tax": 8525,
        "Present corporate income tax expenses": 2032,
        "Deferred income taxes expenses": "N/A",
        "The interests of minority shareholders": "N/A",
        "Total Cost of profits": 2032,
        "Profit after tax corporate income": 6494,
        "Volume": 8053022,
        "Close of Quarter": 8.1,
        "EPS": 3049,
        "Non-adjusted EPS": 3049,
        "PE": 2.7,
        "Book Price": 19.3
      }
    },
    {
      "quarter": "Q3 2012",
      "income status": {
        "Net sales": 49067,
        "Cost of goods sold": 44243,
        "Gross Profit": 4824,
        "Financial expenses": 1085,
        "Of which: Interest expense": 523,
        "Cost of sales": 2072,
        "Enterprise cost management": 1361,
        "Total Operating Expenses": 4518,
        "Total revenue financing activities": 3969,
        "Net profit from business activities": 4275,
        "Profit": 5,
        "Profit before tax": 4280,
        "Present corporate income tax expenses": 985,
        "Deferred income taxes expenses": "N/A",
        "The interests of minority shareholders": "N/A",
        "Total Cost of profits": 985,
        "Profit after tax corporate income": 3295,
        "Volume": 8053022,
        "Close of Quarter": 7.5,
        "EPS": 2862,
        "Non-adjusted EPS": 2862,
        "PE": 2.6,
        "Book Price": 19.5
      }
    },
    {
      "quarter": "Q2 2012",
      "income status": {
        "Net sales": 139419,
        "Cost of goods sold": 127211,
        "Gross Profit": 12208,
        "Financial expenses": 2105,
        "Of which: Interest expense": 1556,
        "Cost of sales": 4431,
        "Enterprise cost management": 2751,
        "Total Operating Expenses": 9287,
        "Total revenue financing activities": 9485,
        "Net profit from business activities": 12406,
        "Profit": 192,
        "Profit before tax": 12598,
        "Present corporate income tax expenses": 2768,
        "Deferred income taxes expenses": "N/A",
        "The interests of minority shareholders": "N/A",
        "Total Cost of profits": 2768,
        "Profit after tax corporate income": 9830,
        "Volume": 8053022,
        "Close of Quarter": 8.7,
        "EPS": 3265,
        "Non-adjusted EPS": 3265,
        "PE": 2.7,
        "Book Price": 19.1
      }
    },
    {
      "quarter": "Q1 2012",
      "income status": {
        "Net sales": 40979,
        "Cost of goods sold": 35818,
        "Gross Profit": 5162,
        "Financial expenses": 410,
        "Of which: Interest expense": 591,
        "Cost of sales": 1748,
        "Enterprise cost management": 1342,
        "Total Operating Expenses": 3500,
        "Total revenue financing activities": 4909,
        "Net profit from business activities": 6571,
        "Profit": 7,
        "Profit before tax": 6577,
        "Present corporate income tax expenses": 1644,
        "Deferred income taxes expenses": "N/A",
        "The interests of minority shareholders": "N/A",
        "Total Cost of profits": 1644,
        "Profit after tax corporate income": 4933,
        "Volume": 8053022,
        "Close of Quarter": 8.2,
        "EPS": 2748,
        "Non-adjusted EPS": 2748,
        "PE": 3.0,
        "Book Price": 19.6
      }
    },
    {
      "quarter": "Q4 2011",
      "income status": {
        "Net sales": 144624,
        "Cost of goods sold": 137440,
        "Gross Profit": 7183,
        "Financial expenses": 2140,
        "Of which: Interest expense": 1713,
        "Cost of sales": 3404,
        "Enterprise cost management": 2681,
        "Total Operating Expenses": 8225,
        "Total revenue financing activities": 6742,
        "Net profit from business activities": 5700,
        "Profit": 18,
        "Profit before tax": 29237,
        "Present corporate income tax expenses": 730,
        "Deferred income taxes expenses": "N/A",
        "The interests of minority shareholders": "N/A",
        "Total Cost of profits": 730,
        "Profit after tax corporate income": 4988,
        "Volume": 8053022,
        "Close of Quarter": 7.2,
        "EPS": 2811,
        "Non-adjusted EPS": 2811,
        "PE": 2.6,
        "Book Price": 19.4
      }
    },
    {
      "quarter": "Q3 2011",
      "income status": {
        "Net sales": 106880,
        "Cost of goods sold": 99671,
        "Gross Profit": 7209,
        "Financial expenses": 1652,
        "Of which: Interest expense": 1640,
        "Cost of sales": 3009,
        "Enterprise cost management": 1486,
        "Total Operating Expenses": 6147,
        "Total revenue financing activities": 7639,
        "Net profit from business activities": 8702,
        "Profit": 18,
        "Profit before tax": 8720,
        "Present corporate income tax expenses": 2173,
        "Deferred income taxes expenses": "N/A",
        "The interests of minority shareholders": "N/A",
        "Total Cost of profits": 2173,
        "Profit after tax corporate income": 6546,
        "Volume": 8053022,
        "Close of Quarter": 6.9,
        "EPS": 3830,
        "Non-adjusted EPS": 3830,
        "PE": 1.8,
        "Book Price": 19.8
      }
    },
    {
      "quarter": "Q2 2011",
      "income status": {
        "Net sales": 101470,
        "Cost of goods sold": 93986,
        "Gross Profit": 7484,
        "Financial expenses": 1722,
        "Of which: Interest expense": 903,
        "Cost of sales": 2767,
        "Enterprise cost management": 1439,
        "Total Operating Expenses": 5928,
        "Total revenue financing activities": 6512,
        "Net profit from business activities": 8068,
        "Profit": -18,
        "Profit before tax": 8050,
        "Present corporate income tax expenses": 2383,
        "Deferred income taxes expenses": "N/A",
        "The interests of minority shareholders": "N/A",
        "Total Cost of profits": 2383,
        "Profit after tax corporate income": 5666,
        "Volume": 8053022,
        "Close of Quarter": 6.8,
        "EPS": 3599,
        "Non-adjusted EPS": 3599,
        "PE": 1.9,
        "Book Price": 19.1
      }
    },
    {
      "quarter": "Q1 2011",
      "income status": {
        "Net sales": 16686,
        "Cost of goods sold": 11013,
        "Gross Profit": 5673,
        "Financial expenses": 964,
        "Of which: Interest expense": 513,
        "Cost of sales": 2414,
        "Enterprise cost management": 1037,
        "Total Operating Expenses": 4415,
        "Total revenue financing activities": 5487,
        "Net profit from business activities": 6745,
        "Profit": 4,
        "Profit before tax": 6750,
        "Present corporate income tax expenses": 1313,
        "Deferred income taxes expenses": "N/A",
        "The interests of minority shareholders": "N/A",
        "Total Cost of profits": 1313,
        "Profit after tax corporate income": 5437,
        "Volume": 8053022,
        "Close of Quarter": 7.8,
        "EPS": 3491,
        "Non-adjusted EPS": 3491,
        "PE": 2.3,
        "Book Price": 18.9
      }
    }
  ]
}