{
  "ticker": "TV1",
  "data": [
    {
      "quarter": "Q4 2016",
      "income status": {
        "Net sales": 246544,
        "Cost of goods sold": 169546,
        "Gross Profit": 76999,
        "Financial expenses": 35319,
        "Of which: Interest expense": 34909,
        "Cost of sales": "N/A",
        "Enterprise cost management": 21670,
        "Total Operating Expenses": 56989,
        "Total revenue financing activities": 133,
        "Net profit from business activities": 20143,
        "Profit": -3892,
        "Profit before tax": 16251,
        "Present corporate income tax expenses": 3970,
        "Deferred income taxes expenses": "N/A",
        "The interests of minority shareholders": "N/A",
        "Total Cost of profits": 3970,
        "Profit after tax corporate income": 12280,
        "Volume": 26691319,
        "Close of Quarter": 15.8,
        "EPS": 1371,
        "Non-adjusted EPS": 1371,
        "PE": 11.5,
        "Book Price": 12.3
      }
    },
    {
      "quarter": "Q3 2016",
      "income status": {
        "Net sales": 158277,
        "Cost of goods sold": 96073,
        "Gross Profit": 62204,
        "Financial expenses": 28587,
        "Of which: Interest expense": 28587,
        "Cost of sales": 93,
        "Enterprise cost management": 12433,
        "Total Operating Expenses": 41113,
        "Total revenue financing activities": 19,
        "Net profit from business activities": 21111,
        "Profit": -92,
        "Profit before tax": 21019,
        "Present corporate income tax expenses": 4210,
        "Deferred income taxes expenses": "N/A",
        "The interests of minority shareholders": "N/A",
        "Total Cost of profits": 4210,
        "Profit after tax corporate income": 16809,
        "Volume": 26691319,
        "Close of Quarter": 15.6,
        "EPS": 1254,
        "Non-adjusted EPS": 1254,
        "PE": 12.4,
        "Book Price": 11.8
      }
    },
    {
      "quarter": "Q2 2016",
      "income status": {
        "Net sales": 97527,
        "Cost of goods sold": 58536,
        "Gross Profit": 38991,
        "Financial expenses": 25046,
        "Of which: Interest expense": 25007,
        "Cost of sales": "N/A",
        "Enterprise cost management": 7385,
        "Total Operating Expenses": 32431,
        "Total revenue financing activities": 352,
        "Net profit from business activities": 6912,
        "Profit": 759,
        "Profit before tax": 7670,
        "Present corporate income tax expenses": 1488,
        "Deferred income taxes expenses": "N/A",
        "The interests of minority shareholders": "N/A",
        "Total Cost of profits": 1488,
        "Profit after tax corporate income": 6183,
        "Volume": 26691319,
        "Close of Quarter": 12.8,
        "EPS": 1024,
        "Non-adjusted EPS": 1024,
        "PE": 12.5,
        "Book Price": 12.3
      }
    },
    {
      "quarter": "Q1 2016",
      "income status": {
        "Net sales": 92259,
        "Cost of goods sold": 60843,
        "Gross Profit": 31416,
        "Financial expenses": 24505,
        "Of which: Interest expense": 24485,
        "Cost of sales": "N/A",
        "Enterprise cost management": 4615,
        "Total Operating Expenses": 29120,
        "Total revenue financing activities": 42,
        "Net profit from business activities": 2338,
        "Profit": -642,
        "Profit before tax": 1696,
        "Present corporate income tax expenses": 385,
        "Deferred income taxes expenses": "N/A",
        "The interests of minority shareholders": "N/A",
        "Total Cost of profits": 385,
        "Profit after tax corporate income": 1311,
        "Volume": 26691319,
        "Close of Quarter": 12.6,
        "EPS": 1142,
        "Non-adjusted EPS": 1142,
        "PE": 11.1,
        "Book Price": 12
      }
    },
    {
      "quarter": "Q4 2015",
      "income status": {
        "Net sales": 249425,
        "Cost of goods sold": 165473,
        "Gross Profit": 83952,
        "Financial expenses": 31886,
        "Of which: Interest expense": 27561,
        "Cost of sales": "N/A",
        "Enterprise cost management": 26445,
        "Total Operating Expenses": 58331,
        "Total revenue financing activities": 2405,
        "Net profit from business activities": 28026,
        "Profit": -12842,
        "Profit before tax": 15184,
        "Present corporate income tax expenses": 6018,
        "Deferred income taxes expenses": "N/A",
        "The interests of minority shareholders": "N/A",
        "Total Cost of profits": 6018,
        "Profit after tax corporate income": 9165,
        "Volume": 26691319,
        "Close of Quarter": 12.2,
        "EPS": 1143,
        "Non-adjusted EPS": 1143,
        "PE": 10.6,
        "Book Price": 12
      }
    },
    {
      "quarter": "Q3 2015",
      "income status": {
        "Net sales": 117846,
        "Cost of goods sold": 67848,
        "Gross Profit": 49998,
        "Financial expenses": 26491,
        "Of which: Interest expense": 25905,
        "Cost of sales": "N/A",
        "Enterprise cost management": 9700,
        "Total Operating Expenses": 36191,
        "Total revenue financing activities": 1035,
        "Net profit from business activities": 14842,
        "Profit": -1104,
        "Profit before tax": 13738,
        "Present corporate income tax expenses": 3056,
        "Deferred income taxes expenses": "N/A",
        "The interests of minority shareholders": "N/A",
        "Total Cost of profits": 3056,
        "Profit after tax corporate income": 10682,
        "Volume": 26691319,
        "Close of Quarter": 12.7,
        "EPS": 1930,
        "Non-adjusted EPS": 1930,
        "PE": 6.6,
        "Book Price": 11.7
      }
    },
    {
      "quarter": "Q2 2015",
      "income status": {
        "Net sales": 143061,
        "Cost of goods sold": 75556,
        "Gross Profit": 67506,
        "Financial expenses": 44407,
        "Of which: Interest expense": 44342,
        "Cost of sales": "N/A",
        "Enterprise cost management": 10308,
        "Total Operating Expenses": 54715,
        "Total revenue financing activities": 136,
        "Net profit from business activities": 12928,
        "Profit": -1028,
        "Profit before tax": 11899,
        "Present corporate income tax expenses": 2572,
        "Deferred income taxes expenses": "N/A",
        "The interests of minority shareholders": "N/A",
        "Total Cost of profits": 2572,
        "Profit after tax corporate income": 9328,
        "Volume": 26691319,
        "Close of Quarter": 11.9,
        "EPS": 1673,
        "Non-adjusted EPS": 1673,
        "PE": 7.1,
        "Book Price": 12.9
      }
    },
    {
      "quarter": "Q1 2015",
      "income status": {
        "Net sales": 59115,
        "Cost of goods sold": 45081,
        "Gross Profit": 14034,
        "Financial expenses": 8671,
        "Of which: Interest expense": 8671,
        "Cost of sales": "N/A",
        "Enterprise cost management": 3668,
        "Total Operating Expenses": 12339,
        "Total revenue financing activities": 51,
        "Net profit from business activities": 1746,
        "Profit": 3,
        "Profit before tax": 1749,
        "Present corporate income tax expenses": 413,
        "Deferred income taxes expenses": "N/A",
        "The interests of minority shareholders": "N/A",
        "Total Cost of profits": 413,
        "Profit after tax corporate income": 1336,
        "Volume": 26691319,
        "Close of Quarter": 11.2,
        "EPS": 1577,
        "Non-adjusted EPS": 1577,
        "PE": 7.1,
        "Book Price": 12.5
      }
    },
    {
      "quarter": "Q4 2014",
      "income status": {
        "Net sales": 226860,
        "Cost of goods sold": 132891,
        "Gross Profit": 93969,
        "Financial expenses": 33172,
        "Of which: Interest expense": 33152,
        "Cost of sales": "N/A",
        "Enterprise cost management": 19772,
        "Total Operating Expenses": 52944,
        "Total revenue financing activities": 195,
        "Net profit from business activities": 41220,
        "Profit": -1291,
        "Profit before tax": 39929,
        "Present corporate income tax expenses": 9771,
        "Deferred income taxes expenses": "N/A",
        "The interests of minority shareholders": "N/A",
        "Total Cost of profits": 9771,
        "Profit after tax corporate income": 30158,
        "Volume": 26691319,
        "Close of Quarter": 10.8,
        "EPS": 1631,
        "Non-adjusted EPS": 1631,
        "PE": 6.6,
        "Book Price": 12.5
      }
    },
    {
      "quarter": "Q3 2014",
      "income status": {
        "Net sales": 116462,
        "Cost of goods sold": 73946,
        "Gross Profit": 42516,
        "Financial expenses": 26082,
        "Of which: Interest expense": 26082,
        "Cost of sales": "N/A",
        "Enterprise cost management": 8966,
        "Total Operating Expenses": 35048,
        "Total revenue financing activities": 27,
        "Net profit from business activities": 7496,
        "Profit": -1569,
        "Profit before tax": 5926,
        "Present corporate income tax expenses": 2090,
        "Deferred income taxes expenses": "N/A",
        "The interests of minority shareholders": "N/A",
        "Total Cost of profits": 2090,
        "Profit after tax corporate income": 3837,
        "Volume": 26691319,
        "Close of Quarter": 10.3,
        "EPS": 1034,
        "Non-adjusted EPS": 1034,
        "PE": 10.0,
        "Book Price": 11.3
      }
    },
    {
      "quarter": "Q2 2014",
      "income status": {
        "Net sales": 107250,
        "Cost of goods sold": 66800,
        "Gross Profit": 40449,
        "Financial expenses": 25832,
        "Of which: Interest expense": 25832,
        "Cost of sales": "N/A",
        "Enterprise cost management": 4676,
        "Total Operating Expenses": 30508,
        "Total revenue financing activities": 22,
        "Net profit from business activities": 9962,
        "Profit": -1136,
        "Profit before tax": 8826,
        "Present corporate income tax expenses": 2057,
        "Deferred income taxes expenses": "N/A",
        "The interests of minority shareholders": "N/A",
        "Total Cost of profits": 2057,
        "Profit after tax corporate income": 6769,
        "Volume": 23010536,
        "Close of Quarter": 10.5,
        "EPS": 1569.0,
        "Non-adjusted EPS": 1820,
        "PE": 5.8,
        "Book Price": 11.3
      }
    },
    {
      "quarter": "Q1 2014",
      "income status": {
        "Net sales": 87465,
        "Cost of goods sold": 53051,
        "Gross Profit": 34414,
        "Financial expenses": 26449,
        "Of which: Interest expense": 26449,
        "Cost of sales": "N/A",
        "Enterprise cost management": 4369,
        "Total Operating Expenses": 30818,
        "Total revenue financing activities": 93,
        "Net profit from business activities": 3689,
        "Profit": -126,
        "Profit before tax": 3563,
        "Present corporate income tax expenses": 798,
        "Deferred income taxes expenses": "N/A",
        "The interests of minority shareholders": "N/A",
        "Total Cost of profits": 798,
        "Profit after tax corporate income": 2765,
        "Volume": 23010536,
        "Close of Quarter": 10.3,
        "EPS": 1511.3,
        "Non-adjusted EPS": 1753,
        "PE": 5.9,
        "Book Price": 11.0
      }
    },
    {
      "quarter": "Q4 2013",
      "income status": {
        "Net sales": 285443,
        "Cost of goods sold": 174813,
        "Gross Profit": 110630,
        "Financial expenses": 73911,
        "Of which: Interest expense": 73904,
        "Cost of sales": "N/A",
        "Enterprise cost management": 16317,
        "Total Operating Expenses": 90228,
        "Total revenue financing activities": 117,
        "Net profit from business activities": 20519,
        "Profit": -920,
        "Profit before tax": 19599,
        "Present corporate income tax expenses": 5369,
        "Deferred income taxes expenses": "N/A",
        "The interests of minority shareholders": "N/A",
        "Total Cost of profits": 5369,
        "Profit after tax corporate income": 14229,
        "Volume": 23010536,
        "Close of Quarter": 8.5,
        "EPS": 1474.2,
        "Non-adjusted EPS": 1710,
        "PE": 5.0,
        "Book Price": 10.9
      }
    },
    {
      "quarter": "Q3 2013",
      "income status": {
        "Net sales": 133305,
        "Cost of goods sold": 84426,
        "Gross Profit": 48878,
        "Financial expenses": 11387,
        "Of which: Interest expense": 11387,
        "Cost of sales": "N/A",
        "Enterprise cost management": 13141,
        "Total Operating Expenses": 24528,
        "Total revenue financing activities": 53,
        "Net profit from business activities": 24404,
        "Profit": -283,
        "Profit before tax": 24121,
        "Present corporate income tax expenses": 6005,
        "Deferred income taxes expenses": "N/A",
        "The interests of minority shareholders": "N/A",
        "Total Cost of profits": 6005,
        "Profit after tax corporate income": 18116,
        "Volume": 23010536,
        "Close of Quarter": 8.0,
        "EPS": 1615.6,
        "Non-adjusted EPS": 1874,
        "PE": 4.2,
        "Book Price": 10.4
      }
    },
    {
      "quarter": "Q2 2013",
      "income status": {
        "Net sales": 86490,
        "Cost of goods sold": 52017,
        "Gross Profit": 34473,
        "Financial expenses": 20176,
        "Of which: Interest expense": 20176,
        "Cost of sales": "N/A",
        "Enterprise cost management": 5360,
        "Total Operating Expenses": 25536,
        "Total revenue financing activities": 44,
        "Net profit from business activities": 8982,
        "Profit": -1158,
        "Profit before tax": 7823,
        "Present corporate income tax expenses": 2600,
        "Deferred income taxes expenses": "N/A",
        "The interests of minority shareholders": "N/A",
        "Total Cost of profits": 2600,
        "Profit after tax corporate income": 5224,
        "Volume": 23010536,
        "Close of Quarter": 7.1,
        "EPS": 1215.6,
        "Non-adjusted EPS": 1410,
        "PE": 5.0,
        "Book Price": 10.7
      }
    },
    {
      "quarter": "Q1 2013",
      "income status": {
        "Net sales": 44709,
        "Cost of goods sold": 34079,
        "Gross Profit": 10630,
        "Financial expenses": 4274,
        "Of which: Interest expense": 3974,
        "Cost of sales": "N/A",
        "Enterprise cost management": 2804,
        "Total Operating Expenses": 7078,
        "Total revenue financing activities": 52,
        "Net profit from business activities": 3605,
        "Profit": -1158,
        "Profit before tax": 2447,
        "Present corporate income tax expenses": 675,
        "Deferred income taxes expenses": "N/A",
        "The interests of minority shareholders": "N/A",
        "Total Cost of profits": 675,
        "Profit after tax corporate income": 1771,
        "Volume": 23010536,
        "Close of Quarter": 5.5,
        "EPS": 1213.8,
        "Non-adjusted EPS": 1408,
        "PE": 3.9,
        "Book Price": 10.6
      }
    },
    {
      "quarter": "Q4 2012",
      "income status": {
        "Net sales": 206683,
        "Cost of goods sold": 151784,
        "Gross Profit": 54900,
        "Financial expenses": 16437,
        "Of which: Interest expense": 16437,
        "Cost of sales": "N/A",
        "Enterprise cost management": 15421,
        "Total Operating Expenses": 31858,
        "Total revenue financing activities": 164,
        "Net profit from business activities": 23206,
        "Profit": 14,
        "Profit before tax": 23221,
        "Present corporate income tax expenses": 5209,
        "Deferred income taxes expenses": "N/A",
        "The interests of minority shareholders": "N/A",
        "Total Cost of profits": 5209,
        "Profit after tax corporate income": 18012,
        "Volume": 23010536,
        "Close of Quarter": 4.9,
        "EPS": 1213.0,
        "Non-adjusted EPS": 1407,
        "PE": 3.5,
        "Book Price": 10.6
      }
    },
    {
      "quarter": "Q3 2012",
      "income status": {
        "Net sales": 125765,
        "Cost of goods sold": 96855,
        "Gross Profit": 28911,
        "Financial expenses": 11972,
        "Of which: Interest expense": 11972,
        "Cost of sales": "N/A",
        "Enterprise cost management": 7014,
        "Total Operating Expenses": 18986,
        "Total revenue financing activities": 103,
        "Net profit from business activities": 10028,
        "Profit": -375,
        "Profit before tax": 9653,
        "Present corporate income tax expenses": 2209,
        "Deferred income taxes expenses": "N/A",
        "The interests of minority shareholders": "N/A",
        "Total Cost of profits": 2209,
        "Profit after tax corporate income": 7444,
        "Volume": 23010536,
        "Close of Quarter": 4.9,
        "EPS": 1383.7,
        "Non-adjusted EPS": 1605,
        "PE": 3.0,
        "Book Price": 9.9
      }
    },
    {
      "quarter": "Q2 2012",
      "income status": {
        "Net sales": 101992,
        "Cost of goods sold": 70659,
        "Gross Profit": 31332,
        "Financial expenses": 13646,
        "Of which: Interest expense": 13645,
        "Cost of sales": "N/A",
        "Enterprise cost management": 10903,
        "Total Operating Expenses": 24549,
        "Total revenue financing activities": 140,
        "Net profit from business activities": 6924,
        "Profit": -1,
        "Profit before tax": 6924,
        "Present corporate income tax expenses": 1757,
        "Deferred income taxes expenses": "N/A",
        "The interests of minority shareholders": "N/A",
        "Total Cost of profits": 1757,
        "Profit after tax corporate income": 5167,
        "Volume": 20009765,
        "Close of Quarter": 4.2,
        "EPS": 1286.4,
        "Non-adjusted EPS": 1716,
        "PE": 2.4,
        "Book Price": 9.7
      }
    },
    {
      "quarter": "Q1 2012",
      "income status": {
        "Net sales": 45022,
        "Cost of goods sold": 29832,
        "Gross Profit": 15189,
        "Financial expenses": 10310,
        "Of which: Interest expense": 10310,
        "Cost of sales": "N/A",
        "Enterprise cost management": 2757,
        "Total Operating Expenses": 13067,
        "Total revenue financing activities": 152,
        "Net profit from business activities": 2274,
        "Profit": 125,
        "Profit before tax": 2399,
        "Present corporate income tax expenses": 647,
        "Deferred income taxes expenses": "N/A",
        "The interests of minority shareholders": "N/A",
        "Total Cost of profits": 647,
        "Profit after tax corporate income": 1752,
        "Volume": 20009765,
        "Close of Quarter": 4.1,
        "EPS": 1226.5,
        "Non-adjusted EPS": 1636,
        "PE": 2.5,
        "Book Price": 9.5
      }
    },
    {
      "quarter": "Q4 2011",
      "income status": {
        "Net sales": 267504,
        "Cost of goods sold": 204986,
        "Gross Profit": 62518,
        "Financial expenses": 16669,
        "Of which: Interest expense": 16668,
        "Cost of sales": "N/A",
        "Enterprise cost management": 17817,
        "Total Operating Expenses": 34486,
        "Total revenue financing activities": 176,
        "Net profit from business activities": 28208,
        "Profit": 1925,
        "Profit before tax": 30133,
        "Present corporate income tax expenses": 7557,
        "Deferred income taxes expenses": "N/A",
        "The interests of minority shareholders": "N/A",
        "Total Cost of profits": 7557,
        "Profit after tax corporate income": 22576,
        "Volume": 20009765,
        "Close of Quarter": 3,
        "EPS": 1290.2,
        "Non-adjusted EPS": 1721,
        "PE": 1.7,
        "Book Price": 9.5
      }
    },
    {
      "quarter": "Q3 2011",
      "income status": {
        "Net sales": 113202,
        "Cost of goods sold": 83660,
        "Gross Profit": 29543,
        "Financial expenses": 10674,
        "Of which: Interest expense": 10674,
        "Cost of sales": "N/A",
        "Enterprise cost management": 12054,
        "Total Operating Expenses": 22728,
        "Total revenue financing activities": 136,
        "Net profit from business activities": 6950,
        "Profit": 124,
        "Profit before tax": 7075,
        "Present corporate income tax expenses": 2231,
        "Deferred income taxes expenses": "N/A",
        "The interests of minority shareholders": "N/A",
        "Total Cost of profits": 2231,
        "Profit after tax corporate income": 4843,
        "Volume": 17400000,
        "Close of Quarter": 3.7,
        "EPS": 1193.0,
        "Non-adjusted EPS": 1830,
        "PE": 2.0,
        "Book Price": 8.7
      }
    },
    {
      "quarter": "Q2 2011",
      "income status": {
        "Net sales": 72537,
        "Cost of goods sold": 50594,
        "Gross Profit": 21943,
        "Financial expenses": 9061,
        "Of which: Interest expense": 9061,
        "Cost of sales": "N/A",
        "Enterprise cost management": 8335,
        "Total Operating Expenses": 17396,
        "Total revenue financing activities": 203,
        "Net profit from business activities": 4750,
        "Profit": 27,
        "Profit before tax": 4776,
        "Present corporate income tax expenses": 1215,
        "Deferred income taxes expenses": "N/A",
        "The interests of minority shareholders": "N/A",
        "Total Cost of profits": 1215,
        "Profit after tax corporate income": 3561,
        "Volume": 17400000,
        "Close of Quarter": 4.0,
        "EPS": 1247.7,
        "Non-adjusted EPS": 1914,
        "PE": 2.1,
        "Book Price": 8.6
      }
    },
    {
      "quarter": "Q1 2011",
      "income status": {
        "Net sales": 45744,
        "Cost of goods sold": 32506,
        "Gross Profit": 13238,
        "Financial expenses": 6362,
        "Of which: Interest expense": 6362,
        "Cost of sales": "N/A",
        "Enterprise cost management": 2641,
        "Total Operating Expenses": 9003,
        "Total revenue financing activities": 428,
        "Net profit from business activities": 4662,
        "Profit": -44,
        "Profit before tax": 4618,
        "Present corporate income tax expenses": 1156,
        "Deferred income taxes expenses": "N/A",
        "The interests of minority shareholders": "N/A",
        "Total Cost of profits": 1156,
        "Profit after tax corporate income": 3463,
        "Volume": 17400000,
        "Close of Quarter": 4.2,
        "EPS": 1368.3,
        "Non-adjusted EPS": 2099,
        "PE": 2.0,
        "Book Price": 8.5
      }
    }
  ]
}