{
  "ticker": "PHP",
  "data": [
    {
      "quarter": "Q4 2016",
      "income status": {
        "Net sales": 621444,
        "Cost of goods sold": 432229,
        "Gross Profit": 189215,
        "Financial expenses": -48084,
        "Of which: Interest expense": 18074,
        "Cost of sales": "N/A",
        "Enterprise cost management": 77477,
        "Total Operating Expenses": 29393,
        "Total revenue financing activities": 38275,
        "Net profit from business activities": 201861,
        "Profit": 1942,
        "Profit before tax": 203803,
        "Present corporate income tax expenses": 40615,
        "Deferred income taxes expenses": -18492,
        "The interests of minority shareholders": 28117,
        "Total Cost of profits": 50240,
        "Profit after tax corporate income": 153563,
        "Volume": 326960000,
        "Close of Quarter": 16.6,
        "EPS": 1411,
        "Non-adjusted EPS": 1411,
        "PE": 11.7,
        "Book Price": 11.8
      }
    },
    {
      "quarter": "Q3 2016",
      "income status": {
        "Net sales": 584546,
        "Cost of goods sold": 392588,
        "Gross Profit": 191958,
        "Financial expenses": 21004,
        "Of which: Interest expense": 10852,
        "Cost of sales": "N/A",
        "Enterprise cost management": 42684,
        "Total Operating Expenses": 63688,
        "Total revenue financing activities": 5398,
        "Net profit from business activities": 136189,
        "Profit": 1006,
        "Profit before tax": 137196,
        "Present corporate income tax expenses": 17102,
        "Deferred income taxes expenses": 210,
        "The interests of minority shareholders": 38487,
        "Total Cost of profits": 55799,
        "Profit after tax corporate income": 81396,
        "Volume": 326960000,
        "Close of Quarter": 17.8,
        "EPS": 1138,
        "Non-adjusted EPS": 1138,
        "PE": 15.6,
        "Book Price": 11.8
      }
    },
    {
      "quarter": "Q2 2016",
      "income status": {
        "Net sales": 636882,
        "Cost of goods sold": 363733,
        "Gross Profit": 273149,
        "Financial expenses": 98711,
        "Of which: Interest expense": 21993,
        "Cost of sales": "N/A",
        "Enterprise cost management": 40838,
        "Total Operating Expenses": 139549,
        "Total revenue financing activities": 26619,
        "Net profit from business activities": 162775,
        "Profit": -277,
        "Profit before tax": 162498,
        "Present corporate income tax expenses": 19765,
        "Deferred income taxes expenses": 2031,
        "The interests of minority shareholders": 40269,
        "Total Cost of profits": 62065,
        "Profit after tax corporate income": 100433,
        "Volume": 326960000,
        "Close of Quarter": 19.0,
        "EPS": 1270,
        "Non-adjusted EPS": 1270,
        "PE": 15.0,
        "Book Price": 11.4
      }
    },
    {
      "quarter": "Q1 2016",
      "income status": {
        "Net sales": 542603,
        "Cost of goods sold": 307351,
        "Gross Profit": 235252,
        "Financial expenses": 3831,
        "Of which: Interest expense": 1560,
        "Cost of sales": "N/A",
        "Enterprise cost management": 52681,
        "Total Operating Expenses": 56512,
        "Total revenue financing activities": 8804,
        "Net profit from business activities": 190169,
        "Profit": 476,
        "Profit before tax": 190645,
        "Present corporate income tax expenses": 33759,
        "Deferred income taxes expenses": "N/A",
        "The interests of minority shareholders": 30804,
        "Total Cost of profits": 64563,
        "Profit after tax corporate income": 126082,
        "Volume": 326960000,
        "Close of Quarter": 21.0,
        "EPS": 1274,
        "Non-adjusted EPS": 1274,
        "PE": 16.5,
        "Book Price": 12.9
      }
    },
    {
      "quarter": "Q4 2015",
      "income status": {
        "Net sales": 590889,
        "Cost of goods sold": 388593,
        "Gross Profit": 202295,
        "Financial expenses": 17966,
        "Of which: Interest expense": 14057,
        "Cost of sales": "N/A",
        "Enterprise cost management": 92390,
        "Total Operating Expenses": 110356,
        "Total revenue financing activities": 28626,
        "Net profit from business activities": 123811,
        "Profit": 480,
        "Profit before tax": 124290,
        "Present corporate income tax expenses": 34327,
        "Deferred income taxes expenses": "N/A",
        "The interests of minority shareholders": 25748,
        "Total Cost of profits": 60075,
        "Profit after tax corporate income": 64216,
        "Volume": 326960000,
        "Close of Quarter": 19.6,
        "EPS": 1170,
        "Non-adjusted EPS": 1170,
        "PE": 16.8,
        "Book Price": 13.1
      }
    },
    {
      "quarter": "Q3 2015",
      "income status": {
        "Net sales": 604751,
        "Cost of goods sold": 368299,
        "Gross Profit": 236451,
        "Financial expenses": 14388,
        "Of which: Interest expense": 10341,
        "Cost of sales": "N/A",
        "Enterprise cost management": 51711,
        "Total Operating Expenses": 66099,
        "Total revenue financing activities": 30801,
        "Net profit from business activities": 204641,
        "Profit": 1143,
        "Profit before tax": 205785,
        "Present corporate income tax expenses": 33823,
        "Deferred income taxes expenses": "N/A",
        "The interests of minority shareholders": 47443,
        "Total Cost of profits": 81266,
        "Profit after tax corporate income": 124519,
        "Volume": 326960000,
        "Close of Quarter": 22.1,
        "EPS": 1415,
        "Non-adjusted EPS": 1415,
        "PE": 15.6,
        "Book Price": 13.2
      }
    },
    {
      "quarter": "Q2 2015",
      "income status": {
        "Net sales": 617745,
        "Cost of goods sold": 384901,
        "Gross Profit": 232844,
        "Financial expenses": 41342,
        "Of which: Interest expense": 36818,
        "Cost of sales": "N/A",
        "Enterprise cost management": 52306,
        "Total Operating Expenses": 93648,
        "Total revenue financing activities": 22913,
        "Net profit from business activities": 165869,
        "Profit": 600,
        "Profit before tax": 166469,
        "Present corporate income tax expenses": 30142,
        "Deferred income taxes expenses": "N/A",
        "The interests of minority shareholders": 34514,
        "Total Cost of profits": 64656,
        "Profit after tax corporate income": 101813,
        "Volume": 326960000,
        "Close of Quarter": "N/A",
        "EPS": 1295,
        "Non-adjusted EPS": 1295,
        "PE": "N/A",
        "Book Price": 12.6
      }
    },
    {
      "quarter": "Q1 2015",
      "income status": {
        "Net sales": 536824,
        "Cost of goods sold": 349045,
        "Gross Profit": 187779,
        "Financial expenses": 5345,
        "Of which: Interest expense": 3535,
        "Cost of sales": "N/A",
        "Enterprise cost management": 39900,
        "Total Operating Expenses": 45245,
        "Total revenue financing activities": 5062,
        "Net profit from business activities": 150338,
        "Profit": 774,
        "Profit before tax": 151112,
        "Present corporate income tax expenses": 27448,
        "Deferred income taxes expenses": "N/A",
        "The interests of minority shareholders": 31636,
        "Total Cost of profits": 59084,
        "Profit after tax corporate income": 92029,
        "Volume": 326960000,
        "Close of Quarter": "N/A",
        "EPS": 984,
        "Non-adjusted EPS": 984,
        "PE": "N/A",
        "Book Price": "N/A"
      }
    },
    {
      "quarter": "Q4 2014",
      "income status": {
        "Net sales": 576051,
        "Cost of goods sold": 434319,
        "Gross Profit": 141731,
        "Financial expenses": 11475,
        "Of which: Interest expense": 4584,
        "Cost of sales": "N/A",
        "Enterprise cost management": 55105,
        "Total Operating Expenses": 66580,
        "Total revenue financing activities": 95937,
        "Net profit from business activities": 174032,
        "Profit": 3054,
        "Profit before tax": 177086,
        "Present corporate income tax expenses": 32844,
        "Deferred income taxes expenses": "N/A",
        "The interests of minority shareholders": "N/A",
        "Total Cost of profits": 32844,
        "Profit after tax corporate income": 144242,
        "Volume": 326960000,
        "Close of Quarter": "N/A",
        "EPS": 702,
        "Non-adjusted EPS": 702,
        "PE": "N/A",
        "Book Price": 12.3
      }
    },
    {
      "quarter": "Q3 2014",
      "income status": {
        "Net sales": 424263,
        "Cost of goods sold": 301761,
        "Gross Profit": 122502,
        "Financial expenses": 6577,
        "Of which: Interest expense": 5407,
        "Cost of sales": "N/A",
        "Enterprise cost management": 39332,
        "Total Operating Expenses": 45909,
        "Total revenue financing activities": 16482,
        "Net profit from business activities": 95752,
        "Profit": 1204,
        "Profit before tax": 96956,
        "Present corporate income tax expenses": 11594,
        "Deferred income taxes expenses": "N/A",
        "The interests of minority shareholders": "N/A",
        "Total Cost of profits": 11594,
        "Profit after tax corporate income": 85362,
        "Volume": 326960000,
        "Close of Quarter": "N/A",
        "EPS": 261,
        "Non-adjusted EPS": 261,
        "PE": "N/A",
        "Book Price": 12.9
      }
    }
  ]
}