{
  "ticker": "MSN",
  "data": [
    {
      "quarter": "Q4 2016",
      "income status": {
        "Net sales": 13148986,
        "Cost of goods sold": 9075263,
        "Gross Profit": 4073723,
        "Financial expenses": 968824,
        "Of which: Interest expense": 872343,
        "Cost of sales": 1604875,
        "Enterprise cost management": 562560,
        "Total Operating Expenses": 3136259,
        "Total revenue financing activities": 218699,
        "Net profit from business activities": 1431403,
        "Profit": -4353,
        "Profit before tax": 1427050,
        "Present corporate income tax expenses": 310725,
        "Deferred income taxes expenses": -122449,
        "The interests of minority shareholders": 294888,
        "Total Cost of profits": 483164,
        "Profit after tax corporate income": 943886,
        "Volume": 746841464,
        "Close of Quarter": 41.2,
        "EPS": 2452.6,
        "Non-adjusted EPS": 3738,
        "PE": 11.0,
        "Book Price": 17.9
      }
    },
    {
      "quarter": "Q3 2016",
      "income status": {
        "Net sales": 11006732,
        "Cost of goods sold": 7724908,
        "Gross Profit": 3281824,
        "Financial expenses": 860218,
        "Of which: Interest expense": 842244,
        "Cost of sales": 1194561,
        "Enterprise cost management": 476922,
        "Total Operating Expenses": 2531701,
        "Total revenue financing activities": 168708,
        "Net profit from business activities": 1233504,
        "Profit": -6258,
        "Profit before tax": 1227246,
        "Present corporate income tax expenses": 198402,
        "Deferred income taxes expenses": -24690,
        "The interests of minority shareholders": 240306,
        "Total Cost of profits": 414018,
        "Profit after tax corporate income": 813228,
        "Volume": 756075674,
        "Close of Quarter": 44.7,
        "EPS": 2408.5,
        "Non-adjusted EPS": 3626,
        "PE": 12.3,
        "Book Price": 20.5
      }
    },
    {
      "quarter": "Q2 2016",
      "income status": {
        "Net sales": 10372720,
        "Cost of goods sold": 7210329,
        "Gross Profit": 3162391,
        "Financial expenses": 729138,
        "Of which: Interest expense": 709454,
        "Cost of sales": 1173528,
        "Enterprise cost management": 377210,
        "Total Operating Expenses": 2279876,
        "Total revenue financing activities": 163764,
        "Net profit from business activities": 1293212,
        "Profit": -16383,
        "Profit before tax": 1276829,
        "Present corporate income tax expenses": 211419,
        "Deferred income taxes expenses": -21285,
        "The interests of minority shareholders": 305707,
        "Total Cost of profits": 495841,
        "Profit after tax corporate income": 780988,
        "Volume": 756075674,
        "Close of Quarter": 42.3,
        "EPS": 1887.8,
        "Non-adjusted EPS": 2842,
        "PE": 14.9,
        "Book Price": 20.3
      }
    },
    {
      "quarter": "Q1 2016",
      "income status": {
        "Net sales": 8768626,
        "Cost of goods sold": 6356479,
        "Gross Profit": 2412147,
        "Financial expenses": 733046,
        "Of which: Interest expense": 688439,
        "Cost of sales": 997539,
        "Enterprise cost management": 519689,
        "Total Operating Expenses": 2250274,
        "Total revenue financing activities": 218023,
        "Net profit from business activities": 522988,
        "Profit": -7710,
        "Profit before tax": 515278,
        "Present corporate income tax expenses": 171775,
        "Deferred income taxes expenses": -49991,
        "The interests of minority shareholders": 140152,
        "Total Cost of profits": 261936,
        "Profit after tax corporate income": 253342,
        "Volume": 746717861,
        "Close of Quarter": 45.5,
        "EPS": 1517.4,
        "Non-adjusted EPS": 2313,
        "PE": 19.7,
        "Book Price": 20.7
      }
    },
    {
      "quarter": "Q4 2015",
      "income status": {
        "Net sales": 11499771,
        "Cost of goods sold": 7811393,
        "Gross Profit": 3688378,
        "Financial expenses": 726773,
        "Of which: Interest expense": 725717,
        "Cost of sales": 1406512,
        "Enterprise cost management": 512093,
        "Total Operating Expenses": 2645378,
        "Total revenue financing activities": 482448,
        "Net profit from business activities": 1645706,
        "Profit": -11106,
        "Profit before tax": 1634600,
        "Present corporate income tax expenses": 316410,
        "Deferred income taxes expenses": -42977,
        "The interests of minority shareholders": 467242,
        "Total Cost of profits": 740675,
        "Profit after tax corporate income": 893925,
        "Volume": 746717861,
        "Close of Quarter": 49.3,
        "EPS": 1298.9,
        "Non-adjusted EPS": 1980,
        "PE": 24.9,
        "Book Price": 23.8
      }
    },
    {
      "quarter": "Q3 2015",
      "income status": {
        "Net sales": 8714811,
        "Cost of goods sold": 6118824,
        "Gross Profit": 2595987,
        "Financial expenses": 818888,
        "Of which: Interest expense": 818888,
        "Cost of sales": 1096706,
        "Enterprise cost management": 445715,
        "Total Operating Expenses": 2361309,
        "Total revenue financing activities": 348478,
        "Net profit from business activities": 710135,
        "Profit": -27287,
        "Profit before tax": 682848,
        "Present corporate income tax expenses": 204128,
        "Deferred income taxes expenses": -14526,
        "The interests of minority shareholders": 272704,
        "Total Cost of profits": 462306,
        "Profit after tax corporate income": 220542,
        "Volume": 746717861,
        "Close of Quarter": 47.1,
        "EPS": 1730.6,
        "Non-adjusted EPS": 2638,
        "PE": 17.8,
        "Book Price": 22.3
      }
    },
    {
      "quarter": "Q2 2015",
      "income status": {
        "Net sales": 6829450,
        "Cost of goods sold": 4488102,
        "Gross Profit": 2341348,
        "Financial expenses": 649731,
        "Of which: Interest expense": 970889,
        "Cost of sales": 1109468,
        "Enterprise cost management": 387102,
        "Total Operating Expenses": 2146301,
        "Total revenue financing activities": 408464,
        "Net profit from business activities": 752036,
        "Profit": -389,
        "Profit before tax": 751647,
        "Present corporate income tax expenses": 168332,
        "Deferred income taxes expenses": -32133,
        "The interests of minority shareholders": 255976,
        "Total Cost of profits": 392175,
        "Profit after tax corporate income": 359472,
        "Volume": 735808140,
        "Close of Quarter": 51.5,
        "EPS": 1561.1,
        "Non-adjusted EPS": 2415,
        "PE": 21.3,
        "Book Price": 22.8
      }
    },
    {
      "quarter": "Q1 2015",
      "income status": {
        "Net sales": 3584378,
        "Cost of goods sold": 2401467,
        "Gross Profit": 1182911,
        "Financial expenses": 519309,
        "Of which: Interest expense": 399634,
        "Cost of sales": 431671,
        "Enterprise cost management": 319607,
        "Total Operating Expenses": 1270587,
        "Total revenue financing activities": 142913,
        "Net profit from business activities": 158493,
        "Profit": -858,
        "Profit before tax": 157635,
        "Present corporate income tax expenses": 128664,
        "Deferred income taxes expenses": -28419,
        "The interests of minority shareholders": 53036,
        "Total Cost of profits": 153281,
        "Profit after tax corporate income": 4354,
        "Volume": 735808140,
        "Close of Quarter": 49.0,
        "EPS": 1046.6,
        "Non-adjusted EPS": 1619,
        "PE": 30.3,
        "Book Price": 19.3
      }
    },
    {
      "quarter": "Q4 2014",
      "income status": {
        "Net sales": 5255762,
        "Cost of goods sold": 2914991,
        "Gross Profit": 2340771,
        "Financial expenses": 424546,
        "Of which: Interest expense": 377862,
        "Cost of sales": 883144,
        "Enterprise cost management": 284200,
        "Total Operating Expenses": 1591890,
        "Total revenue financing activities": 1218176,
        "Net profit from business activities": 1921054,
        "Profit": 236500,
        "Profit before tax": 2157554,
        "Present corporate income tax expenses": 586952,
        "Deferred income taxes expenses": -277750,
        "The interests of minority shareholders": 462877,
        "Total Cost of profits": 772079,
        "Profit after tax corporate income": 1385475,
        "Volume": 735808140,
        "Close of Quarter": 52.8,
        "EPS": 949.0,
        "Non-adjusted EPS": 1468,
        "PE": 36.0,
        "Book Price": 19.3
      }
    },
    {
      "quarter": "Q3 2014",
      "income status": {
        "Net sales": 3993921,
        "Cost of goods sold": 2362782,
        "Gross Profit": 1631139,
        "Financial expenses": 404682,
        "Of which: Interest expense": 347006,
        "Cost of sales": 641790,
        "Enterprise cost management": 258302,
        "Total Operating Expenses": 1304774,
        "Total revenue financing activities": 80324,
        "Net profit from business activities": 358137,
        "Profit": -12269,
        "Profit before tax": 345868,
        "Present corporate income tax expenses": 42237,
        "Deferred income taxes expenses": 70919,
        "The interests of minority shareholders": 204688,
        "Total Cost of profits": 317844,
        "Profit after tax corporate income": 28024,
        "Volume": 735808140,
        "Close of Quarter": 52.2,
        "EPS": -111.2,
        "Non-adjusted EPS": -172,
        "PE": -303.3,
        "Book Price": 19.4
      }
    },
    {
      "quarter": "Q2 2014",
      "income status": {
        "Net sales": 4123940,
        "Cost of goods sold": 2578841,
        "Gross Profit": 1545099,
        "Financial expenses": 564851,
        "Of which: Interest expense": 484015,
        "Cost of sales": 721649,
        "Enterprise cost management": 257180,
        "Total Operating Expenses": 1543680,
        "Total revenue financing activities": 79159,
        "Net profit from business activities": 82756,
        "Profit": 15728,
        "Profit before tax": 98484,
        "Present corporate income tax expenses": 212481,
        "Deferred income taxes expenses": -47079,
        "The interests of minority shareholders": 159805,
        "Total Cost of profits": 325207,
        "Profit after tax corporate income": -226723,
        "Volume": 734911338,
        "Close of Quarter": 57.6,
        "EPS": -35.5,
        "Non-adjusted EPS": -55,
        "PE": -1046.6,
        "Book Price": 19.1
      }
    },
    {
      "quarter": "Q1 2014",
      "income status": {
        "Net sales": 2715013,
        "Cost of goods sold": 1632394,
        "Gross Profit": 1082619,
        "Financial expenses": 316912,
        "Of which: Interest expense": "N/A",
        "Cost of sales": 618254,
        "Enterprise cost management": 248676,
        "Total Operating Expenses": 1183842,
        "Total revenue financing activities": 193308,
        "Net profit from business activities": 131401,
        "Profit": 6424,
        "Profit before tax": 137825,
        "Present corporate income tax expenses": 117007,
        "Deferred income taxes expenses": -2078,
        "The interests of minority shareholders": 129503,
        "Total Cost of profits": 244432,
        "Profit after tax corporate income": -106607,
        "Volume": 734911338,
        "Close of Quarter": 61.7,
        "EPS": 283.4,
        "Non-adjusted EPS": 439,
        "PE": 140.6,
        "Book Price": 20.5
      }
    },
    {
      "quarter": "Q4 2013",
      "income status": {
        "Net sales": 4437440,
        "Cost of goods sold": 2450158,
        "Gross Profit": 1987282,
        "Financial expenses": 327937,
        "Of which: Interest expense": 185826,
        "Cost of sales": 658349,
        "Enterprise cost management": 325815,
        "Total Operating Expenses": 1312101,
        "Total revenue financing activities": 344655,
        "Net profit from business activities": 1019836,
        "Profit": -19035,
        "Profit before tax": 941301,
        "Present corporate income tax expenses": 271884,
        "Deferred income taxes expenses": -17809,
        "The interests of minority shareholders": 508624,
        "Total Cost of profits": 762699,
        "Profit after tax corporate income": 178602,
        "Volume": 734911338,
        "Close of Quarter": 52.5,
        "EPS": 377.7,
        "Non-adjusted EPS": 585,
        "PE": 89.7,
        "Book Price": 13.1
      }
    },
    {
      "quarter": "Q3 2013",
      "income status": {
        "Net sales": 3235014,
        "Cost of goods sold": 1840616,
        "Gross Profit": 1394398,
        "Financial expenses": 121927,
        "Of which: Interest expense": 101933,
        "Cost of sales": 591193,
        "Enterprise cost management": 216852,
        "Total Operating Expenses": 929972,
        "Total revenue financing activities": 92349,
        "Net profit from business activities": 556775,
        "Profit": -1957,
        "Profit before tax": 492721,
        "Present corporate income tax expenses": 229735,
        "Deferred income taxes expenses": -45675,
        "The interests of minority shareholders": 194013,
        "Total Cost of profits": 378073,
        "Profit after tax corporate income": 114648,
        "Volume": 705140873,
        "Close of Quarter": 54.4,
        "EPS": 340.1,
        "Non-adjusted EPS": 549,
        "PE": 99.1,
        "Book Price": 11.1
      }
    },
    {
      "quarter": "Q2 2013",
      "income status": {
        "Net sales": 2736093,
        "Cost of goods sold": 1624772,
        "Gross Profit": 1111321,
        "Financial expenses": 83825,
        "Of which: Interest expense": 50593,
        "Cost of sales": 386078,
        "Enterprise cost management": 216026,
        "Total Operating Expenses": 685929,
        "Total revenue financing activities": 87361,
        "Net profit from business activities": 512753,
        "Profit": 9765,
        "Profit before tax": 464465,
        "Present corporate income tax expenses": 176792,
        "Deferred income taxes expenses": 21318,
        "The interests of minority shareholders": 130497,
        "Total Cost of profits": 328607,
        "Profit after tax corporate income": 135858,
        "Volume": 687280123,
        "Close of Quarter": 56.6,
        "EPS": 518.1,
        "Non-adjusted EPS": 858,
        "PE": 66.0,
        "Book Price": 13.4
      }
    },
    {
      "quarter": "Q1 2013",
      "income status": {
        "Net sales": 1533986,
        "Cost of goods sold": 1026687,
        "Gross Profit": 507299,
        "Financial expenses": 73096,
        "Of which: Interest expense": 64602,
        "Cost of sales": 345967,
        "Enterprise cost management": 176442,
        "Total Operating Expenses": 595505,
        "Total revenue financing activities": 139756,
        "Net profit from business activities": 51550,
        "Profit": 80165,
        "Profit before tax": 116815,
        "Present corporate income tax expenses": 119505,
        "Deferred income taxes expenses": -37821,
        "The interests of minority shareholders": 34512,
        "Total Cost of profits": 116196,
        "Profit after tax corporate income": 619,
        "Volume": 687280123,
        "Close of Quarter": 78.9,
        "EPS": 837.5,
        "Non-adjusted EPS": 1387,
        "PE": 56.9,
        "Book Price": 13.7
      }
    },
    {
      "quarter": "Q4 2012",
      "income status": {
        "Net sales": 3654411,
        "Cost of goods sold": 2124107,
        "Gross Profit": 1530304,
        "Financial expenses": 56486,
        "Of which: Interest expense": "N/A",
        "Cost of sales": 413496,
        "Enterprise cost management": 222845,
        "Total Operating Expenses": 692827,
        "Total revenue financing activities": 123604,
        "Net profit from business activities": 961081,
        "Profit": 8004,
        "Profit before tax": 598662,
        "Present corporate income tax expenses": 378601,
        "Deferred income taxes expenses": -192787,
        "The interests of minority shareholders": 276551,
        "Total Cost of profits": 462365,
        "Profit after tax corporate income": 136297,
        "Volume": 687280123,
        "Close of Quarter": 64.9,
        "EPS": 1144.2,
        "Non-adjusted EPS": 1895,
        "PE": 34.2,
        "Book Price": 12.3
      }
    },
    {
      "quarter": "Q3 2012",
      "income status": {
        "Net sales": 2673129,
        "Cost of goods sold": 1588558,
        "Gross Profit": 1084571,
        "Financial expenses": 80463,
        "Of which: Interest expense": 65862,
        "Cost of sales": 376479,
        "Enterprise cost management": 198489,
        "Total Operating Expenses": 655431,
        "Total revenue financing activities": 128542,
        "Net profit from business activities": 557682,
        "Profit": 67748,
        "Profit before tax": 619891,
        "Present corporate income tax expenses": 100888,
        "Deferred income taxes expenses": 38010,
        "The interests of minority shareholders": 164194,
        "Total Cost of profits": 303092,
        "Profit after tax corporate income": 316799,
        "Volume": 687280123,
        "Close of Quarter": 61.4,
        "EPS": 1810.2,
        "Non-adjusted EPS": 2998,
        "PE": 20.5,
        "Book Price": 13.5
      }
    },
    {
      "quarter": "Q2 2012",
      "income status": {
        "Net sales": 2524322,
        "Cost of goods sold": 1486209,
        "Gross Profit": 1038113,
        "Financial expenses": 54074,
        "Of which: Interest expense": 160593,
        "Cost of sales": 302172,
        "Enterprise cost management": 194207,
        "Total Operating Expenses": 550453,
        "Total revenue financing activities": 194532,
        "Net profit from business activities": 682192,
        "Profit": 92139,
        "Profit before tax": 770421,
        "Present corporate income tax expenses": 95372,
        "Deferred income taxes expenses": 1339,
        "The interests of minority shareholders": 174422,
        "Total Cost of profits": 271133,
        "Profit after tax corporate income": 499288,
        "Volume": 515272269,
        "Close of Quarter": 63.6,
        "EPS": 1903.1,
        "Non-adjusted EPS": 4204,
        "PE": 15.1,
        "Book Price": 12.5
      }
    },
    {
      "quarter": "Q1 2012",
      "income status": {
        "Net sales": 1537553,
        "Cost of goods sold": 978495,
        "Gross Profit": 559058,
        "Financial expenses": 117290,
        "Of which: Interest expense": "N/A",
        "Cost of sales": 224387,
        "Enterprise cost management": 112791,
        "Total Operating Expenses": 454468,
        "Total revenue financing activities": 361606,
        "Net profit from business activities": 466196,
        "Profit": -4005,
        "Profit before tax": 554142,
        "Present corporate income tax expenses": 75267,
        "Deferred income taxes expenses": 28859,
        "The interests of minority shareholders": 100071,
        "Total Cost of profits": 204197,
        "Profit after tax corporate income": 349945,
        "Volume": 515272269,
        "Close of Quarter": 72.5,
        "EPS": 1738.8,
        "Non-adjusted EPS": 3841,
        "PE": 18.9,
        "Book Price": 14.3
      }
    },
    {
      "quarter": "Q4 2011",
      "income status": {
        "Net sales": 2810859,
        "Cost of goods sold": 1557412,
        "Gross Profit": 1253447,
        "Financial expenses": 34996,
        "Of which: Interest expense": "N/A",
        "Cost of sales": 391464,
        "Enterprise cost management": 165935,
        "Total Operating Expenses": 592395,
        "Total revenue financing activities": 311706,
        "Net profit from business activities": 972758,
        "Profit": 1205,
        "Profit before tax": 1273027,
        "Present corporate income tax expenses": 25038,
        "Deferred income taxes expenses": 114201,
        "The interests of minority shareholders": 239058,
        "Total Cost of profits": 378297,
        "Profit after tax corporate income": 894730,
        "Volume": 515272269,
        "Close of Quarter": 57.6,
        "EPS": 1728.3,
        "Non-adjusted EPS": 3818,
        "PE": 15.1,
        "Book Price": 13.9
      }
    },
    {
      "quarter": "Q3 2011",
      "income status": {
        "Net sales": 1407363,
        "Cost of goods sold": 784106,
        "Gross Profit": 623257,
        "Financial expenses": 118498,
        "Of which: Interest expense": "N/A",
        "Cost of sales": 232243,
        "Enterprise cost management": 81109,
        "Total Operating Expenses": 431850,
        "Total revenue financing activities": 399691,
        "Net profit from business activities": 591098,
        "Profit": -4410,
        "Profit before tax": 633586,
        "Present corporate income tax expenses": 107191,
        "Deferred income taxes expenses": -21195,
        "The interests of minority shareholders": 125514,
        "Total Cost of profits": 211510,
        "Profit after tax corporate income": 422076,
        "Volume": 515272269,
        "Close of Quarter": 76.3,
        "EPS": 2753.7,
        "Non-adjusted EPS": 6083,
        "PE": 12.6,
        "Book Price": 13.2
      }
    },
    {
      "quarter": "Q2 2011",
      "income status": {
        "Net sales": 1512704,
        "Cost of goods sold": 899776,
        "Gross Profit": 612928,
        "Financial expenses": 55466,
        "Of which: Interest expense": "N/A",
        "Cost of sales": 208762,
        "Enterprise cost management": 98290,
        "Total Operating Expenses": 362518,
        "Total revenue financing activities": 283013,
        "Net profit from business activities": 533423,
        "Profit": -1527,
        "Profit before tax": 537342,
        "Present corporate income tax expenses": 104363,
        "Deferred income taxes expenses": -2087,
        "The interests of minority shareholders": 122533,
        "Total Cost of profits": 224809,
        "Profit after tax corporate income": 312533,
        "Volume": 515272269,
        "Close of Quarter": 61.7,
        "EPS": 2590.7,
        "Non-adjusted EPS": 5723,
        "PE": 10.8,
        "Book Price": 12.9
      }
    },
    {
      "quarter": "Q1 2011",
      "income status": {
        "Net sales": 1325922,
        "Cost of goods sold": 758816,
        "Gross Profit": 567106,
        "Financial expenses": 139299,
        "Of which: Interest expense": "N/A",
        "Cost of sales": 176128,
        "Enterprise cost management": 43056,
        "Total Operating Expenses": 358483,
        "Total revenue financing activities": 186891,
        "Net profit from business activities": 395514,
        "Profit": 601,
        "Profit before tax": 433897,
        "Present corporate income tax expenses": 45039,
        "Deferred income taxes expenses": "N/A",
        "The interests of minority shareholders": 51040,
        "Total Cost of profits": 96079,
        "Profit after tax corporate income": 337818,
        "Volume": 515272269,
        "Close of Quarter": 52.2,
        "EPS": 2526.4,
        "Non-adjusted EPS": 5581,
        "PE": 9.4,
        "Book Price": 10.6
      }
    }
  ]
}