{
  "ticker": "DHA",
  "data": [
    {
      "quarter": "Q4 2016",
      "income status": {
        "Net sales": 56766,
        "Cost of goods sold": 41137,
        "Gross Profit": 15630,
        "Financial expenses": "N/A",
        "Of which: Interest expense": "N/A",
        "Cost of sales": 22,
        "Enterprise cost management": 5147,
        "Total Operating Expenses": 5169,
        "Total revenue financing activities": 548,
        "Net profit from business activities": 11009,
        "Profit": 13114,
        "Profit before tax": 24123,
        "Present corporate income tax expenses": 4825,
        "Deferred income taxes expenses": "N/A",
        "The interests of minority shareholders": "N/A",
        "Total Cost of profits": 4825,
        "Profit after tax corporate income": 19298,
        "Volume": 15061213,
        "Close of Quarter": 28.1,
        "EPS": 3269,
        "Non-adjusted EPS": 3269,
        "PE": 8.6,
        "Book Price": 22.6
      }
    },
    {
      "quarter": "Q3 2016",
      "income status": {
        "Net sales": 47620,
        "Cost of goods sold": 35926,
        "Gross Profit": 11695,
        "Financial expenses": "N/A",
        "Of which: Interest expense": "N/A",
        "Cost of sales": 71,
        "Enterprise cost management": 3648,
        "Total Operating Expenses": 3719,
        "Total revenue financing activities": 1185,
        "Net profit from business activities": 9161,
        "Profit": "N/A",
        "Profit before tax": 9161,
        "Present corporate income tax expenses": 1832,
        "Deferred income taxes expenses": "N/A",
        "The interests of minority shareholders": "N/A",
        "Total Cost of profits": 1832,
        "Profit after tax corporate income": 7329,
        "Volume": 15061213,
        "Close of Quarter": 34.6,
        "EPS": 2722,
        "Non-adjusted EPS": 2722,
        "PE": 12.7,
        "Book Price": 22.4
      }
    },
    {
      "quarter": "Q2 2016",
      "income status": {
        "Net sales": 50983,
        "Cost of goods sold": 35211,
        "Gross Profit": 15772,
        "Financial expenses": 140,
        "Of which: Interest expense": "N/A",
        "Cost of sales": 20,
        "Enterprise cost management": 3152,
        "Total Operating Expenses": 3312,
        "Total revenue financing activities": 3001,
        "Net profit from business activities": 15462,
        "Profit": 1726,
        "Profit before tax": 17187,
        "Present corporate income tax expenses": 3074,
        "Deferred income taxes expenses": "N/A",
        "The interests of minority shareholders": "N/A",
        "Total Cost of profits": 3074,
        "Profit after tax corporate income": 14113,
        "Volume": 15061213,
        "Close of Quarter": 33.2,
        "EPS": 2837,
        "Non-adjusted EPS": 2837,
        "PE": 11.7,
        "Book Price": 21.9
      }
    },
    {
      "quarter": "Q1 2016",
      "income status": {
        "Net sales": 40054,
        "Cost of goods sold": 28203,
        "Gross Profit": 11851,
        "Financial expenses": "N/A",
        "Of which: Interest expense": "N/A",
        "Cost of sales": 97,
        "Enterprise cost management": 3233,
        "Total Operating Expenses": 3330,
        "Total revenue financing activities": 1005,
        "Net profit from business activities": 9527,
        "Profit": 1093,
        "Profit before tax": 10620,
        "Present corporate income tax expenses": 2124,
        "Deferred income taxes expenses": "N/A",
        "The interests of minority shareholders": "N/A",
        "Total Cost of profits": 2124,
        "Profit after tax corporate income": 8496,
        "Volume": 15061213,
        "Close of Quarter": 24.4,
        "EPS": 2938,
        "Non-adjusted EPS": 2938,
        "PE": 8.3,
        "Book Price": 22.2
      }
    },
    {
      "quarter": "Q4 2015",
      "income status": {
        "Net sales": 64349,
        "Cost of goods sold": 43843,
        "Gross Profit": 20506,
        "Financial expenses": 931,
        "Of which: Interest expense": "N/A",
        "Cost of sales": 25,
        "Enterprise cost management": 6157,
        "Total Operating Expenses": 7113,
        "Total revenue financing activities": 528,
        "Net profit from business activities": 13920,
        "Profit": 267,
        "Profit before tax": 14187,
        "Present corporate income tax expenses": 3121,
        "Deferred income taxes expenses": "N/A",
        "The interests of minority shareholders": "N/A",
        "Total Cost of profits": 3121,
        "Profit after tax corporate income": 11066,
        "Volume": 15061213,
        "Close of Quarter": 18.4,
        "EPS": 2946,
        "Non-adjusted EPS": 2946,
        "PE": 6.2,
        "Book Price": 22.6
      }
    },
    {
      "quarter": "Q3 2015",
      "income status": {
        "Net sales": 48280,
        "Cost of goods sold": 34124,
        "Gross Profit": 14156,
        "Financial expenses": "N/A",
        "Of which: Interest expense": "N/A",
        "Cost of sales": 59,
        "Enterprise cost management": 3110,
        "Total Operating Expenses": 3169,
        "Total revenue financing activities": 578,
        "Net profit from business activities": 11566,
        "Profit": "N/A",
        "Profit before tax": 11566,
        "Present corporate income tax expenses": 2513,
        "Deferred income taxes expenses": "N/A",
        "The interests of minority shareholders": "N/A",
        "Total Cost of profits": 2513,
        "Profit after tax corporate income": 9053,
        "Volume": 15061213,
        "Close of Quarter": 15.3,
        "EPS": 2558,
        "Non-adjusted EPS": 2558,
        "PE": 6.0,
        "Book Price": 21.9
      }
    },
    {
      "quarter": "Q2 2015",
      "income status": {
        "Net sales": 44612,
        "Cost of goods sold": 32345,
        "Gross Profit": 12267,
        "Financial expenses": "N/A",
        "Of which: Interest expense": "N/A",
        "Cost of sales": 36,
        "Enterprise cost management": 2382,
        "Total Operating Expenses": 2418,
        "Total revenue financing activities": 9750,
        "Net profit from business activities": 19599,
        "Profit": -22,
        "Profit before tax": 19577,
        "Present corporate income tax expenses": 3938,
        "Deferred income taxes expenses": "N/A",
        "The interests of minority shareholders": "N/A",
        "Total Cost of profits": 3938,
        "Profit after tax corporate income": 15639,
        "Volume": 15061213,
        "Close of Quarter": 14.4,
        "EPS": 2233,
        "Non-adjusted EPS": 2233,
        "PE": 6.5,
        "Book Price": 21.3
      }
    },
    {
      "quarter": "Q1 2015",
      "income status": {
        "Net sales": 44269,
        "Cost of goods sold": 31306,
        "Gross Profit": 12963,
        "Financial expenses": "N/A",
        "Of which: Interest expense": "N/A",
        "Cost of sales": 126,
        "Enterprise cost management": 2116,
        "Total Operating Expenses": 2242,
        "Total revenue financing activities": 318,
        "Net profit from business activities": 11039,
        "Profit": "N/A",
        "Profit before tax": 11039,
        "Present corporate income tax expenses": 2429,
        "Deferred income taxes expenses": "N/A",
        "The interests of minority shareholders": "N/A",
        "Total Cost of profits": 2429,
        "Profit after tax corporate income": 8611,
        "Volume": 15061213,
        "Close of Quarter": 13.3,
        "EPS": 1486,
        "Non-adjusted EPS": 1486,
        "PE": 8.9,
        "Book Price": 21.3
      }
    },
    {
      "quarter": "Q4 2014",
      "income status": {
        "Net sales": 47250,
        "Cost of goods sold": 36473,
        "Gross Profit": 10777,
        "Financial expenses": 1590,
        "Of which: Interest expense": "N/A",
        "Cost of sales": 37,
        "Enterprise cost management": 2944,
        "Total Operating Expenses": 4571,
        "Total revenue financing activities": 213,
        "Net profit from business activities": 6419,
        "Profit": 227,
        "Profit before tax": 6646,
        "Present corporate income tax expenses": 1427,
        "Deferred income taxes expenses": "N/A",
        "The interests of minority shareholders": "N/A",
        "Total Cost of profits": 1427,
        "Profit after tax corporate income": 5219,
        "Volume": 15061213,
        "Close of Quarter": 11.0,
        "EPS": 986,
        "Non-adjusted EPS": 986,
        "PE": 11.2,
        "Book Price": 20.7
      }
    },
    {
      "quarter": "Q3 2014",
      "income status": {
        "Net sales": 41016,
        "Cost of goods sold": 33304,
        "Gross Profit": 7712,
        "Financial expenses": 75,
        "Of which: Interest expense": 70,
        "Cost of sales": 73,
        "Enterprise cost management": 2593,
        "Total Operating Expenses": 2741,
        "Total revenue financing activities": 197,
        "Net profit from business activities": 5168,
        "Profit": 176,
        "Profit before tax": 5343,
        "Present corporate income tax expenses": 1176,
        "Deferred income taxes expenses": "N/A",
        "The interests of minority shareholders": "N/A",
        "Total Cost of profits": 1176,
        "Profit after tax corporate income": 4168,
        "Volume": 15061213,
        "Close of Quarter": 10.2,
        "EPS": 730,
        "Non-adjusted EPS": 730,
        "PE": 14.0,
        "Book Price": 20.4
      }
    },
    {
      "quarter": "Q2 2014",
      "income status": {
        "Net sales": 45372,
        "Cost of goods sold": 36704,
        "Gross Profit": 8668,
        "Financial expenses": 292,
        "Of which: Interest expense": 342,
        "Cost of sales": 41,
        "Enterprise cost management": 3527,
        "Total Operating Expenses": 3860,
        "Total revenue financing activities": 897,
        "Net profit from business activities": 5705,
        "Profit": -160,
        "Profit before tax": 5544,
        "Present corporate income tax expenses": 1168,
        "Deferred income taxes expenses": "N/A",
        "The interests of minority shareholders": "N/A",
        "Total Cost of profits": 1168,
        "Profit after tax corporate income": 4377,
        "Volume": 15061213,
        "Close of Quarter": 8.0,
        "EPS": 882,
        "Non-adjusted EPS": 882,
        "PE": 9.1,
        "Book Price": 20.1
      }
    },
    {
      "quarter": "Q1 2014",
      "income status": {
        "Net sales": 37472,
        "Cost of goods sold": 34186,
        "Gross Profit": 3287,
        "Financial expenses": 363,
        "Of which: Interest expense": 363,
        "Cost of sales": 170,
        "Enterprise cost management": 1496,
        "Total Operating Expenses": 2029,
        "Total revenue financing activities": 130,
        "Net profit from business activities": 1389,
        "Profit": "N/A",
        "Profit before tax": 1389,
        "Present corporate income tax expenses": 305,
        "Deferred income taxes expenses": "N/A",
        "The interests of minority shareholders": "N/A",
        "Total Cost of profits": 305,
        "Profit after tax corporate income": 1083,
        "Volume": 15061213,
        "Close of Quarter": 8.7,
        "EPS": 516,
        "Non-adjusted EPS": 516,
        "PE": 16.8,
        "Book Price": 20.4
      }
    },
    {
      "quarter": "Q4 2013",
      "income status": {
        "Net sales": 40582,
        "Cost of goods sold": 35128,
        "Gross Profit": 5454,
        "Financial expenses": 2118,
        "Of which: Interest expense": 343,
        "Cost of sales": 108,
        "Enterprise cost management": 1391,
        "Total Operating Expenses": 3617,
        "Total revenue financing activities": 1353,
        "Net profit from business activities": 3190,
        "Profit": -1510,
        "Profit before tax": 1681,
        "Present corporate income tax expenses": 309,
        "Deferred income taxes expenses": "N/A",
        "The interests of minority shareholders": "N/A",
        "Total Cost of profits": 309,
        "Profit after tax corporate income": 1372,
        "Volume": 15061213,
        "Close of Quarter": 6.8,
        "EPS": 575,
        "Non-adjusted EPS": 575,
        "PE": 11.8,
        "Book Price": 20.3
      }
    },
    {
      "quarter": "Q3 2013",
      "income status": {
        "Net sales": 35148,
        "Cost of goods sold": 25888,
        "Gross Profit": 9259,
        "Financial expenses": 493,
        "Of which: Interest expense": 483,
        "Cost of sales": 2,
        "Enterprise cost management": 1746,
        "Total Operating Expenses": 2241,
        "Total revenue financing activities": 1463,
        "Net profit from business activities": 8482,
        "Profit": "N/A",
        "Profit before tax": 8482,
        "Present corporate income tax expenses": 2027,
        "Deferred income taxes expenses": "N/A",
        "The interests of minority shareholders": "N/A",
        "Total Cost of profits": 2027,
        "Profit after tax corporate income": 6455,
        "Volume": 15061213,
        "Close of Quarter": 5.0,
        "EPS": 558,
        "Non-adjusted EPS": 558,
        "PE": 9,
        "Book Price": 20.2
      }
    },
    {
      "quarter": "Q2 2013",
      "income status": {
        "Net sales": 35733,
        "Cost of goods sold": 36561,
        "Gross Profit": -828,
        "Financial expenses": 1738,
        "Of which: Interest expense": 928,
        "Cost of sales": 412,
        "Enterprise cost management": 2300,
        "Total Operating Expenses": 4450,
        "Total revenue financing activities": 895,
        "Net profit from business activities": -4383,
        "Profit": 2818,
        "Profit before tax": -1565,
        "Present corporate income tax expenses": -428,
        "Deferred income taxes expenses": "N/A",
        "The interests of minority shareholders": "N/A",
        "Total Cost of profits": -428,
        "Profit after tax corporate income": -1138,
        "Volume": 15061213,
        "Close of Quarter": 6.6,
        "EPS": 518,
        "Non-adjusted EPS": 518,
        "PE": 12.8,
        "Book Price": 19.8
      }
    },
    {
      "quarter": "Q1 2013",
      "income status": {
        "Net sales": 36666,
        "Cost of goods sold": 30621,
        "Gross Profit": 6044,
        "Financial expenses": 2525,
        "Of which: Interest expense": 890,
        "Cost of sales": 700,
        "Enterprise cost management": 1680,
        "Total Operating Expenses": 4905,
        "Total revenue financing activities": 1264,
        "Net profit from business activities": 2403,
        "Profit": "N/A",
        "Profit before tax": 2403,
        "Present corporate income tax expenses": 428,
        "Deferred income taxes expenses": "N/A",
        "The interests of minority shareholders": "N/A",
        "Total Cost of profits": 428,
        "Profit after tax corporate income": 1976,
        "Volume": 15061213,
        "Close of Quarter": 6.9,
        "EPS": 1115,
        "Non-adjusted EPS": 1115,
        "PE": 6.2,
        "Book Price": 20.9
      }
    },
    {
      "quarter": "Q4 2012",
      "income status": {
        "Net sales": 50138,
        "Cost of goods sold": 47788,
        "Gross Profit": 2350,
        "Financial expenses": -728,
        "Of which: Interest expense": 153,
        "Cost of sales": 630,
        "Enterprise cost management": 4030,
        "Total Operating Expenses": 3932,
        "Total revenue financing activities": 915,
        "Net profit from business activities": -668,
        "Profit": 1979,
        "Profit before tax": 1311,
        "Present corporate income tax expenses": 201,
        "Deferred income taxes expenses": "N/A",
        "The interests of minority shareholders": "N/A",
        "Total Cost of profits": 201,
        "Profit after tax corporate income": 1111,
        "Volume": 15061213,
        "Close of Quarter": 6.8,
        "EPS": 1070,
        "Non-adjusted EPS": 1070,
        "PE": 6.4,
        "Book Price": 20.8
      }
    },
    {
      "quarter": "Q3 2012",
      "income status": {
        "Net sales": 54967,
        "Cost of goods sold": 44717,
        "Gross Profit": 10251,
        "Financial expenses": 1417,
        "Of which: Interest expense": "N/A",
        "Cost of sales": 873,
        "Enterprise cost management": 1856,
        "Total Operating Expenses": 4146,
        "Total revenue financing activities": 890,
        "Net profit from business activities": 6996,
        "Profit": "N/A",
        "Profit before tax": 6996,
        "Present corporate income tax expenses": 1138,
        "Deferred income taxes expenses": "N/A",
        "The interests of minority shareholders": "N/A",
        "Total Cost of profits": 1138,
        "Profit after tax corporate income": 5857,
        "Volume": 15061213,
        "Close of Quarter": 6.3,
        "EPS": 1988,
        "Non-adjusted EPS": 1988,
        "PE": 3.2,
        "Book Price": 20.7
      }
    },
    {
      "quarter": "Q2 2012",
      "income status": {
        "Net sales": 61649,
        "Cost of goods sold": 47958,
        "Gross Profit": 13692,
        "Financial expenses": 547,
        "Of which: Interest expense": 1286,
        "Cost of sales": 1220,
        "Enterprise cost management": 3508,
        "Total Operating Expenses": 5275,
        "Total revenue financing activities": 902,
        "Net profit from business activities": 9318,
        "Profit": -36,
        "Profit before tax": 9282,
        "Present corporate income tax expenses": 1439,
        "Deferred income taxes expenses": "N/A",
        "The interests of minority shareholders": "N/A",
        "Total Cost of profits": 1439,
        "Profit after tax corporate income": 7843,
        "Volume": 15061213,
        "Close of Quarter": 7.7,
        "EPS": 2085,
        "Non-adjusted EPS": 2085,
        "PE": 3.7,
        "Book Price": 20.3
      }
    },
    {
      "quarter": "Q1 2012",
      "income status": {
        "Net sales": 49245,
        "Cost of goods sold": 43130,
        "Gross Profit": 6115,
        "Financial expenses": 1323,
        "Of which: Interest expense": 1316,
        "Cost of sales": 1095,
        "Enterprise cost management": 2369,
        "Total Operating Expenses": 4787,
        "Total revenue financing activities": 420,
        "Net profit from business activities": 1748,
        "Profit": "N/A",
        "Profit before tax": 1748,
        "Present corporate income tax expenses": 437,
        "Deferred income taxes expenses": "N/A",
        "The interests of minority shareholders": "N/A",
        "Total Cost of profits": 437,
        "Profit after tax corporate income": 1311,
        "Volume": 15061213,
        "Close of Quarter": 8.0,
        "EPS": 2537,
        "Non-adjusted EPS": 2537,
        "PE": 3.2,
        "Book Price": 21.2
      }
    },
    {
      "quarter": "Q4 2011",
      "income status": {
        "Net sales": 48869,
        "Cost of goods sold": 30140,
        "Gross Profit": 18729,
        "Financial expenses": 2578,
        "Of which: Interest expense": 2385,
        "Cost of sales": 1422,
        "Enterprise cost management": 3150,
        "Total Operating Expenses": 7150,
        "Total revenue financing activities": 1830,
        "Net profit from business activities": 13409,
        "Profit": 133,
        "Profit before tax": 13542,
        "Present corporate income tax expenses": -1386,
        "Deferred income taxes expenses": "N/A",
        "The interests of minority shareholders": "N/A",
        "Total Cost of profits": -1386,
        "Profit after tax corporate income": 14928,
        "Volume": 15061213,
        "Close of Quarter": 5.5,
        "EPS": 3183,
        "Non-adjusted EPS": 3183,
        "PE": 1.7,
        "Book Price": 22.5
      }
    },
    {
      "quarter": "Q3 2011",
      "income status": {
        "Net sales": 53796,
        "Cost of goods sold": 37349,
        "Gross Profit": 16447,
        "Financial expenses": 2459,
        "Of which: Interest expense": 2458,
        "Cost of sales": 1510,
        "Enterprise cost management": 4265,
        "Total Operating Expenses": 8234,
        "Total revenue financing activities": 1539,
        "Net profit from business activities": 9752,
        "Profit": "N/A",
        "Profit before tax": 9752,
        "Present corporate income tax expenses": 2438,
        "Deferred income taxes expenses": "N/A",
        "The interests of minority shareholders": "N/A",
        "Total Cost of profits": 2438,
        "Profit after tax corporate income": 7314,
        "Volume": 15061213,
        "Close of Quarter": 7.0,
        "EPS": 2620,
        "Non-adjusted EPS": 2620,
        "PE": 2.7,
        "Book Price": 21.5
      }
    },
    {
      "quarter": "Q2 2011",
      "income status": {
        "Net sales": 69952,
        "Cost of goods sold": 43043,
        "Gross Profit": 26909,
        "Financial expenses": 2163,
        "Of which: Interest expense": 2162,
        "Cost of sales": 2236,
        "Enterprise cost management": 5206,
        "Total Operating Expenses": 9605,
        "Total revenue financing activities": 2127,
        "Net profit from business activities": 19432,
        "Profit": "N/A",
        "Profit before tax": 19432,
        "Present corporate income tax expenses": 4768,
        "Deferred income taxes expenses": "N/A",
        "The interests of minority shareholders": "N/A",
        "Total Cost of profits": 4768,
        "Profit after tax corporate income": 14664,
        "Volume": 15061213,
        "Close of Quarter": 8.2,
        "EPS": 2948,
        "Non-adjusted EPS": 2948,
        "PE": 2.8,
        "Book Price": 22.2
      }
    },
    {
      "quarter": "Q1 2011",
      "income status": {
        "Net sales": 46858,
        "Cost of goods sold": 28023,
        "Gross Profit": 18836,
        "Financial expenses": 1598,
        "Of which: Interest expense": 1594,
        "Cost of sales": 1360,
        "Enterprise cost management": 3589,
        "Total Operating Expenses": 6547,
        "Total revenue financing activities": 2277,
        "Net profit from business activities": 14566,
        "Profit": "N/A",
        "Profit before tax": 14566,
        "Present corporate income tax expenses": 3527,
        "Deferred income taxes expenses": "N/A",
        "The interests of minority shareholders": "N/A",
        "Total Cost of profits": 3527,
        "Profit after tax corporate income": 11039,
        "Volume": 15061213,
        "Close of Quarter": 9.2,
        "EPS": 3422,
        "Non-adjusted EPS": 3422,
        "PE": 2.7,
        "Book Price": 21.9
      }
    }
  ]
}