{
  "ticker": "AMC",
  "data": [
    {
      "quarter": "Q4 2016",
      "income status": {
        "Net sales": 39329,
        "Cost of goods sold": 23601,
        "Gross Profit": 15728,
        "Financial expenses": 262,
        "Of which: Interest expense": 77,
        "Cost of sales": 11145,
        "Enterprise cost management": 2631,
        "Total Operating Expenses": 14038,
        "Total revenue financing activities": 57,
        "Net profit from business activities": 1747,
        "Profit": -47,
        "Profit before tax": 1700,
        "Present corporate income tax expenses": 90,
        "Deferred income taxes expenses": "N/A",
        "The interests of minority shareholders": "N/A",
        "Total Cost of profits": 90,
        "Profit after tax corporate income": 1610,
        "Volume": 2850000,
        "Close of Quarter": 27.5,
        "EPS": 4436,
        "Non-adjusted EPS": 4436,
        "PE": 6.2,
        "Book Price": 17.5
      }
    },
    {
      "quarter": "Q3 2016",
      "income status": {
        "Net sales": 47043,
        "Cost of goods sold": 27705,
        "Gross Profit": 19338,
        "Financial expenses": 192,
        "Of which: Interest expense": 166,
        "Cost of sales": 12317,
        "Enterprise cost management": 1992,
        "Total Operating Expenses": 14501,
        "Total revenue financing activities": 20,
        "Net profit from business activities": 4857,
        "Profit": -6,
        "Profit before tax": 4851,
        "Present corporate income tax expenses": 246,
        "Deferred income taxes expenses": "N/A",
        "The interests of minority shareholders": "N/A",
        "Total Cost of profits": 246,
        "Profit after tax corporate income": 4605,
        "Volume": 2850000,
        "Close of Quarter": 29.8,
        "EPS": 4965,
        "Non-adjusted EPS": 4965,
        "PE": 6.0,
        "Book Price": 17
      }
    },
    {
      "quarter": "Q2 2016",
      "income status": {
        "Net sales": 42171,
        "Cost of goods sold": 26403,
        "Gross Profit": 15768,
        "Financial expenses": 247,
        "Of which: Interest expense": 235,
        "Cost of sales": 10563,
        "Enterprise cost management": 1692,
        "Total Operating Expenses": 12502,
        "Total revenue financing activities": 6,
        "Net profit from business activities": 3273,
        "Profit": -19,
        "Profit before tax": 3254,
        "Present corporate income tax expenses": 167,
        "Deferred income taxes expenses": "N/A",
        "The interests of minority shareholders": "N/A",
        "Total Cost of profits": 167,
        "Profit after tax corporate income": 3087,
        "Volume": 2850000,
        "Close of Quarter": 30.1,
        "EPS": 5318,
        "Non-adjusted EPS": 5318,
        "PE": 5.7,
        "Book Price": 15.3
      }
    },
    {
      "quarter": "Q1 2016",
      "income status": {
        "Net sales": 37846,
        "Cost of goods sold": 23056,
        "Gross Profit": 14790,
        "Financial expenses": 290,
        "Of which: Interest expense": 288,
        "Cost of sales": 9251,
        "Enterprise cost management": 1746,
        "Total Operating Expenses": 11287,
        "Total revenue financing activities": 66,
        "Net profit from business activities": 3568,
        "Profit": -46,
        "Profit before tax": 3522,
        "Present corporate income tax expenses": 182,
        "Deferred income taxes expenses": "N/A",
        "The interests of minority shareholders": "N/A",
        "Total Cost of profits": 182,
        "Profit after tax corporate income": 3340,
        "Volume": 2850000,
        "Close of Quarter": 22.1,
        "EPS": 4913,
        "Non-adjusted EPS": 4913,
        "PE": 4.5,
        "Book Price": 18
      }
    },
    {
      "quarter": "Q4 2015",
      "income status": {
        "Net sales": 42050,
        "Cost of goods sold": 24831,
        "Gross Profit": 17219,
        "Financial expenses": 303,
        "Of which: Interest expense": 265,
        "Cost of sales": 11203,
        "Enterprise cost management": 2486,
        "Total Operating Expenses": 13992,
        "Total revenue financing activities": 46,
        "Net profit from business activities": 3272,
        "Profit": -14,
        "Profit before tax": 3258,
        "Present corporate income tax expenses": 141,
        "Deferred income taxes expenses": "N/A",
        "The interests of minority shareholders": "N/A",
        "Total Cost of profits": 141,
        "Profit after tax corporate income": 3117,
        "Volume": 2850000,
        "Close of Quarter": 23.3,
        "EPS": 4294,
        "Non-adjusted EPS": 4294,
        "PE": 5.4,
        "Book Price": 17.1
      }
    },
    {
      "quarter": "Q3 2015",
      "income status": {
        "Net sales": 48954,
        "Cost of goods sold": 27376,
        "Gross Profit": 21578,
        "Financial expenses": 581,
        "Of which: Interest expense": 251,
        "Cost of sales": 13454,
        "Enterprise cost management": 1593,
        "Total Operating Expenses": 15628,
        "Total revenue financing activities": 34,
        "Net profit from business activities": 5985,
        "Profit": -47,
        "Profit before tax": 5938,
        "Present corporate income tax expenses": 325,
        "Deferred income taxes expenses": "N/A",
        "The interests of minority shareholders": "N/A",
        "Total Cost of profits": 325,
        "Profit after tax corporate income": 5613,
        "Volume": 2850000,
        "Close of Quarter": 17.6,
        "EPS": 3751,
        "Non-adjusted EPS": 3751,
        "PE": 4.7,
        "Book Price": 16
      }
    },
    {
      "quarter": "Q2 2015",
      "income status": {
        "Net sales": 38471,
        "Cost of goods sold": 22227,
        "Gross Profit": 16244,
        "Financial expenses": 282,
        "Of which: Interest expense": 143,
        "Cost of sales": 11960,
        "Enterprise cost management": 1993,
        "Total Operating Expenses": 14235,
        "Total revenue financing activities": 25,
        "Net profit from business activities": 2034,
        "Profit": 15,
        "Profit before tax": 2049,
        "Present corporate income tax expenses": 116,
        "Deferred income taxes expenses": "N/A",
        "The interests of minority shareholders": "N/A",
        "Total Cost of profits": 116,
        "Profit after tax corporate income": 1933,
        "Volume": 2850000,
        "Close of Quarter": 14.9,
        "EPS": 3280,
        "Non-adjusted EPS": 3280,
        "PE": 4.5,
        "Book Price": 14.1
      }
    },
    {
      "quarter": "Q1 2015",
      "income status": {
        "Net sales": 32739,
        "Cost of goods sold": 18284,
        "Gross Profit": 14456,
        "Financial expenses": 377,
        "Of which: Interest expense": 151,
        "Cost of sales": 11104,
        "Enterprise cost management": 1335,
        "Total Operating Expenses": 12816,
        "Total revenue financing activities": 25,
        "Net profit from business activities": 1664,
        "Profit": -5,
        "Profit before tax": 1660,
        "Present corporate income tax expenses": 85,
        "Deferred income taxes expenses": "N/A",
        "The interests of minority shareholders": "N/A",
        "Total Cost of profits": 85,
        "Profit after tax corporate income": 1575,
        "Volume": 2850000,
        "Close of Quarter": 16.9,
        "EPS": 3371,
        "Non-adjusted EPS": 3371,
        "PE": 5.0,
        "Book Price": 16.3
      }
    },
    {
      "quarter": "Q4 2014",
      "income status": {
        "Net sales": 38791,
        "Cost of goods sold": 21895,
        "Gross Profit": 16896,
        "Financial expenses": 236,
        "Of which: Interest expense": 156,
        "Cost of sales": 13646,
        "Enterprise cost management": 1384,
        "Total Operating Expenses": 15266,
        "Total revenue financing activities": 38,
        "Net profit from business activities": 1668,
        "Profit": -8,
        "Profit before tax": 1660,
        "Present corporate income tax expenses": 90,
        "Deferred income taxes expenses": "N/A",
        "The interests of minority shareholders": "N/A",
        "Total Cost of profits": 90,
        "Profit after tax corporate income": 1570,
        "Volume": 2850000,
        "Close of Quarter": 14.1,
        "EPS": 3339,
        "Non-adjusted EPS": 3339,
        "PE": 4.2,
        "Book Price": 16.1
      }
    },
    {
      "quarter": "Q3 2014",
      "income status": {
        "Net sales": 44870,
        "Cost of goods sold": 24033,
        "Gross Profit": 20837,
        "Financial expenses": 127,
        "Of which: Interest expense": 65,
        "Cost of sales": 15045,
        "Enterprise cost management": 1201,
        "Total Operating Expenses": 16373,
        "Total revenue financing activities": 31,
        "Net profit from business activities": 4495,
        "Profit": "N/A",
        "Profit before tax": 4495,
        "Present corporate income tax expenses": 226,
        "Deferred income taxes expenses": "N/A",
        "The interests of minority shareholders": "N/A",
        "Total Cost of profits": 226,
        "Profit after tax corporate income": 4269,
        "Volume": 2850000,
        "Close of Quarter": 17.3,
        "EPS": 3511,
        "Non-adjusted EPS": 3511,
        "PE": 4.9,
        "Book Price": 15.5
      }
    },
    {
      "quarter": "Q2 2014",
      "income status": {
        "Net sales": 28494,
        "Cost of goods sold": 14750,
        "Gross Profit": 13744,
        "Financial expenses": 240,
        "Of which: Interest expense": 98,
        "Cost of sales": 10286,
        "Enterprise cost management": 1144,
        "Total Operating Expenses": 11670,
        "Total revenue financing activities": 238,
        "Net profit from business activities": 2312,
        "Profit": -2,
        "Profit before tax": 2310,
        "Present corporate income tax expenses": 116,
        "Deferred income taxes expenses": "N/A",
        "The interests of minority shareholders": "N/A",
        "Total Cost of profits": 116,
        "Profit after tax corporate income": 2194,
        "Volume": 2850000,
        "Close of Quarter": 14.1,
        "EPS": 2864,
        "Non-adjusted EPS": 2864,
        "PE": 4.9,
        "Book Price": 14
      }
    },
    {
      "quarter": "Q1 2014",
      "income status": {
        "Net sales": 24061,
        "Cost of goods sold": 12252,
        "Gross Profit": 11809,
        "Financial expenses": 84,
        "Of which: Interest expense": 70,
        "Cost of sales": 9053,
        "Enterprise cost management": 1263,
        "Total Operating Expenses": 10400,
        "Total revenue financing activities": 151,
        "Net profit from business activities": 1559,
        "Profit": 2,
        "Profit before tax": 1562,
        "Present corporate income tax expenses": 80,
        "Deferred income taxes expenses": "N/A",
        "The interests of minority shareholders": "N/A",
        "Total Cost of profits": 80,
        "Profit after tax corporate income": 1482,
        "Volume": 2850000,
        "Close of Quarter": 19.0,
        "EPS": 2932,
        "Non-adjusted EPS": 2932,
        "PE": 6.5,
        "Book Price": 16.2
      }
    },
    {
      "quarter": "Q4 2013",
      "income status": {
        "Net sales": 27998,
        "Cost of goods sold": 14575,
        "Gross Profit": 13423,
        "Financial expenses": 16,
        "Of which: Interest expense": 5,
        "Cost of sales": 9689,
        "Enterprise cost management": 1544,
        "Total Operating Expenses": 11249,
        "Total revenue financing activities": 71,
        "Net profit from business activities": 2246,
        "Profit": -71,
        "Profit before tax": 2175,
        "Present corporate income tax expenses": 115,
        "Deferred income taxes expenses": "N/A",
        "The interests of minority shareholders": "N/A",
        "Total Cost of profits": 115,
        "Profit after tax corporate income": 2060,
        "Volume": 2850000,
        "Close of Quarter": 12.7,
        "EPS": 3426,
        "Non-adjusted EPS": 3426,
        "PE": 3.7,
        "Book Price": 15.9
      }
    },
    {
      "quarter": "Q3 2013",
      "income status": {
        "Net sales": 25902,
        "Cost of goods sold": 13691,
        "Gross Profit": 12211,
        "Financial expenses": 70,
        "Of which: Interest expense": 17,
        "Cost of sales": 8410,
        "Enterprise cost management": 1259,
        "Total Operating Expenses": 9739,
        "Total revenue financing activities": 86,
        "Net profit from business activities": 2558,
        "Profit": "N/A",
        "Profit before tax": 2558,
        "Present corporate income tax expenses": 133,
        "Deferred income taxes expenses": "N/A",
        "The interests of minority shareholders": "N/A",
        "Total Cost of profits": 133,
        "Profit after tax corporate income": 2425,
        "Volume": 2850000,
        "Close of Quarter": 15.4,
        "EPS": 3353,
        "Non-adjusted EPS": 3353,
        "PE": 4.6,
        "Book Price": 15.1
      }
    },
    {
      "quarter": "Q2 2013",
      "income status": {
        "Net sales": 27885,
        "Cost of goods sold": 14521,
        "Gross Profit": 13364,
        "Financial expenses": 21,
        "Of which: Interest expense": 10,
        "Cost of sales": 9200,
        "Enterprise cost management": 1638,
        "Total Operating Expenses": 10859,
        "Total revenue financing activities": 38,
        "Net profit from business activities": 2543,
        "Profit": 2,
        "Profit before tax": 2545,
        "Present corporate income tax expenses": 156,
        "Deferred income taxes expenses": "N/A",
        "The interests of minority shareholders": "N/A",
        "Total Cost of profits": 156,
        "Profit after tax corporate income": 2389,
        "Volume": 2850000,
        "Close of Quarter": 9.9,
        "EPS": 3200,
        "Non-adjusted EPS": 3200,
        "PE": 3.1,
        "Book Price": 14.3
      }
    },
    {
      "quarter": "Q1 2013",
      "income status": {
        "Net sales": 28682,
        "Cost of goods sold": 15662,
        "Gross Profit": 13020,
        "Financial expenses": 79,
        "Of which: Interest expense": 79,
        "Cost of sales": 8803,
        "Enterprise cost management": 1106,
        "Total Operating Expenses": 9988,
        "Total revenue financing activities": 25,
        "Net profit from business activities": 3057,
        "Profit": -11,
        "Profit before tax": 3047,
        "Present corporate income tax expenses": 158,
        "Deferred income taxes expenses": "N/A",
        "The interests of minority shareholders": "N/A",
        "Total Cost of profits": 158,
        "Profit after tax corporate income": 2889,
        "Volume": 2850000,
        "Close of Quarter": 7.3,
        "EPS": 3270,
        "Non-adjusted EPS": 3270,
        "PE": 2.2,
        "Book Price": 15.2
      }
    },
    {
      "quarter": "Q4 2012",
      "income status": {
        "Net sales": 23209,
        "Cost of goods sold": 12594,
        "Gross Profit": 10615,
        "Financial expenses": 115,
        "Of which: Interest expense": 115,
        "Cost of sales": 7203,
        "Enterprise cost management": 1388,
        "Total Operating Expenses": 8706,
        "Total revenue financing activities": 11,
        "Net profit from business activities": 1920,
        "Profit": 28,
        "Profit before tax": 1948,
        "Present corporate income tax expenses": 96,
        "Deferred income taxes expenses": "N/A",
        "The interests of minority shareholders": "N/A",
        "Total Cost of profits": 96,
        "Profit after tax corporate income": 1852,
        "Volume": 2850000,
        "Close of Quarter": 10.2,
        "EPS": 3052,
        "Non-adjusted EPS": 3052,
        "PE": 3.3,
        "Book Price": 14.1
      }
    },
    {
      "quarter": "Q3 2012",
      "income status": {
        "Net sales": 23484,
        "Cost of goods sold": 12378,
        "Gross Profit": 11106,
        "Financial expenses": 228,
        "Of which: Interest expense": 228,
        "Cost of sales": 7613,
        "Enterprise cost management": 1205,
        "Total Operating Expenses": 9046,
        "Total revenue financing activities": 11,
        "Net profit from business activities": 2071,
        "Profit": -8,
        "Profit before tax": 2063,
        "Present corporate income tax expenses": 74,
        "Deferred income taxes expenses": "N/A",
        "The interests of minority shareholders": "N/A",
        "Total Cost of profits": 74,
        "Profit after tax corporate income": 1989,
        "Volume": 2850000,
        "Close of Quarter": 10.2,
        "EPS": 3717,
        "Non-adjusted EPS": 3717,
        "PE": 2.7,
        "Book Price": 13.5
      }
    },
    {
      "quarter": "Q2 2012",
      "income status": {
        "Net sales": 25553,
        "Cost of goods sold": 12473,
        "Gross Profit": 13080,
        "Financial expenses": 348,
        "Of which: Interest expense": 326,
        "Cost of sales": 8598,
        "Enterprise cost management": 1613,
        "Total Operating Expenses": 10559,
        "Total revenue financing activities": 133,
        "Net profit from business activities": 2654,
        "Profit": -7,
        "Profit before tax": 2647,
        "Present corporate income tax expenses": 57,
        "Deferred income taxes expenses": "N/A",
        "The interests of minority shareholders": "N/A",
        "Total Cost of profits": 57,
        "Profit after tax corporate income": 2590,
        "Volume": 2850000,
        "Close of Quarter": 10.2,
        "EPS": 3538,
        "Non-adjusted EPS": 3538,
        "PE": 2.9,
        "Book Price": 12.8
      }
    },
    {
      "quarter": "Q1 2012",
      "income status": {
        "Net sales": 24993,
        "Cost of goods sold": 13426,
        "Gross Profit": 11567,
        "Financial expenses": 406,
        "Of which: Interest expense": 374,
        "Cost of sales": 7657,
        "Enterprise cost management": 1183,
        "Total Operating Expenses": 9246,
        "Total revenue financing activities": 90,
        "Net profit from business activities": 2412,
        "Profit": -9,
        "Profit before tax": 2402,
        "Present corporate income tax expenses": 135,
        "Deferred income taxes expenses": "N/A",
        "The interests of minority shareholders": "N/A",
        "Total Cost of profits": 135,
        "Profit after tax corporate income": 2268,
        "Volume": 2850000,
        "Close of Quarter": 8.7,
        "EPS": 3429,
        "Non-adjusted EPS": 3429,
        "PE": 2.5,
        "Book Price": 13.8
      }
    }
  ]
}