{
  "ticker": "GTT",
  "data": [
    {
      "quarter": "Q4 2016",
      "income status": {
        "Net sales": 11133,
        "Cost of goods sold": 9061,
        "Gross Profit": 2072,
        "Financial expenses": 17716,
        "Of which: Interest expense": 17716,
        "Cost of sales": 4228,
        "Enterprise cost management": 145316,
        "Total Operating Expenses": 167260,
        "Total revenue financing activities": 452,
        "Net profit from business activities": -164736,
        "Profit": -806,
        "Profit before tax": -165542,
        "Present corporate income tax expenses": "N/A",
        "Deferred income taxes expenses": "N/A",
        "The interests of minority shareholders": "N/A",
        "Total Cost of profits": 0,
        "Profit after tax corporate income": -165542,
        "Volume": 43503000,
        "Close of Quarter": 0.3,
        "EPS": -5718,
        "Non-adjusted EPS": -5718,
        "PE": -0.1,
        "Book Price": -9.7
      }
    },
    {
      "quarter": "Q3 2016",
      "income status": {
        "Net sales": 22832,
        "Cost of goods sold": 13420,
        "Gross Profit": 9412,
        "Financial expenses": 17901,
        "Of which: Interest expense": 17901,
        "Cost of sales": 4833,
        "Enterprise cost management": 8007,
        "Total Operating Expenses": 30741,
        "Total revenue financing activities": 2,
        "Net profit from business activities": -21327,
        "Profit": -2448,
        "Profit before tax": -23775,
        "Present corporate income tax expenses": "N/A",
        "Deferred income taxes expenses": "N/A",
        "The interests of minority shareholders": "N/A",
        "Total Cost of profits": 0,
        "Profit after tax corporate income": -23775,
        "Volume": 43503000,
        "Close of Quarter": 0.5,
        "EPS": -2761,
        "Non-adjusted EPS": -2761,
        "PE": -0.2,
        "Book Price": -5.9
      }
    },
    {
      "quarter": "Q2 2016",
      "income status": {
        "Net sales": 20881,
        "Cost of goods sold": 14874,
        "Gross Profit": 6007,
        "Financial expenses": 21500,
        "Of which: Interest expense": 21500,
        "Cost of sales": 4912,
        "Enterprise cost management": 8982,
        "Total Operating Expenses": 35394,
        "Total revenue financing activities": 3,
        "Net profit from business activities": -29384,
        "Profit": 33876,
        "Profit before tax": 4492,
        "Present corporate income tax expenses": "N/A",
        "Deferred income taxes expenses": "N/A",
        "The interests of minority shareholders": "N/A",
        "Total Cost of profits": 0,
        "Profit after tax corporate income": 4492,
        "Volume": 43503000,
        "Close of Quarter": 0.6,
        "EPS": -2798,
        "Non-adjusted EPS": -2798,
        "PE": -0.2,
        "Book Price": -5.4
      }
    },
    {
      "quarter": "Q1 2016",
      "income status": {
        "Net sales": 41341,
        "Cost of goods sold": 35193,
        "Gross Profit": 6149,
        "Financial expenses": 14603,
        "Of which: Interest expense": 14603,
        "Cost of sales": 5615,
        "Enterprise cost management": 9087,
        "Total Operating Expenses": 29305,
        "Total revenue financing activities": 21,
        "Net profit from business activities": -23136,
        "Profit": -40808,
        "Profit before tax": -63944,
        "Present corporate income tax expenses": "N/A",
        "Deferred income taxes expenses": "N/A",
        "The interests of minority shareholders": "N/A",
        "Total Cost of profits": 0,
        "Profit after tax corporate income": -63944,
        "Volume": 43503000,
        "Close of Quarter": 1.1,
        "EPS": -4221,
        "Non-adjusted EPS": -4221,
        "PE": -0.3,
        "Book Price": -5.5
      }
    },
    {
      "quarter": "Q4 2015",
      "income status": {
        "Net sales": 40098,
        "Cost of goods sold": 37054,
        "Gross Profit": 3044,
        "Financial expenses": 19217,
        "Of which: Interest expense": 19217,
        "Cost of sales": 6383,
        "Enterprise cost management": 9904,
        "Total Operating Expenses": 35504,
        "Total revenue financing activities": "N/A",
        "Net profit from business activities": -32460,
        "Profit": -4405,
        "Profit before tax": -36865,
        "Present corporate income tax expenses": "N/A",
        "Deferred income taxes expenses": "N/A",
        "The interests of minority shareholders": "N/A",
        "Total Cost of profits": 0,
        "Profit after tax corporate income": -36865,
        "Volume": 43503000,
        "Close of Quarter": 1.1,
        "EPS": -2745,
        "Non-adjusted EPS": -2745,
        "PE": -0.4,
        "Book Price": 3.3
      }
    },
    {
      "quarter": "Q3 2015",
      "income status": {
        "Net sales": 51636,
        "Cost of goods sold": 41424,
        "Gross Profit": 10213,
        "Financial expenses": 19168,
        "Of which: Interest expense": 19168,
        "Cost of sales": 6939,
        "Enterprise cost management": 10148,
        "Total Operating Expenses": 36255,
        "Total revenue financing activities": 1,
        "Net profit from business activities": -26041,
        "Profit": 641,
        "Profit before tax": -25400,
        "Present corporate income tax expenses": "N/A",
        "Deferred income taxes expenses": "N/A",
        "The interests of minority shareholders": "N/A",
        "Total Cost of profits": 0,
        "Profit after tax corporate income": -25400,
        "Volume": 43503000,
        "Close of Quarter": 1.3,
        "EPS": -1909,
        "Non-adjusted EPS": -1909,
        "PE": -0.7,
        "Book Price": 4.2
      }
    },
    {
      "quarter": "Q2 2015",
      "income status": {
        "Net sales": 53959,
        "Cost of goods sold": 52771,
        "Gross Profit": 1188,
        "Financial expenses": 27398,
        "Of which: Interest expense": 27398,
        "Cost of sales": 9407,
        "Enterprise cost management": 15942,
        "Total Operating Expenses": 52747,
        "Total revenue financing activities": 1,
        "Net profit from business activities": -51558,
        "Profit": -5940,
        "Profit before tax": -57498,
        "Present corporate income tax expenses": -73,
        "Deferred income taxes expenses": "N/A",
        "The interests of minority shareholders": "N/A",
        "Total Cost of profits": -73,
        "Profit after tax corporate income": -57425,
        "Volume": 43503000,
        "Close of Quarter": 2.2,
        "EPS": -1311,
        "Non-adjusted EPS": -1311,
        "PE": -1.7,
        "Book Price": 4.8
      }
    },
    {
      "quarter": "Q1 2015",
      "income status": {
        "Net sales": 57554,
        "Cost of goods sold": 36974,
        "Gross Profit": 20580,
        "Financial expenses": 11465,
        "Of which: Interest expense": 11465,
        "Cost of sales": 4387,
        "Enterprise cost management": 4606,
        "Total Operating Expenses": 20458,
        "Total revenue financing activities": 1,
        "Net profit from business activities": 122,
        "Profit": 211,
        "Profit before tax": 333,
        "Present corporate income tax expenses": 73,
        "Deferred income taxes expenses": "N/A",
        "The interests of minority shareholders": "N/A",
        "Total Cost of profits": 73,
        "Profit after tax corporate income": 260,
        "Volume": 43503000,
        "Close of Quarter": 3,
        "EPS": -3,
        "Non-adjusted EPS": -3,
        "PE": -1000,
        "Book Price": 6.1
      }
    },
    {
      "quarter": "Q4 2014",
      "income status": {
        "Net sales": 32340,
        "Cost of goods sold": 55736,
        "Gross Profit": -23396,
        "Financial expenses": 72045,
        "Of which: Interest expense": 72045,
        "Cost of sales": 7178,
        "Enterprise cost management": 13065,
        "Total Operating Expenses": 92288,
        "Total revenue financing activities": 1,
        "Net profit from business activities": -115683,
        "Profit": 115221,
        "Profit before tax": -463,
        "Present corporate income tax expenses": "N/A",
        "Deferred income taxes expenses": "N/A",
        "The interests of minority shareholders": "N/A",
        "Total Cost of profits": 0,
        "Profit after tax corporate income": -463,
        "Volume": 43503000,
        "Close of Quarter": 4,
        "EPS": 12,
        "Non-adjusted EPS": 12,
        "PE": 333.3,
        "Book Price": 10.4
      }
    },
    {
      "quarter": "Q3 2014",
      "income status": {
        "Net sales": 71363,
        "Cost of goods sold": 47725,
        "Gross Profit": 23638,
        "Financial expenses": 10447,
        "Of which: Interest expense": 10447,
        "Cost of sales": 6889,
        "Enterprise cost management": 6171,
        "Total Operating Expenses": 23507,
        "Total revenue financing activities": 2,
        "Net profit from business activities": 134,
        "Profit": 641,
        "Profit before tax": 775,
        "Present corporate income tax expenses": 170,
        "Deferred income taxes expenses": "N/A",
        "The interests of minority shareholders": "N/A",
        "Total Cost of profits": 170,
        "Profit after tax corporate income": 604,
        "Volume": 43503000,
        "Close of Quarter": 4.8,
        "EPS": 24,
        "Non-adjusted EPS": 24,
        "PE": 200,
        "Book Price": 10.4
      }
    },
    {
      "quarter": "Q2 2014",
      "income status": {
        "Net sales": 49175,
        "Cost of goods sold": 60217,
        "Gross Profit": -11042,
        "Financial expenses": -3542,
        "Of which: Interest expense": -3542,
        "Cost of sales": 7326,
        "Enterprise cost management": 5123,
        "Total Operating Expenses": 8907,
        "Total revenue financing activities": 2,
        "Net profit from business activities": -19946,
        "Profit": 19256,
        "Profit before tax": -690,
        "Present corporate income tax expenses": -172,
        "Deferred income taxes expenses": "N/A",
        "The interests of minority shareholders": "N/A",
        "Total Cost of profits": -172,
        "Profit after tax corporate income": -517,
        "Volume": 43503000,
        "Close of Quarter": 5.4,
        "EPS": 25,
        "Non-adjusted EPS": 25,
        "PE": 216,
        "Book Price": 10.4
      }
    },
    {
      "quarter": "Q1 2014",
      "income status": {
        "Net sales": 68400,
        "Cost of goods sold": 40173,
        "Gross Profit": 28228,
        "Financial expenses": 12847,
        "Of which: Interest expense": 12847,
        "Cost of sales": 7008,
        "Enterprise cost management": 7261,
        "Total Operating Expenses": 27116,
        "Total revenue financing activities": 3,
        "Net profit from business activities": 1114,
        "Profit": 107,
        "Profit before tax": 1221,
        "Present corporate income tax expenses": 305,
        "Deferred income taxes expenses": "N/A",
        "The interests of minority shareholders": "N/A",
        "Total Cost of profits": 305,
        "Profit after tax corporate income": 916,
        "Volume": 43503000,
        "Close of Quarter": 7.7,
        "EPS": 23,
        "Non-adjusted EPS": 23,
        "PE": 334.8,
        "Book Price": 10.4
      }
    },
    {
      "quarter": "Q4 2013",
      "income status": {
        "Net sales": 38515,
        "Cost of goods sold": 47771,
        "Gross Profit": -9256,
        "Financial expenses": 33968,
        "Of which: Interest expense": 33968,
        "Cost of sales": 14495,
        "Enterprise cost management": 16955,
        "Total Operating Expenses": 65418,
        "Total revenue financing activities": 28801,
        "Net profit from business activities": -45872,
        "Profit": 45945,
        "Profit before tax": 73,
        "Present corporate income tax expenses": 18,
        "Deferred income taxes expenses": "N/A",
        "The interests of minority shareholders": "N/A",
        "Total Cost of profits": 18,
        "Profit after tax corporate income": 55,
        "Volume": 43503000,
        "Close of Quarter": 12,
        "EPS": 25,
        "Non-adjusted EPS": 25,
        "PE": 480,
        "Book Price": 10.3
      }
    },
    {
      "quarter": "Q3 2013",
      "income status": {
        "Net sales": 85660,
        "Cost of goods sold": 57288,
        "Gross Profit": 28372,
        "Financial expenses": 13260,
        "Of which: Interest expense": 13260,
        "Cost of sales": 6206,
        "Enterprise cost management": 8559,
        "Total Operating Expenses": 28025,
        "Total revenue financing activities": 4,
        "Net profit from business activities": 351,
        "Profit": 518,
        "Profit before tax": 869,
        "Present corporate income tax expenses": 217,
        "Deferred income taxes expenses": "N/A",
        "The interests of minority shareholders": "N/A",
        "Total Cost of profits": 217,
        "Profit after tax corporate income": 652,
        "Volume": 43503000,
        "Close of Quarter": 12,
        "EPS": -27,
        "Non-adjusted EPS": -27,
        "PE": -444.4,
        "Book Price": 10.3
      }
    },
    {
      "quarter": "Q2 2013",
      "income status": {
        "Net sales": 66456,
        "Cost of goods sold": 84782,
        "Gross Profit": -18326,
        "Financial expenses": 38194,
        "Of which: Interest expense": 38194,
        "Cost of sales": 12893,
        "Enterprise cost management": 11456,
        "Total Operating Expenses": 62543,
        "Total revenue financing activities": 28804,
        "Net profit from business activities": -52064,
        "Profit": 51235,
        "Profit before tax": -829,
        "Present corporate income tax expenses": -210,
        "Deferred income taxes expenses": "N/A",
        "The interests of minority shareholders": "N/A",
        "Total Cost of profits": -210,
        "Profit after tax corporate income": -619,
        "Volume": 43503000,
        "Close of Quarter": 10.6,
        "EPS": -26,
        "Non-adjusted EPS": -26,
        "PE": -407.7,
        "Book Price": 10.3
      }
    },
    {
      "quarter": "Q1 2013",
      "income status": {
        "Net sales": 88321,
        "Cost of goods sold": 59100,
        "Gross Profit": 29221,
        "Financial expenses": 15043,
        "Of which: Interest expense": 15043,
        "Cost of sales": 5549,
        "Enterprise cost management": 7603,
        "Total Operating Expenses": 28195,
        "Total revenue financing activities": 3,
        "Net profit from business activities": 1029,
        "Profit": 298,
        "Profit before tax": 1327,
        "Present corporate income tax expenses": 334,
        "Deferred income taxes expenses": "N/A",
        "The interests of minority shareholders": "N/A",
        "Total Cost of profits": 334,
        "Profit after tax corporate income": 993,
        "Volume": 43503000,
        "Close of Quarter": 11.5,
        "EPS": 15,
        "Non-adjusted EPS": 15,
        "PE": 766.7,
        "Book Price": 10.4
      }
    },
    {
      "quarter": "Q4 2012",
      "income status": {
        "Net sales": 154485,
        "Cost of goods sold": 85846,
        "Gross Profit": 68638,
        "Financial expenses": 45083,
        "Of which: Interest expense": 45083,
        "Cost of sales": 16299,
        "Enterprise cost management": 11683,
        "Total Operating Expenses": 73065,
        "Total revenue financing activities": 5,
        "Net profit from business activities": -4422,
        "Profit": 2232,
        "Profit before tax": -2189,
        "Present corporate income tax expenses": "N/A",
        "Deferred income taxes expenses": "N/A",
        "The interests of minority shareholders": "N/A",
        "Total Cost of profits": 0,
        "Profit after tax corporate income": -2189,
        "Volume": 43503000,
        "Close of Quarter": 7.6,
        "EPS": 17,
        "Non-adjusted EPS": 17,
        "PE": 447.1,
        "Book Price": 10.3
      }
    },
    {
      "quarter": "Q3 2012",
      "income status": {
        "Net sales": 103270,
        "Cost of goods sold": 68514,
        "Gross Profit": 34756,
        "Financial expenses": 18085,
        "Of which: Interest expense": 18085,
        "Cost of sales": 7194,
        "Enterprise cost management": 8999,
        "Total Operating Expenses": 34278,
        "Total revenue financing activities": 3,
        "Net profit from business activities": 481,
        "Profit": 452,
        "Profit before tax": 934,
        "Present corporate income tax expenses": 233,
        "Deferred income taxes expenses": "N/A",
        "The interests of minority shareholders": "N/A",
        "Total Cost of profits": 233,
        "Profit after tax corporate income": 700,
        "Volume": 43503000,
        "Close of Quarter": 5.5,
        "EPS": -367,
        "Non-adjusted EPS": -367,
        "PE": -15.0,
        "Book Price": 10.4
      }
    },
    {
      "quarter": "Q2 2012",
      "income status": {
        "Net sales": 116775,
        "Cost of goods sold": 68104,
        "Gross Profit": 48671,
        "Financial expenses": 24095,
        "Of which: Interest expense": 24095,
        "Cost of sales": 14168,
        "Enterprise cost management": 8602,
        "Total Operating Expenses": 46865,
        "Total revenue financing activities": 7,
        "Net profit from business activities": 1813,
        "Profit": -267,
        "Profit before tax": 1546,
        "Present corporate income tax expenses": 386,
        "Deferred income taxes expenses": "N/A",
        "The interests of minority shareholders": "N/A",
        "Total Cost of profits": 386,
        "Profit after tax corporate income": 1159,
        "Volume": 43503000,
        "Close of Quarter": 6.6,
        "EPS": -371,
        "Non-adjusted EPS": -371,
        "PE": -17.8,
        "Book Price": 10.4
      }
    },
    {
      "quarter": "Q1 2012",
      "income status": {
        "Net sales": 112371,
        "Cost of goods sold": 73482,
        "Gross Profit": 38889,
        "Financial expenses": 22884,
        "Of which: Interest expense": 22884,
        "Cost of sales": 6256,
        "Enterprise cost management": 9525,
        "Total Operating Expenses": 38665,
        "Total revenue financing activities": 5,
        "Net profit from business activities": 228,
        "Profit": 1200,
        "Profit before tax": 1429,
        "Present corporate income tax expenses": 357,
        "Deferred income taxes expenses": "N/A",
        "The interests of minority shareholders": "N/A",
        "Total Cost of profits": 357,
        "Profit after tax corporate income": 1072,
        "Volume": 43503000,
        "Close of Quarter": 6.9,
        "EPS": -388,
        "Non-adjusted EPS": -388,
        "PE": -17.8,
        "Book Price": 10.3
      }
    },
    {
      "quarter": "Q4 2011",
      "income status": {
        "Net sales": 109974,
        "Cost of goods sold": 63893,
        "Gross Profit": 46081,
        "Financial expenses": 39587,
        "Of which: Interest expense": 39587,
        "Cost of sales": 10647,
        "Enterprise cost management": 10686,
        "Total Operating Expenses": 60920,
        "Total revenue financing activities": 8,
        "Net profit from business activities": -14831,
        "Profit": -4052,
        "Profit before tax": -18883,
        "Present corporate income tax expenses": "N/A",
        "Deferred income taxes expenses": "N/A",
        "The interests of minority shareholders": "N/A",
        "Total Cost of profits": 0,
        "Profit after tax corporate income": -18883,
        "Volume": 43503000,
        "Close of Quarter": 5.2,
        "EPS": -68,
        "Non-adjusted EPS": -68,
        "PE": -76.5,
        "Book Price": 10.3
      }
    },
    {
      "quarter": "Q3 2011",
      "income status": {
        "Net sales": 140060,
        "Cost of goods sold": 75415,
        "Gross Profit": 64645,
        "Financial expenses": 43153,
        "Of which: Interest expense": 43153,
        "Cost of sales": 10626,
        "Enterprise cost management": 10425,
        "Total Operating Expenses": 64204,
        "Total revenue financing activities": 7,
        "Net profit from business activities": 448,
        "Profit": 235,
        "Profit before tax": 683,
        "Present corporate income tax expenses": 171,
        "Deferred income taxes expenses": "N/A",
        "The interests of minority shareholders": "N/A",
        "Total Cost of profits": 171,
        "Profit after tax corporate income": 512,
        "Volume": 43503000,
        "Close of Quarter": 6.6,
        "EPS": 402,
        "Non-adjusted EPS": 402,
        "PE": 16.4,
        "Book Price": 10.6
      }
    },
    {
      "quarter": "Q2 2011",
      "income status": {
        "Net sales": 148242,
        "Cost of goods sold": 74461,
        "Gross Profit": 73780,
        "Financial expenses": 47564,
        "Of which: Interest expense": 47564,
        "Cost of sales": 14318,
        "Enterprise cost management": 12256,
        "Total Operating Expenses": 74138,
        "Total revenue financing activities": 4,
        "Net profit from business activities": -354,
        "Profit": 904,
        "Profit before tax": 549,
        "Present corporate income tax expenses": 137,
        "Deferred income taxes expenses": "N/A",
        "The interests of minority shareholders": "N/A",
        "Total Cost of profits": 137,
        "Profit after tax corporate income": 412,
        "Volume": 43503000,
        "Close of Quarter": 6.1,
        "EPS": 852,
        "Non-adjusted EPS": 852,
        "PE": 7.2,
        "Book Price": 10.6
      }
    },
    {
      "quarter": "Q1 2011",
      "income status": {
        "Net sales": 118967,
        "Cost of goods sold": 62247,
        "Gross Profit": 56720,
        "Financial expenses": 24069,
        "Of which: Interest expense": 24069,
        "Cost of sales": 6513,
        "Enterprise cost management": 12912,
        "Total Operating Expenses": 43494,
        "Total revenue financing activities": 9,
        "Net profit from business activities": 13236,
        "Profit": 6780,
        "Profit before tax": 20015,
        "Present corporate income tax expenses": 5004,
        "Deferred income taxes expenses": "N/A",
        "The interests of minority shareholders": "N/A",
        "Total Cost of profits": 5004,
        "Profit after tax corporate income": 15012,
        "Volume": 43503000,
        "Close of Quarter": 6.6,
        "EPS": 1483,
        "Non-adjusted EPS": 1483,
        "PE": 4.5,
        "Book Price": 10.6
      }
    }
  ]
}