{
  "ticker": "TV3",
  "data": [
    {
      "quarter": "Q4 2016",
      "income status": {
        "Net sales": 87626,
        "Cost of goods sold": 66050,
        "Gross Profit": 21576,
        "Financial expenses": "N/A",
        "Of which: Interest expense": "N/A",
        "Cost of sales": 3878,
        "Enterprise cost management": 11632,
        "Total Operating Expenses": 15510,
        "Total revenue financing activities": 915,
        "Net profit from business activities": 6981,
        "Profit": -208,
        "Profit before tax": 6773,
        "Present corporate income tax expenses": 1484,
        "Deferred income taxes expenses": "N/A",
        "The interests of minority shareholders": "N/A",
        "Total Cost of profits": 1484,
        "Profit after tax corporate income": 5289,
        "Volume": 4057164,
        "Close of Quarter": 24.5,
        "EPS": 3222,
        "Non-adjusted EPS": 3222,
        "PE": 7.6,
        "Book Price": 21.5
      }
    },
    {
      "quarter": "Q3 2016",
      "income status": {
        "Net sales": 59350,
        "Cost of goods sold": 43165,
        "Gross Profit": 16185,
        "Financial expenses": 2,
        "Of which: Interest expense": "N/A",
        "Cost of sales": 1790,
        "Enterprise cost management": 10635,
        "Total Operating Expenses": 12427,
        "Total revenue financing activities": 58,
        "Net profit from business activities": 3817,
        "Profit": -70,
        "Profit before tax": 3746,
        "Present corporate income tax expenses": 759,
        "Deferred income taxes expenses": "N/A",
        "The interests of minority shareholders": "N/A",
        "Total Cost of profits": 759,
        "Profit after tax corporate income": 2988,
        "Volume": 4057164,
        "Close of Quarter": 21.1,
        "EPS": 2779,
        "Non-adjusted EPS": 2779,
        "PE": 7.6,
        "Book Price": 20.2
      }
    },
    {
      "quarter": "Q2 2016",
      "income status": {
        "Net sales": 92625,
        "Cost of goods sold": 73929,
        "Gross Profit": 18697,
        "Financial expenses": 306,
        "Of which: Interest expense": "N/A",
        "Cost of sales": 2142,
        "Enterprise cost management": 13530,
        "Total Operating Expenses": 15978,
        "Total revenue financing activities": 157,
        "Net profit from business activities": 2876,
        "Profit": 1040,
        "Profit before tax": 3916,
        "Present corporate income tax expenses": 813,
        "Deferred income taxes expenses": "N/A",
        "The interests of minority shareholders": "N/A",
        "Total Cost of profits": 813,
        "Profit after tax corporate income": 3104,
        "Volume": 3381000,
        "Close of Quarter": 29.5,
        "EPS": 2495.0,
        "Non-adjusted EPS": 2994,
        "PE": 9.9,
        "Book Price": 19.5
      }
    },
    {
      "quarter": "Q1 2016",
      "income status": {
        "Net sales": 67281,
        "Cost of goods sold": 53252,
        "Gross Profit": 14029,
        "Financial expenses": 65,
        "Of which: Interest expense": "N/A",
        "Cost of sales": 2107,
        "Enterprise cost management": 9808,
        "Total Operating Expenses": 11980,
        "Total revenue financing activities": 120,
        "Net profit from business activities": 2170,
        "Profit": -43,
        "Profit before tax": 2128,
        "Present corporate income tax expenses": 435,
        "Deferred income taxes expenses": "N/A",
        "The interests of minority shareholders": "N/A",
        "Total Cost of profits": 435,
        "Profit after tax corporate income": 1693,
        "Volume": 3381000,
        "Close of Quarter": 18.4,
        "EPS": 2787.5,
        "Non-adjusted EPS": 3345,
        "PE": 5.5,
        "Book Price": 19.4
      }
    },
    {
      "quarter": "Q4 2015",
      "income status": {
        "Net sales": 110180,
        "Cost of goods sold": 90337,
        "Gross Profit": 19843,
        "Financial expenses": 86,
        "Of which: Interest expense": 86,
        "Cost of sales": 3433,
        "Enterprise cost management": 12363,
        "Total Operating Expenses": 15882,
        "Total revenue financing activities": 1370,
        "Net profit from business activities": 5332,
        "Profit": -426,
        "Profit before tax": 4906,
        "Present corporate income tax expenses": 1417,
        "Deferred income taxes expenses": "N/A",
        "The interests of minority shareholders": "N/A",
        "Total Cost of profits": 1417,
        "Profit after tax corporate income": 3489,
        "Volume": 3381000,
        "Close of Quarter": 17.1,
        "EPS": 2538.4,
        "Non-adjusted EPS": 3046,
        "PE": 5.6,
        "Book Price": 18.9
      }
    },
    {
      "quarter": "Q3 2015",
      "income status": {
        "Net sales": 54183,
        "Cost of goods sold": 40538,
        "Gross Profit": 13646,
        "Financial expenses": "N/A",
        "Of which: Interest expense": "N/A",
        "Cost of sales": 2358,
        "Enterprise cost management": 8782,
        "Total Operating Expenses": 11140,
        "Total revenue financing activities": 189,
        "Net profit from business activities": 2694,
        "Profit": -325,
        "Profit before tax": 2369,
        "Present corporate income tax expenses": 531,
        "Deferred income taxes expenses": "N/A",
        "The interests of minority shareholders": "N/A",
        "Total Cost of profits": 531,
        "Profit after tax corporate income": 1838,
        "Volume": 3381000,
        "Close of Quarter": 18.9,
        "EPS": 3060.0,
        "Non-adjusted EPS": 3672,
        "PE": 5.1,
        "Book Price": 18.1
      }
    },
    {
      "quarter": "Q2 2015",
      "income status": {
        "Net sales": 66567,
        "Cost of goods sold": 49716,
        "Gross Profit": 16851,
        "Financial expenses": 17,
        "Of which: Interest expense": "N/A",
        "Cost of sales": 2042,
        "Enterprise cost management": 10191,
        "Total Operating Expenses": 12250,
        "Total revenue financing activities": 908,
        "Net profit from business activities": 5508,
        "Profit": 124,
        "Profit before tax": 5632,
        "Present corporate income tax expenses": 1342,
        "Deferred income taxes expenses": "N/A",
        "The interests of minority shareholders": "N/A",
        "Total Cost of profits": 1342,
        "Profit after tax corporate income": 4291,
        "Volume": 3381000,
        "Close of Quarter": 18.7,
        "EPS": 3616.7,
        "Non-adjusted EPS": 4340,
        "PE": 4.3,
        "Book Price": 17.6
      }
    },
    {
      "quarter": "Q1 2015",
      "income status": {
        "Net sales": 30690,
        "Cost of goods sold": 22359,
        "Gross Profit": 8331,
        "Financial expenses": 7,
        "Of which: Interest expense": "N/A",
        "Cost of sales": 844,
        "Enterprise cost management": 6671,
        "Total Operating Expenses": 7522,
        "Total revenue financing activities": 278,
        "Net profit from business activities": 1086,
        "Profit": -205,
        "Profit before tax": 882,
        "Present corporate income tax expenses": 202,
        "Deferred income taxes expenses": "N/A",
        "The interests of minority shareholders": "N/A",
        "Total Cost of profits": 202,
        "Profit after tax corporate income": 680,
        "Volume": 3381000,
        "Close of Quarter": 17.9,
        "EPS": 3173.4,
        "Non-adjusted EPS": 3808,
        "PE": 4.7,
        "Book Price": 18.4
      }
    },
    {
      "quarter": "Q4 2014",
      "income status": {
        "Net sales": 75852,
        "Cost of goods sold": 58076,
        "Gross Profit": 17776,
        "Financial expenses": "N/A",
        "Of which: Interest expense": "N/A",
        "Cost of sales": 1892,
        "Enterprise cost management": 8948,
        "Total Operating Expenses": 10840,
        "Total revenue financing activities": 477,
        "Net profit from business activities": 7413,
        "Profit": -258,
        "Profit before tax": 7155,
        "Present corporate income tax expenses": 1550,
        "Deferred income taxes expenses": "N/A",
        "The interests of minority shareholders": "N/A",
        "Total Cost of profits": 1550,
        "Profit after tax corporate income": 5605,
        "Volume": 3381000,
        "Close of Quarter": 13.2,
        "EPS": 3154.2,
        "Non-adjusted EPS": 3785,
        "PE": 3.5,
        "Book Price": 18.3
      }
    },
    {
      "quarter": "Q3 2014",
      "income status": {
        "Net sales": 77630,
        "Cost of goods sold": 58547,
        "Gross Profit": 19083,
        "Financial expenses": 1,
        "Of which: Interest expense": "N/A",
        "Cost of sales": 2525,
        "Enterprise cost management": 10773,
        "Total Operating Expenses": 13299,
        "Total revenue financing activities": 76,
        "Net profit from business activities": 5859,
        "Profit": -561,
        "Profit before tax": 5297,
        "Present corporate income tax expenses": 1199,
        "Deferred income taxes expenses": "N/A",
        "The interests of minority shareholders": "N/A",
        "Total Cost of profits": 1199,
        "Profit after tax corporate income": 4099,
        "Volume": 3381000,
        "Close of Quarter": 11.6,
        "EPS": 4058.4,
        "Non-adjusted EPS": 4870,
        "PE": 2.4,
        "Book Price": 16.8
      }
    },
    {
      "quarter": "Q2 2014",
      "income status": {
        "Net sales": 35310,
        "Cost of goods sold": 22086,
        "Gross Profit": 13224,
        "Financial expenses": "N/A",
        "Of which: Interest expense": "N/A",
        "Cost of sales": 2611,
        "Enterprise cost management": 7803,
        "Total Operating Expenses": 10414,
        "Total revenue financing activities": 295,
        "Net profit from business activities": 3104,
        "Profit": 67,
        "Profit before tax": 3171,
        "Present corporate income tax expenses": 679,
        "Deferred income taxes expenses": "N/A",
        "The interests of minority shareholders": "N/A",
        "Total Cost of profits": 679,
        "Profit after tax corporate income": 2492,
        "Volume": 3381000,
        "Close of Quarter": 8.6,
        "EPS": 3114.2,
        "Non-adjusted EPS": 3737,
        "PE": 2.3,
        "Book Price": 15.8
      }
    },
    {
      "quarter": "Q1 2014",
      "income status": {
        "Net sales": 24713,
        "Cost of goods sold": 18371,
        "Gross Profit": 6343,
        "Financial expenses": 13,
        "Of which: Interest expense": 10,
        "Cost of sales": 750,
        "Enterprise cost management": 5508,
        "Total Operating Expenses": 6271,
        "Total revenue financing activities": 266,
        "Net profit from business activities": 337,
        "Profit": 443,
        "Profit before tax": 780,
        "Present corporate income tax expenses": 178,
        "Deferred income taxes expenses": "N/A",
        "The interests of minority shareholders": "N/A",
        "Total Cost of profits": 178,
        "Profit after tax corporate income": 602,
        "Volume": 3381000,
        "Close of Quarter": 10.7,
        "EPS": 2948.4,
        "Non-adjusted EPS": 3538,
        "PE": 3.0,
        "Book Price": 16.8
      }
    },
    {
      "quarter": "Q4 2013",
      "income status": {
        "Net sales": 106526,
        "Cost of goods sold": 82390,
        "Gross Profit": 24136,
        "Financial expenses": 16,
        "Of which: Interest expense": 16,
        "Cost of sales": "N/A",
        "Enterprise cost management": 13082,
        "Total Operating Expenses": 13098,
        "Total revenue financing activities": 231,
        "Net profit from business activities": 11269,
        "Profit": 1534,
        "Profit before tax": 12803,
        "Present corporate income tax expenses": 3531,
        "Deferred income taxes expenses": "N/A",
        "The interests of minority shareholders": "N/A",
        "Total Cost of profits": 3531,
        "Profit after tax corporate income": 9272,
        "Volume": 3381000,
        "Close of Quarter": 7.8,
        "EPS": 2815.0,
        "Non-adjusted EPS": 3378,
        "PE": 2.3,
        "Book Price": 16.8
      }
    },
    {
      "quarter": "Q3 2013",
      "income status": {
        "Net sales": 29909,
        "Cost of goods sold": 24426,
        "Gross Profit": 5482,
        "Financial expenses": 10,
        "Of which: Interest expense": 10,
        "Cost of sales": "N/A",
        "Enterprise cost management": 5288,
        "Total Operating Expenses": 5298,
        "Total revenue financing activities": 263,
        "Net profit from business activities": 447,
        "Profit": -73,
        "Profit before tax": 374,
        "Present corporate income tax expenses": 105,
        "Deferred income taxes expenses": "N/A",
        "The interests of minority shareholders": "N/A",
        "Total Cost of profits": 105,
        "Profit after tax corporate income": 270,
        "Volume": 3381000,
        "Close of Quarter": 4.9,
        "EPS": 3237.5,
        "Non-adjusted EPS": 3885,
        "PE": 1.3,
        "Book Price": 14.5
      }
    },
    {
      "quarter": "Q2 2013",
      "income status": {
        "Net sales": 25562,
        "Cost of goods sold": 17560,
        "Gross Profit": 8002,
        "Financial expenses": 100,
        "Of which: Interest expense": 12,
        "Cost of sales": "N/A",
        "Enterprise cost management": 6027,
        "Total Operating Expenses": 6127,
        "Total revenue financing activities": 503,
        "Net profit from business activities": 2378,
        "Profit": 44,
        "Profit before tax": 2422,
        "Present corporate income tax expenses": 604,
        "Deferred income taxes expenses": "N/A",
        "The interests of minority shareholders": "N/A",
        "Total Cost of profits": 604,
        "Profit after tax corporate income": 1818,
        "Volume": 3381000,
        "Close of Quarter": 7.2,
        "EPS": 3281.7,
        "Non-adjusted EPS": 3938,
        "PE": 1.8,
        "Book Price": 14.4
      }
    },
    {
      "quarter": "Q1 2013",
      "income status": {
        "Net sales": 18152,
        "Cost of goods sold": 13967,
        "Gross Profit": 4185,
        "Financial expenses": 76,
        "Of which: Interest expense": 68,
        "Cost of sales": "N/A",
        "Enterprise cost management": 4390,
        "Total Operating Expenses": 4466,
        "Total revenue financing activities": 295,
        "Net profit from business activities": 15,
        "Profit": 83,
        "Profit before tax": 98,
        "Present corporate income tax expenses": 36,
        "Deferred income taxes expenses": "N/A",
        "The interests of minority shareholders": "N/A",
        "Total Cost of profits": 36,
        "Profit after tax corporate income": 62,
        "Volume": 3381000,
        "Close of Quarter": 6.1,
        "EPS": 4107.5,
        "Non-adjusted EPS": 4929,
        "PE": 1.2,
        "Book Price": 15.5
      }
    },
    {
      "quarter": "Q4 2012",
      "income status": {
        "Net sales": 101674,
        "Cost of goods sold": 79734,
        "Gross Profit": 21940,
        "Financial expenses": 76,
        "Of which: Interest expense": 54,
        "Cost of sales": "N/A",
        "Enterprise cost management": 8321,
        "Total Operating Expenses": 8397,
        "Total revenue financing activities": 696,
        "Net profit from business activities": 14239,
        "Profit": 371,
        "Profit before tax": 14610,
        "Present corporate income tax expenses": 3626,
        "Deferred income taxes expenses": "N/A",
        "The interests of minority shareholders": "N/A",
        "Total Cost of profits": 3626,
        "Profit after tax corporate income": 10984,
        "Volume": 3381000,
        "Close of Quarter": 4.3,
        "EPS": 5092.6,
        "Non-adjusted EPS": 6111,
        "PE": 0.7,
        "Book Price": 15.6
      }
    },
    {
      "quarter": "Q3 2012",
      "income status": {
        "Net sales": 32262,
        "Cost of goods sold": 24955,
        "Gross Profit": 7307,
        "Financial expenses": 66,
        "Of which: Interest expense": 66,
        "Cost of sales": "N/A",
        "Enterprise cost management": 6117,
        "Total Operating Expenses": 6183,
        "Total revenue financing activities": 87,
        "Net profit from business activities": 1212,
        "Profit": -594,
        "Profit before tax": 618,
        "Present corporate income tax expenses": 166,
        "Deferred income taxes expenses": "N/A",
        "The interests of minority shareholders": "N/A",
        "Total Cost of profits": 166,
        "Profit after tax corporate income": 452,
        "Volume": 3381000,
        "Close of Quarter": 5.7,
        "EPS": 4261.7,
        "Non-adjusted EPS": 5114,
        "PE": 1.1,
        "Book Price": 12.9
      }
    },
    {
      "quarter": "Q2 2012",
      "income status": {
        "Net sales": 52102,
        "Cost of goods sold": 37078,
        "Gross Profit": 15024,
        "Financial expenses": 95,
        "Of which: Interest expense": 95,
        "Cost of sales": "N/A",
        "Enterprise cost management": 8516,
        "Total Operating Expenses": 8611,
        "Total revenue financing activities": 128,
        "Net profit from business activities": 6540,
        "Profit": -964,
        "Profit before tax": 5577,
        "Present corporate income tax expenses": 410,
        "Deferred income taxes expenses": "N/A",
        "The interests of minority shareholders": "N/A",
        "Total Cost of profits": 410,
        "Profit after tax corporate income": 5166,
        "Volume": 3381000,
        "Close of Quarter": 4.8,
        "EPS": 4414.2,
        "Non-adjusted EPS": 5297,
        "PE": 0.9,
        "Book Price": 12.9
      }
    },
    {
      "quarter": "Q1 2012",
      "income status": {
        "Net sales": 6529,
        "Cost of goods sold": 6750,
        "Gross Profit": -221,
        "Financial expenses": 155,
        "Of which: Interest expense": 152,
        "Cost of sales": "N/A",
        "Enterprise cost management": 3908,
        "Total Operating Expenses": 4063,
        "Total revenue financing activities": 224,
        "Net profit from business activities": 4060,
        "Profit": "N/A",
        "Profit before tax": 4060,
        "Present corporate income tax expenses": "N/A",
        "Deferred income taxes expenses": "N/A",
        "The interests of minority shareholders": "N/A",
        "Total Cost of profits": 0,
        "Profit after tax corporate income": 4060,
        "Volume": 3381000,
        "Close of Quarter": 5.4,
        "EPS": 4022.5,
        "Non-adjusted EPS": 4827,
        "PE": 1.1,
        "Book Price": 13.8
      }
    },
    {
      "quarter": "Q4 2011",
      "income status": {
        "Net sales": 92877,
        "Cost of goods sold": 73242,
        "Gross Profit": 19635,
        "Financial expenses": 125,
        "Of which: Interest expense": 125,
        "Cost of sales": "N/A",
        "Enterprise cost management": 8908,
        "Total Operating Expenses": 9033,
        "Total revenue financing activities": 178,
        "Net profit from business activities": 10780,
        "Profit": -620,
        "Profit before tax": 10160,
        "Present corporate income tax expenses": 2548,
        "Deferred income taxes expenses": "N/A",
        "The interests of minority shareholders": "N/A",
        "Total Cost of profits": 2548,
        "Profit after tax corporate income": 7612,
        "Volume": 3381000,
        "Close of Quarter": 4.6,
        "EPS": 3380.9,
        "Non-adjusted EPS": 4057,
        "PE": 1.1,
        "Book Price": 14.4
      }
    },
    {
      "quarter": "Q3 2011",
      "income status": {
        "Net sales": 39911,
        "Cost of goods sold": 34413,
        "Gross Profit": 5499,
        "Financial expenses": 7,
        "Of which: Interest expense": 7,
        "Cost of sales": "N/A",
        "Enterprise cost management": 4414,
        "Total Operating Expenses": 4421,
        "Total revenue financing activities": 576,
        "Net profit from business activities": 1654,
        "Profit": -195,
        "Profit before tax": 1459,
        "Present corporate income tax expenses": 388,
        "Deferred income taxes expenses": "N/A",
        "The interests of minority shareholders": "N/A",
        "Total Cost of profits": 388,
        "Profit after tax corporate income": 1071,
        "Volume": 3381000,
        "Close of Quarter": 5.2,
        "EPS": 4889.2,
        "Non-adjusted EPS": 5867,
        "PE": 0.9,
        "Book Price": 12.4
      }
    },
    {
      "quarter": "Q2 2011",
      "income status": {
        "Net sales": 46169,
        "Cost of goods sold": 34797,
        "Gross Profit": 11372,
        "Financial expenses": 162,
        "Of which: Interest expense": 162,
        "Cost of sales": "N/A",
        "Enterprise cost management": 6077,
        "Total Operating Expenses": 6239,
        "Total revenue financing activities": 175,
        "Net profit from business activities": 5308,
        "Profit": -538,
        "Profit before tax": 4769,
        "Present corporate income tax expenses": 1192,
        "Deferred income taxes expenses": "N/A",
        "The interests of minority shareholders": "N/A",
        "Total Cost of profits": 1192,
        "Profit after tax corporate income": 3577,
        "Volume": 3381000,
        "Close of Quarter": 4.7,
        "EPS": 4774.2,
        "Non-adjusted EPS": 5729,
        "PE": 0.8,
        "Book Price": 12.3
      }
    },
    {
      "quarter": "Q1 2011",
      "income status": {
        "Net sales": 29963,
        "Cost of goods sold": 22373,
        "Gross Profit": 7590,
        "Financial expenses": 208,
        "Of which: Interest expense": 208,
        "Cost of sales": "N/A",
        "Enterprise cost management": 4773,
        "Total Operating Expenses": 4981,
        "Total revenue financing activities": 319,
        "Net profit from business activities": 2928,
        "Profit": -986,
        "Profit before tax": 1942,
        "Present corporate income tax expenses": 486,
        "Deferred income taxes expenses": "N/A",
        "The interests of minority shareholders": "N/A",
        "Total Cost of profits": 486,
        "Profit after tax corporate income": 1457,
        "Volume": 3381000,
        "Close of Quarter": 5.6,
        "EPS": 4282.5,
        "Non-adjusted EPS": 5139,
        "PE": 1.1,
        "Book Price": 14
      }
    }
  ]
}