{
  "ticker": "BCC",
  "data": [
    {
      "quarter": "Q4 2016",
      "income status": {
        "Net sales": 1069883,
        "Cost of goods sold": 833795,
        "Gross Profit": 236088,
        "Financial expenses": 27614,
        "Of which: Interest expense": 25636,
        "Cost of sales": 80973,
        "Enterprise cost management": 45022,
        "Total Operating Expenses": 153609,
        "Total revenue financing activities": 19382,
        "Net profit from business activities": 101861,
        "Profit": -6627,
        "Profit before tax": 95234,
        "Present corporate income tax expenses": 20206,
        "Deferred income taxes expenses": "N/A",
        "The interests of minority shareholders": -4681,
        "Total Cost of profits": 15525,
        "Profit after tax corporate income": 79709,
        "Volume": 110010054,
        "Close of Quarter": 15,
        "EPS": 2332,
        "Non-adjusted EPS": 2332,
        "PE": 6.4,
        "Book Price": 17.6
      }
    },
    {
      "quarter": "Q3 2016",
      "income status": {
        "Net sales": 1012972,
        "Cost of goods sold": 800813,
        "Gross Profit": 212159,
        "Financial expenses": 29820,
        "Of which: Interest expense": 28123,
        "Cost of sales": 67853,
        "Enterprise cost management": 46805,
        "Total Operating Expenses": 144478,
        "Total revenue financing activities": 118,
        "Net profit from business activities": 67798,
        "Profit": -651,
        "Profit before tax": 67147,
        "Present corporate income tax expenses": 13961,
        "Deferred income taxes expenses": "N/A",
        "The interests of minority shareholders": -2185,
        "Total Cost of profits": 11776,
        "Profit after tax corporate income": 55371,
        "Volume": 95661397,
        "Close of Quarter": 16.3,
        "EPS": 2576.5,
        "Non-adjusted EPS": 2963,
        "PE": 5.5,
        "Book Price": 16.8
      }
    },
    {
      "quarter": "Q2 2016",
      "income status": {
        "Net sales": 1123188,
        "Cost of goods sold": 906284,
        "Gross Profit": 216904,
        "Financial expenses": 17531,
        "Of which: Interest expense": 28503,
        "Cost of sales": 32575,
        "Enterprise cost management": 42882,
        "Total Operating Expenses": 92988,
        "Total revenue financing activities": 175,
        "Net profit from business activities": 124091,
        "Profit": -1607,
        "Profit before tax": 122484,
        "Present corporate income tax expenses": 24039,
        "Deferred income taxes expenses": "N/A",
        "The interests of minority shareholders": -1126,
        "Total Cost of profits": 22913,
        "Profit after tax corporate income": 99571,
        "Volume": 95661397,
        "Close of Quarter": 13.5,
        "EPS": 2104.4,
        "Non-adjusted EPS": 2420,
        "PE": 5.6,
        "Book Price": 16.4
      }
    },
    {
      "quarter": "Q1 2016",
      "income status": {
        "Net sales": 1076321,
        "Cost of goods sold": 878984,
        "Gross Profit": 197337,
        "Financial expenses": 51144,
        "Of which: Interest expense": 31743,
        "Cost of sales": 82754,
        "Enterprise cost management": 38162,
        "Total Operating Expenses": 172060,
        "Total revenue financing activities": 165,
        "Net profit from business activities": 25442,
        "Profit": 1883,
        "Profit before tax": 27324,
        "Present corporate income tax expenses": 6573,
        "Deferred income taxes expenses": "N/A",
        "The interests of minority shareholders": -1175,
        "Total Cost of profits": 5398,
        "Profit after tax corporate income": 21927,
        "Volume": 95661397,
        "Close of Quarter": 13.7,
        "EPS": 1673.1,
        "Non-adjusted EPS": 1924,
        "PE": 7.1,
        "Book Price": 15.7
      }
    },
    {
      "quarter": "Q4 2015",
      "income status": {
        "Net sales": 1242394,
        "Cost of goods sold": 1035913,
        "Gross Profit": 206481,
        "Financial expenses": 33881,
        "Of which: Interest expense": 33718,
        "Cost of sales": 29712,
        "Enterprise cost management": 42948,
        "Total Operating Expenses": 106541,
        "Total revenue financing activities": 31290,
        "Net profit from business activities": 131229,
        "Profit": 1663,
        "Profit before tax": 132892,
        "Present corporate income tax expenses": 28296,
        "Deferred income taxes expenses": "N/A",
        "The interests of minority shareholders": -1986,
        "Total Cost of profits": 26310,
        "Profit after tax corporate income": 106582,
        "Volume": 95661397,
        "Close of Quarter": 11.7,
        "EPS": 2630.5,
        "Non-adjusted EPS": 3025,
        "PE": 3.9,
        "Book Price": 15.7
      }
    },
    {
      "quarter": "Q3 2015",
      "income status": {
        "Net sales": 978289,
        "Cost of goods sold": 804662,
        "Gross Profit": 173627,
        "Financial expenses": 71980,
        "Of which: Interest expense": 34536,
        "Cost of sales": 78131,
        "Enterprise cost management": 37426,
        "Total Operating Expenses": 187537,
        "Total revenue financing activities": 16529,
        "Net profit from business activities": 2618,
        "Profit": -923,
        "Profit before tax": 1695,
        "Present corporate income tax expenses": 381,
        "Deferred income taxes expenses": "N/A",
        "The interests of minority shareholders": -2073,
        "Total Cost of profits": -1692,
        "Profit after tax corporate income": 3387,
        "Volume": 95661397,
        "Close of Quarter": 11.3,
        "EPS": 2677.4,
        "Non-adjusted EPS": 3079,
        "PE": 3.7,
        "Book Price": 14.7
      }
    },
    {
      "quarter": "Q2 2015",
      "income status": {
        "Net sales": 1039284,
        "Cost of goods sold": 826262,
        "Gross Profit": 213021,
        "Financial expenses": 38594,
        "Of which: Interest expense": 37974,
        "Cost of sales": 36861,
        "Enterprise cost management": 35319,
        "Total Operating Expenses": 110774,
        "Total revenue financing activities": -37063,
        "Net profit from business activities": 65185,
        "Profit": -1370,
        "Profit before tax": 63815,
        "Present corporate income tax expenses": 13422,
        "Deferred income taxes expenses": "N/A",
        "The interests of minority shareholders": -1738,
        "Total Cost of profits": 11684,
        "Profit after tax corporate income": 52131,
        "Volume": 95661397,
        "Close of Quarter": 13.0,
        "EPS": 2796.5,
        "Non-adjusted EPS": 3216,
        "PE": 4.1,
        "Book Price": 14.8
      }
    },
    {
      "quarter": "Q1 2015",
      "income status": {
        "Net sales": 893114,
        "Cost of goods sold": 713082,
        "Gross Profit": 180031,
        "Financial expenses": 40543,
        "Of which: Interest expense": 40394,
        "Cost of sales": 57886,
        "Enterprise cost management": 32531,
        "Total Operating Expenses": 130960,
        "Total revenue financing activities": 112166,
        "Net profit from business activities": 161237,
        "Profit": 2025,
        "Profit before tax": 163262,
        "Present corporate income tax expenses": 37191,
        "Deferred income taxes expenses": "N/A",
        "The interests of minority shareholders": -1246,
        "Total Cost of profits": 35945,
        "Profit after tax corporate income": 127317,
        "Volume": 95661397,
        "Close of Quarter": 15.9,
        "EPS": 2522.6,
        "Non-adjusted EPS": 2901,
        "PE": 5.5,
        "Book Price": 14.5
      }
    },
    {
      "quarter": "Q4 2014",
      "income status": {
        "Net sales": 1217587,
        "Cost of goods sold": 939380,
        "Gross Profit": 278207,
        "Financial expenses": 70974,
        "Of which: Interest expense": 47702,
        "Cost of sales": 89239,
        "Enterprise cost management": 66349,
        "Total Operating Expenses": 226562,
        "Total revenue financing activities": 87764,
        "Net profit from business activities": 139409,
        "Profit": 507,
        "Profit before tax": 139915,
        "Present corporate income tax expenses": 28292,
        "Deferred income taxes expenses": "N/A",
        "The interests of minority shareholders": -55,
        "Total Cost of profits": 28237,
        "Profit after tax corporate income": 111678,
        "Volume": 95661397,
        "Close of Quarter": 12.8,
        "EPS": 1476.5,
        "Non-adjusted EPS": 1698,
        "PE": 7.5,
        "Book Price": 13.4
      }
    },
    {
      "quarter": "Q3 2014",
      "income status": {
        "Net sales": 1010742,
        "Cost of goods sold": 828923,
        "Gross Profit": 181819,
        "Financial expenses": 119440,
        "Of which: Interest expense": 55561,
        "Cost of sales": 54380,
        "Enterprise cost management": 43328,
        "Total Operating Expenses": 217148,
        "Total revenue financing activities": 55231,
        "Net profit from business activities": 19902,
        "Profit": 1983,
        "Profit before tax": 21886,
        "Present corporate income tax expenses": 3991,
        "Deferred income taxes expenses": "N/A",
        "The interests of minority shareholders": 1358,
        "Total Cost of profits": 5349,
        "Profit after tax corporate income": 16537,
        "Volume": 95661397,
        "Close of Quarter": 12.4,
        "EPS": -7.8,
        "Non-adjusted EPS": -9,
        "PE": -1380,
        "Book Price": 12.2
      }
    },
    {
      "quarter": "Q2 2014",
      "income status": {
        "Net sales": 1127723,
        "Cost of goods sold": 895682,
        "Gross Profit": 232042,
        "Financial expenses": 102748,
        "Of which: Interest expense": 58922,
        "Cost of sales": 66146,
        "Enterprise cost management": 38696,
        "Total Operating Expenses": 207590,
        "Total revenue financing activities": 3076,
        "Net profit from business activities": 27528,
        "Profit": 724,
        "Profit before tax": 28252,
        "Present corporate income tax expenses": 6484,
        "Deferred income taxes expenses": "N/A",
        "The interests of minority shareholders": -187,
        "Total Cost of profits": 6297,
        "Profit after tax corporate income": 21955,
        "Volume": 95661397,
        "Close of Quarter": 6.6,
        "EPS": -255.7,
        "Non-adjusted EPS": -294,
        "PE": -22.4,
        "Book Price": 11.4
      }
    },
    {
      "quarter": "Q1 2014",
      "income status": {
        "Net sales": 980046,
        "Cost of goods sold": 757076,
        "Gross Profit": 222970,
        "Financial expenses": 105299,
        "Of which: Interest expense": 58930,
        "Cost of sales": 70439,
        "Enterprise cost management": 33419,
        "Total Operating Expenses": 209157,
        "Total revenue financing activities": 1708,
        "Net profit from business activities": 15521,
        "Profit": 288,
        "Profit before tax": 15809,
        "Present corporate income tax expenses": 4363,
        "Deferred income taxes expenses": "N/A",
        "The interests of minority shareholders": -837,
        "Total Cost of profits": 3526,
        "Profit after tax corporate income": 12283,
        "Volume": 95661397,
        "Close of Quarter": 7.4,
        "EPS": -268.7,
        "Non-adjusted EPS": -309,
        "PE": -23.8,
        "Book Price": 10.9
      }
    },
    {
      "quarter": "Q4 2013",
      "income status": {
        "Net sales": 1033143,
        "Cost of goods sold": 836013,
        "Gross Profit": 197130,
        "Financial expenses": 141173,
        "Of which: Interest expense": 69405,
        "Cost of sales": 81635,
        "Enterprise cost management": 36908,
        "Total Operating Expenses": 259716,
        "Total revenue financing activities": 1829,
        "Net profit from business activities": -60758,
        "Profit": 4483,
        "Profit before tax": -56275,
        "Present corporate income tax expenses": "N/A",
        "Deferred income taxes expenses": "N/A",
        "The interests of minority shareholders": -4603,
        "Total Cost of profits": -4603,
        "Profit after tax corporate income": -51672,
        "Volume": 95661397,
        "Close of Quarter": 4.9,
        "EPS": -227.0,
        "Non-adjusted EPS": -261,
        "PE": -18.7,
        "Book Price": 10.5
      }
    },
    {
      "quarter": "Q3 2013",
      "income status": {
        "Net sales": 882377,
        "Cost of goods sold": 736374,
        "Gross Profit": 146003,
        "Financial expenses": 83373,
        "Of which: Interest expense": 62854,
        "Cost of sales": 40273,
        "Enterprise cost management": 41185,
        "Total Operating Expenses": 164831,
        "Total revenue financing activities": 1521,
        "Net profit from business activities": -17307,
        "Profit": 3519,
        "Profit before tax": -13787,
        "Present corporate income tax expenses": "N/A",
        "Deferred income taxes expenses": "N/A",
        "The interests of minority shareholders": -3070,
        "Total Cost of profits": -3070,
        "Profit after tax corporate income": -10717,
        "Volume": 95661397,
        "Close of Quarter": 4.6,
        "EPS": 605.2,
        "Non-adjusted EPS": 696,
        "PE": 6.6,
        "Book Price": 11.0
      }
    },
    {
      "quarter": "Q2 2013",
      "income status": {
        "Net sales": 939617,
        "Cost of goods sold": 743702,
        "Gross Profit": 195915,
        "Financial expenses": 94391,
        "Of which: Interest expense": 72824,
        "Cost of sales": 38462,
        "Enterprise cost management": 44639,
        "Total Operating Expenses": 177492,
        "Total revenue financing activities": 3569,
        "Net profit from business activities": 21992,
        "Profit": 5604,
        "Profit before tax": 27597,
        "Present corporate income tax expenses": 8499,
        "Deferred income taxes expenses": "N/A",
        "The interests of minority shareholders": -1420,
        "Total Cost of profits": 7079,
        "Profit after tax corporate income": 20518,
        "Volume": 95661397,
        "Close of Quarter": 4.5,
        "EPS": 727.0,
        "Non-adjusted EPS": 836,
        "PE": 5.4,
        "Book Price": 11.0
      }
    },
    {
      "quarter": "Q1 2013",
      "income status": {
        "Net sales": 873555,
        "Cost of goods sold": 690580,
        "Gross Profit": 182976,
        "Financial expenses": 87080,
        "Of which: Interest expense": 70530,
        "Cost of sales": 33126,
        "Enterprise cost management": 38085,
        "Total Operating Expenses": 158291,
        "Total revenue financing activities": 2213,
        "Net profit from business activities": 26898,
        "Profit": -4370,
        "Profit before tax": 22528,
        "Present corporate income tax expenses": 5632,
        "Deferred income taxes expenses": "N/A",
        "The interests of minority shareholders": "N/A",
        "Total Cost of profits": 5632,
        "Profit after tax corporate income": 16896,
        "Volume": 95661397,
        "Close of Quarter": 4.4,
        "EPS": 630.4,
        "Non-adjusted EPS": 725,
        "PE": 6.0,
        "Book Price": 10.7
      }
    },
    {
      "quarter": "Q4 2012",
      "income status": {
        "Net sales": 973470,
        "Cost of goods sold": 750142,
        "Gross Profit": 223328,
        "Financial expenses": 102640,
        "Of which: Interest expense": 82530,
        "Cost of sales": 71155,
        "Enterprise cost management": 27182,
        "Total Operating Expenses": 200977,
        "Total revenue financing activities": 28968,
        "Net profit from business activities": 51319,
        "Profit": 1731,
        "Profit before tax": 53050,
        "Present corporate income tax expenses": 13140,
        "Deferred income taxes expenses": "N/A",
        "The interests of minority shareholders": "N/A",
        "Total Cost of profits": 13140,
        "Profit after tax corporate income": 39909,
        "Volume": 95661397,
        "Close of Quarter": 3.6,
        "EPS": 626.1,
        "Non-adjusted EPS": 720,
        "PE": 5,
        "Book Price": 10.4
      }
    },
    {
      "quarter": "Q3 2012",
      "income status": {
        "Net sales": 822507,
        "Cost of goods sold": 685242,
        "Gross Profit": 137265,
        "Financial expenses": 80265,
        "Of which: Interest expense": 79851,
        "Cost of sales": 25910,
        "Enterprise cost management": 40130,
        "Total Operating Expenses": 146305,
        "Total revenue financing activities": 8659,
        "Net profit from business activities": -381,
        "Profit": 3953,
        "Profit before tax": 3572,
        "Present corporate income tax expenses": 893,
        "Deferred income taxes expenses": "N/A",
        "The interests of minority shareholders": "N/A",
        "Total Cost of profits": 893,
        "Profit after tax corporate income": 2679,
        "Volume": 95661397,
        "Close of Quarter": 3.8,
        "EPS": 627.8,
        "Non-adjusted EPS": 722,
        "PE": 5.2,
        "Book Price": 9.8
      }
    },
    {
      "quarter": "Q2 2012",
      "income status": {
        "Net sales": 941236,
        "Cost of goods sold": 727393,
        "Gross Profit": 213843,
        "Financial expenses": 127705,
        "Of which: Interest expense": 90119,
        "Cost of sales": 37289,
        "Enterprise cost management": 42629,
        "Total Operating Expenses": 207623,
        "Total revenue financing activities": 4207,
        "Net profit from business activities": 10428,
        "Profit": 2784,
        "Profit before tax": 13212,
        "Present corporate income tax expenses": 3303,
        "Deferred income taxes expenses": "N/A",
        "The interests of minority shareholders": "N/A",
        "Total Cost of profits": 3303,
        "Profit after tax corporate income": 9909,
        "Volume": 95661397,
        "Close of Quarter": 4.6,
        "EPS": 560.9,
        "Non-adjusted EPS": 645,
        "PE": 7.2,
        "Book Price": 9.8
      }
    },
    {
      "quarter": "Q1 2012",
      "income status": {
        "Net sales": 779123,
        "Cost of goods sold": 544204,
        "Gross Profit": 234919,
        "Financial expenses": 133937,
        "Of which: Interest expense": 114300,
        "Cost of sales": 46219,
        "Enterprise cost management": 31316,
        "Total Operating Expenses": 211472,
        "Total revenue financing activities": 1891,
        "Net profit from business activities": 25337,
        "Profit": -3532,
        "Profit before tax": 21805,
        "Present corporate income tax expenses": 5451,
        "Deferred income taxes expenses": "N/A",
        "The interests of minority shareholders": "N/A",
        "Total Cost of profits": 5451,
        "Profit after tax corporate income": 16354,
        "Volume": 95661397,
        "Close of Quarter": 3.9,
        "EPS": 271.3,
        "Non-adjusted EPS": 312,
        "PE": 12.6,
        "Book Price": 9.7
      }
    },
    {
      "quarter": "Q4 2011",
      "income status": {
        "Net sales": 911658,
        "Cost of goods sold": 640238,
        "Gross Profit": 271421,
        "Financial expenses": 134625,
        "Of which: Interest expense": 106015,
        "Cost of sales": 52722,
        "Enterprise cost management": 36222,
        "Total Operating Expenses": 223569,
        "Total revenue financing activities": 2610,
        "Net profit from business activities": 50463,
        "Profit": 1350,
        "Profit before tax": 51813,
        "Present corporate income tax expenses": 11678,
        "Deferred income taxes expenses": "N/A",
        "The interests of minority shareholders": "N/A",
        "Total Cost of profits": 11678,
        "Profit after tax corporate income": 40135,
        "Volume": 95661397,
        "Close of Quarter": 2.7,
        "EPS": 331.3,
        "Non-adjusted EPS": 381,
        "PE": 7.0,
        "Book Price": 9.5
      }
    },
    {
      "quarter": "Q3 2011",
      "income status": {
        "Net sales": 738246,
        "Cost of goods sold": 525677,
        "Gross Profit": 212568,
        "Financial expenses": 132011,
        "Of which: Interest expense": 122141,
        "Cost of sales": 55445,
        "Enterprise cost management": 33242,
        "Total Operating Expenses": 220698,
        "Total revenue financing activities": 970,
        "Net profit from business activities": -7159,
        "Profit": 2425,
        "Profit before tax": -3252,
        "Present corporate income tax expenses": "N/A",
        "Deferred income taxes expenses": "N/A",
        "The interests of minority shareholders": "N/A",
        "Total Cost of profits": 0,
        "Profit after tax corporate income": -4735,
        "Volume": 95661397,
        "Close of Quarter": 3.5,
        "EPS": 35.7,
        "Non-adjusted EPS": 41,
        "PE": 85.6,
        "Book Price": 9.1
      }
    },
    {
      "quarter": "Q2 2011",
      "income status": {
        "Net sales": 843538,
        "Cost of goods sold": 664622,
        "Gross Profit": 178916,
        "Financial expenses": 144806,
        "Of which: Interest expense": 102651,
        "Cost of sales": 36272,
        "Enterprise cost management": 27832,
        "Total Operating Expenses": 208910,
        "Total revenue financing activities": 334,
        "Net profit from business activities": -29660,
        "Profit": 4622,
        "Profit before tax": -25038,
        "Present corporate income tax expenses": -3176,
        "Deferred income taxes expenses": "N/A",
        "The interests of minority shareholders": "N/A",
        "Total Cost of profits": -3176,
        "Profit after tax corporate income": -21862,
        "Volume": 95661397,
        "Close of Quarter": 3.9,
        "EPS": -281.7,
        "Non-adjusted EPS": -324,
        "PE": -11.9,
        "Book Price": 9.2
      }
    },
    {
      "quarter": "Q1 2011",
      "income status": {
        "Net sales": 825859,
        "Cost of goods sold": 604574,
        "Gross Profit": 221285,
        "Financial expenses": 126584,
        "Of which: Interest expense": 95884,
        "Cost of sales": 41814,
        "Enterprise cost management": 28955,
        "Total Operating Expenses": 197353,
        "Total revenue financing activities": 1685,
        "Net profit from business activities": 25618,
        "Profit": 904,
        "Profit before tax": 26521,
        "Present corporate income tax expenses": 3639,
        "Deferred income taxes expenses": "N/A",
        "The interests of minority shareholders": "N/A",
        "Total Cost of profits": 3639,
        "Profit after tax corporate income": 22883,
        "Volume": 95661397,
        "Close of Quarter": 5.8,
        "EPS": 324.4,
        "Non-adjusted EPS": 373,
        "PE": 15.6,
        "Book Price": 9.7
      }
    }
  ]
}