{
  "ticker": "S55",
  "data": [
    {
      "quarter": "Q4 2016",
      "income status": {
        "Net sales": 80922,
        "Cost of goods sold": 75046,
        "Gross Profit": 5876,
        "Financial expenses": 1261,
        "Of which: Interest expense": 1261,
        "Cost of sales": "N/A",
        "Enterprise cost management": 4810,
        "Total Operating Expenses": 6071,
        "Total revenue financing activities": 1993,
        "Net profit from business activities": 3367,
        "Profit": 7515,
        "Profit before tax": 10883,
        "Present corporate income tax expenses": 1235,
        "Deferred income taxes expenses": -62,
        "The interests of minority shareholders": "N/A",
        "Total Cost of profits": 1173,
        "Profit after tax corporate income": 9711,
        "Volume": 4992000,
        "Close of Quarter": 31.6,
        "EPS": 8247,
        "Non-adjusted EPS": 8247,
        "PE": 3.8,
        "Book Price": 64.7
      }
    },
    {
      "quarter": "Q3 2016",
      "income status": {
        "Net sales": 78588,
        "Cost of goods sold": 63961,
        "Gross Profit": 14627,
        "Financial expenses": -164,
        "Of which: Interest expense": 821,
        "Cost of sales": "N/A",
        "Enterprise cost management": 3118,
        "Total Operating Expenses": 2954,
        "Total revenue financing activities": 193,
        "Net profit from business activities": 12404,
        "Profit": 748,
        "Profit before tax": 13151,
        "Present corporate income tax expenses": 1478,
        "Deferred income taxes expenses": -140,
        "The interests of minority shareholders": "N/A",
        "Total Cost of profits": 1338,
        "Profit after tax corporate income": 11814,
        "Volume": 4992000,
        "Close of Quarter": 33.0,
        "EPS": 9325,
        "Non-adjusted EPS": 9325,
        "PE": 3.5,
        "Book Price": 62.7
      }
    },
    {
      "quarter": "Q2 2016",
      "income status": {
        "Net sales": 65392,
        "Cost of goods sold": 62330,
        "Gross Profit": 3062,
        "Financial expenses": 496,
        "Of which: Interest expense": 964,
        "Cost of sales": "N/A",
        "Enterprise cost management": 1552,
        "Total Operating Expenses": 2048,
        "Total revenue financing activities": 6070,
        "Net profit from business activities": 9400,
        "Profit": -304,
        "Profit before tax": 9096,
        "Present corporate income tax expenses": 826,
        "Deferred income taxes expenses": -249,
        "The interests of minority shareholders": "N/A",
        "Total Cost of profits": 577,
        "Profit after tax corporate income": 8520,
        "Volume": 4992000,
        "Close of Quarter": 37.7,
        "EPS": 8636,
        "Non-adjusted EPS": 8636,
        "PE": 4.4,
        "Book Price": 60.4
      }
    },
    {
      "quarter": "Q1 2016",
      "income status": {
        "Net sales": 82161,
        "Cost of goods sold": 66051,
        "Gross Profit": 16110,
        "Financial expenses": 726,
        "Of which: Interest expense": 716,
        "Cost of sales": "N/A",
        "Enterprise cost management": 3904,
        "Total Operating Expenses": 4630,
        "Total revenue financing activities": 1387,
        "Net profit from business activities": 12866,
        "Profit": -91,
        "Profit before tax": 12775,
        "Present corporate income tax expenses": 1794,
        "Deferred income taxes expenses": -142,
        "The interests of minority shareholders": "N/A",
        "Total Cost of profits": 1652,
        "Profit after tax corporate income": 11123,
        "Volume": 4992000,
        "Close of Quarter": 31.0,
        "EPS": 9102,
        "Non-adjusted EPS": 9102,
        "PE": 3.4,
        "Book Price": 57.4
      }
    },
    {
      "quarter": "Q4 2015",
      "income status": {
        "Net sales": 121067,
        "Cost of goods sold": 123424,
        "Gross Profit": -2356,
        "Financial expenses": 16355,
        "Of which: Interest expense": 1244,
        "Cost of sales": "N/A",
        "Enterprise cost management": -23435,
        "Total Operating Expenses": -7080,
        "Total revenue financing activities": 290,
        "Net profit from business activities": 5015,
        "Profit": 9892,
        "Profit before tax": 14906,
        "Present corporate income tax expenses": -162,
        "Deferred income taxes expenses": -24,
        "The interests of minority shareholders": "N/A",
        "Total Cost of profits": -186,
        "Profit after tax corporate income": 15093,
        "Volume": 4992000,
        "Close of Quarter": 27.7,
        "EPS": 8519,
        "Non-adjusted EPS": 8519,
        "PE": 3.3,
        "Book Price": 54.8
      }
    },
    {
      "quarter": "Q3 2015",
      "income status": {
        "Net sales": 108030,
        "Cost of goods sold": 93687,
        "Gross Profit": 14342,
        "Financial expenses": 2283,
        "Of which: Interest expense": 2199,
        "Cost of sales": "N/A",
        "Enterprise cost management": 4105,
        "Total Operating Expenses": 6388,
        "Total revenue financing activities": 115,
        "Net profit from business activities": 8070,
        "Profit": 1100,
        "Profit before tax": 9169,
        "Present corporate income tax expenses": 914,
        "Deferred income taxes expenses": -120,
        "The interests of minority shareholders": "N/A",
        "Total Cost of profits": 794,
        "Profit after tax corporate income": 8375,
        "Volume": 4992000,
        "Close of Quarter": 25.3,
        "EPS": 6639,
        "Non-adjusted EPS": 6639,
        "PE": 3.8,
        "Book Price": 48.9
      }
    },
    {
      "quarter": "Q2 2015",
      "income status": {
        "Net sales": 120291,
        "Cost of goods sold": 109253,
        "Gross Profit": 11039,
        "Financial expenses": -251,
        "Of which: Interest expense": 57,
        "Cost of sales": "N/A",
        "Enterprise cost management": 1322,
        "Total Operating Expenses": 1071,
        "Total revenue financing activities": 1273,
        "Net profit from business activities": 11242,
        "Profit": 127,
        "Profit before tax": 11368,
        "Present corporate income tax expenses": 585,
        "Deferred income taxes expenses": -64,
        "The interests of minority shareholders": "N/A",
        "Total Cost of profits": 521,
        "Profit after tax corporate income": 10848,
        "Volume": 4992000,
        "Close of Quarter": 27.7,
        "EPS": 5387,
        "Non-adjusted EPS": 5387,
        "PE": 5.1,
        "Book Price": 47.3
      }
    },
    {
      "quarter": "Q1 2015",
      "income status": {
        "Net sales": 114053,
        "Cost of goods sold": 103643,
        "Gross Profit": 10409,
        "Financial expenses": 555,
        "Of which: Interest expense": 647,
        "Cost of sales": "N/A",
        "Enterprise cost management": 3082,
        "Total Operating Expenses": 3637,
        "Total revenue financing activities": 1908,
        "Net profit from business activities": 8680,
        "Profit": 18,
        "Profit before tax": 8699,
        "Present corporate income tax expenses": 488,
        "Deferred income taxes expenses": "N/A",
        "The interests of minority shareholders": "N/A",
        "Total Cost of profits": 488,
        "Profit after tax corporate income": 8211,
        "Volume": 2496000,
        "Close of Quarter": 30.4,
        "EPS": 5000,
        "Non-adjusted EPS": 10000,
        "PE": 3.0,
        "Book Price": 37.5
      }
    },
    {
      "quarter": "Q4 2014",
      "income status": {
        "Net sales": 113648,
        "Cost of goods sold": 107764,
        "Gross Profit": 5885,
        "Financial expenses": 3853,
        "Of which: Interest expense": 1861,
        "Cost of sales": "N/A",
        "Enterprise cost management": 8503,
        "Total Operating Expenses": 12356,
        "Total revenue financing activities": 657,
        "Net profit from business activities": -5814,
        "Profit": 13027,
        "Profit before tax": 7213,
        "Present corporate income tax expenses": 1503,
        "Deferred income taxes expenses": "N/A",
        "The interests of minority shareholders": "N/A",
        "Total Cost of profits": 1503,
        "Profit after tax corporate income": 5709,
        "Volume": 2496000,
        "Close of Quarter": 28.8,
        "EPS": 4933,
        "Non-adjusted EPS": 9866,
        "PE": 2.9,
        "Book Price": 37.4
      }
    },
    {
      "quarter": "Q3 2014",
      "income status": {
        "Net sales": 131387,
        "Cost of goods sold": 107866,
        "Gross Profit": 23521,
        "Financial expenses": 657,
        "Of which: Interest expense": 981,
        "Cost of sales": "N/A",
        "Enterprise cost management": 5209,
        "Total Operating Expenses": 5866,
        "Total revenue financing activities": 545,
        "Net profit from business activities": 18199,
        "Profit": -2777,
        "Profit before tax": 15422,
        "Present corporate income tax expenses": 13299,
        "Deferred income taxes expenses": "N/A",
        "The interests of minority shareholders": "N/A",
        "Total Cost of profits": 13299,
        "Profit after tax corporate income": 2123,
        "Volume": 2496000,
        "Close of Quarter": 28.7,
        "EPS": 4545,
        "Non-adjusted EPS": 9090,
        "PE": 3.2,
        "Book Price": 28.9
      }
    },
    {
      "quarter": "Q2 2014",
      "income status": {
        "Net sales": 85505,
        "Cost of goods sold": 78800,
        "Gross Profit": 6705,
        "Financial expenses": 433,
        "Of which: Interest expense": 686,
        "Cost of sales": "N/A",
        "Enterprise cost management": -489,
        "Total Operating Expenses": -56,
        "Total revenue financing activities": 1798,
        "Net profit from business activities": 8560,
        "Profit": 1024,
        "Profit before tax": 9584,
        "Present corporate income tax expenses": 665,
        "Deferred income taxes expenses": "N/A",
        "The interests of minority shareholders": "N/A",
        "Total Cost of profits": 665,
        "Profit after tax corporate income": 8918,
        "Volume": 2496000,
        "Close of Quarter": 13.4,
        "EPS": 5967,
        "Non-adjusted EPS": 11934,
        "PE": 1.1,
        "Book Price": 29.3
      }
    },
    {
      "quarter": "Q1 2014",
      "income status": {
        "Net sales": 90950,
        "Cost of goods sold": 79818,
        "Gross Profit": 11132,
        "Financial expenses": 485,
        "Of which: Interest expense": 485,
        "Cost of sales": "N/A",
        "Enterprise cost management": 4858,
        "Total Operating Expenses": 5343,
        "Total revenue financing activities": 2011,
        "Net profit from business activities": 7800,
        "Profit": 624,
        "Profit before tax": 8425,
        "Present corporate income tax expenses": 550,
        "Deferred income taxes expenses": "N/A",
        "The interests of minority shareholders": "N/A",
        "Total Cost of profits": 550,
        "Profit after tax corporate income": 7875,
        "Volume": 2496000,
        "Close of Quarter": 15.2,
        "EPS": 4391.5,
        "Non-adjusted EPS": 8783,
        "PE": 1.7,
        "Book Price": 26.7
      }
    },
    {
      "quarter": "Q4 2013",
      "income status": {
        "Net sales": 117565,
        "Cost of goods sold": 62034,
        "Gross Profit": 55531,
        "Financial expenses": 682,
        "Of which: Interest expense": 774,
        "Cost of sales": "N/A",
        "Enterprise cost management": 51809,
        "Total Operating Expenses": 52491,
        "Total revenue financing activities": 347,
        "Net profit from business activities": 3388,
        "Profit": 614,
        "Profit before tax": 4002,
        "Present corporate income tax expenses": 230,
        "Deferred income taxes expenses": "N/A",
        "The interests of minority shareholders": "N/A",
        "Total Cost of profits": 230,
        "Profit after tax corporate income": 3773,
        "Volume": 2496000,
        "Close of Quarter": 13.2,
        "EPS": 4316,
        "Non-adjusted EPS": 8632,
        "PE": 1.5,
        "Book Price": 26.2
      }
    },
    {
      "quarter": "Q3 2013",
      "income status": {
        "Net sales": 149102,
        "Cost of goods sold": 114678,
        "Gross Profit": 34424,
        "Financial expenses": 474,
        "Of which: Interest expense": 497,
        "Cost of sales": "N/A",
        "Enterprise cost management": 27693,
        "Total Operating Expenses": 28167,
        "Total revenue financing activities": 74,
        "Net profit from business activities": 6331,
        "Profit": 3384,
        "Profit before tax": 9716,
        "Present corporate income tax expenses": 493,
        "Deferred income taxes expenses": "N/A",
        "The interests of minority shareholders": "N/A",
        "Total Cost of profits": 493,
        "Profit after tax corporate income": 9222,
        "Volume": 2496000,
        "Close of Quarter": 7.7,
        "EPS": 5054.5,
        "Non-adjusted EPS": 10109,
        "PE": 0.8,
        "Book Price": 28.7
      }
    },
    {
      "quarter": "Q2 2013",
      "income status": {
        "Net sales": 215651,
        "Cost of goods sold": 201364,
        "Gross Profit": 14287,
        "Financial expenses": 941,
        "Of which: Interest expense": 938,
        "Cost of sales": "N/A",
        "Enterprise cost management": 11948,
        "Total Operating Expenses": 12889,
        "Total revenue financing activities": 460,
        "Net profit from business activities": 1859,
        "Profit": -672,
        "Profit before tax": 1187,
        "Present corporate income tax expenses": 135,
        "Deferred income taxes expenses": "N/A",
        "The interests of minority shareholders": "N/A",
        "Total Cost of profits": 135,
        "Profit after tax corporate income": 1052,
        "Volume": 2496000,
        "Close of Quarter": 7.3,
        "EPS": 3482,
        "Non-adjusted EPS": 6964,
        "PE": 1.1,
        "Book Price": 27.9
      }
    },
    {
      "quarter": "Q1 2013",
      "income status": {
        "Net sales": 165079,
        "Cost of goods sold": 152238,
        "Gross Profit": 12841,
        "Financial expenses": 1104,
        "Of which: Interest expense": 1079,
        "Cost of sales": "N/A",
        "Enterprise cost management": 5120,
        "Total Operating Expenses": 6224,
        "Total revenue financing activities": 700,
        "Net profit from business activities": 7316,
        "Profit": 591,
        "Profit before tax": 7907,
        "Present corporate income tax expenses": 409,
        "Deferred income taxes expenses": "N/A",
        "The interests of minority shareholders": "N/A",
        "Total Cost of profits": 409,
        "Profit after tax corporate income": 7498,
        "Volume": 2496000,
        "Close of Quarter": 6.7,
        "EPS": 4145,
        "Non-adjusted EPS": 8290,
        "PE": 0.8,
        "Book Price": 26.7
      }
    },
    {
      "quarter": "Q4 2012",
      "income status": {
        "Net sales": 176963,
        "Cost of goods sold": 154427,
        "Gross Profit": 22536,
        "Financial expenses": 1376,
        "Of which: Interest expense": 1542,
        "Cost of sales": "N/A",
        "Enterprise cost management": 13981,
        "Total Operating Expenses": 15357,
        "Total revenue financing activities": 123,
        "Net profit from business activities": 7303,
        "Profit": 751,
        "Profit before tax": 8054,
        "Present corporate income tax expenses": 595,
        "Deferred income taxes expenses": "N/A",
        "The interests of minority shareholders": "N/A",
        "Total Cost of profits": 595,
        "Profit after tax corporate income": 7459,
        "Volume": 2496000,
        "Close of Quarter": 6.6,
        "EPS": 3583.5,
        "Non-adjusted EPS": 7167,
        "PE": 0.9,
        "Book Price": 26.5
      }
    },
    {
      "quarter": "Q3 2012",
      "income status": {
        "Net sales": 211820,
        "Cost of goods sold": 178031,
        "Gross Profit": 33789,
        "Financial expenses": 1823,
        "Of which: Interest expense": 1189,
        "Cost of sales": "N/A",
        "Enterprise cost management": 30700,
        "Total Operating Expenses": 32523,
        "Total revenue financing activities": 66,
        "Net profit from business activities": 1332,
        "Profit": 146,
        "Profit before tax": 1477,
        "Present corporate income tax expenses": 104,
        "Deferred income taxes expenses": "N/A",
        "The interests of minority shareholders": "N/A",
        "Total Cost of profits": 104,
        "Profit after tax corporate income": 1374,
        "Volume": 2496000,
        "Close of Quarter": 6.7,
        "EPS": 4075.5,
        "Non-adjusted EPS": 8151,
        "PE": 0.8,
        "Book Price": 25.0
      }
    },
    {
      "quarter": "Q2 2012",
      "income status": {
        "Net sales": 109479,
        "Cost of goods sold": 97198,
        "Gross Profit": 12281,
        "Financial expenses": 2388,
        "Of which: Interest expense": 1902,
        "Cost of sales": "N/A",
        "Enterprise cost management": 5256,
        "Total Operating Expenses": 7644,
        "Total revenue financing activities": 50,
        "Net profit from business activities": 4688,
        "Profit": 70,
        "Profit before tax": 4757,
        "Present corporate income tax expenses": 396,
        "Deferred income taxes expenses": "N/A",
        "The interests of minority shareholders": "N/A",
        "Total Cost of profits": 396,
        "Profit after tax corporate income": 4361,
        "Volume": 2496000,
        "Close of Quarter": 7.4,
        "EPS": 5027,
        "Non-adjusted EPS": 10054,
        "PE": 0.7,
        "Book Price": 25.7
      }
    },
    {
      "quarter": "Q1 2012",
      "income status": {
        "Net sales": 100478,
        "Cost of goods sold": 90649,
        "Gross Profit": 9829,
        "Financial expenses": 1215,
        "Of which: Interest expense": 1520,
        "Cost of sales": "N/A",
        "Enterprise cost management": 5403,
        "Total Operating Expenses": 6618,
        "Total revenue financing activities": 353,
        "Net profit from business activities": 3564,
        "Profit": 1385,
        "Profit before tax": 4949,
        "Present corporate income tax expenses": 252,
        "Deferred income taxes expenses": "N/A",
        "The interests of minority shareholders": "N/A",
        "Total Cost of profits": 252,
        "Profit after tax corporate income": 4696,
        "Volume": 2496000,
        "Close of Quarter": 6.3,
        "EPS": 5697,
        "Non-adjusted EPS": 11394,
        "PE": 0.6,
        "Book Price": 23.8
      }
    },
    {
      "quarter": "Q4 2011",
      "income status": {
        "Net sales": 211384,
        "Cost of goods sold": 190499,
        "Gross Profit": 20885,
        "Financial expenses": 3615,
        "Of which: Interest expense": 3233,
        "Cost of sales": "N/A",
        "Enterprise cost management": 6845,
        "Total Operating Expenses": 10460,
        "Total revenue financing activities": 47,
        "Net profit from business activities": 10473,
        "Profit": 3,
        "Profit before tax": 10476,
        "Present corporate income tax expenses": 562,
        "Deferred income taxes expenses": "N/A",
        "The interests of minority shareholders": "N/A",
        "Total Cost of profits": 562,
        "Profit after tax corporate income": 9914,
        "Volume": 2496000,
        "Close of Quarter": 4.0,
        "EPS": 4910.5,
        "Non-adjusted EPS": 9821,
        "PE": 0.4,
        "Book Price": 24.3
      }
    },
    {
      "quarter": "Q3 2011",
      "income status": {
        "Net sales": 174471,
        "Cost of goods sold": 160602,
        "Gross Profit": 13870,
        "Financial expenses": 2559,
        "Of which: Interest expense": 2623,
        "Cost of sales": "N/A",
        "Enterprise cost management": 5070,
        "Total Operating Expenses": 7629,
        "Total revenue financing activities": 36,
        "Net profit from business activities": 6277,
        "Profit": 175,
        "Profit before tax": 6452,
        "Present corporate income tax expenses": 327,
        "Deferred income taxes expenses": "N/A",
        "The interests of minority shareholders": "N/A",
        "Total Cost of profits": 327,
        "Profit after tax corporate income": 6125,
        "Volume": 2496000,
        "Close of Quarter": 4.7,
        "EPS": 3693.5,
        "Non-adjusted EPS": 7387,
        "PE": 0.6,
        "Book Price": 22.3
      }
    },
    {
      "quarter": "Q2 2011",
      "income status": {
        "Net sales": 172240,
        "Cost of goods sold": 156885,
        "Gross Profit": 15355,
        "Financial expenses": 2692,
        "Of which: Interest expense": 2535,
        "Cost of sales": "N/A",
        "Enterprise cost management": 4605,
        "Total Operating Expenses": 7297,
        "Total revenue financing activities": 63,
        "Net profit from business activities": 8122,
        "Profit": -1,
        "Profit before tax": 8120,
        "Present corporate income tax expenses": 416,
        "Deferred income taxes expenses": "N/A",
        "The interests of minority shareholders": "N/A",
        "Total Cost of profits": 416,
        "Profit after tax corporate income": 7704,
        "Volume": 2496000,
        "Close of Quarter": 4.0,
        "EPS": 3390,
        "Non-adjusted EPS": 6780,
        "PE": 0.6,
        "Book Price": 21.1
      }
    },
    {
      "quarter": "Q1 2011",
      "income status": {
        "Net sales": 54685,
        "Cost of goods sold": 47661,
        "Gross Profit": 7023,
        "Financial expenses": 1660,
        "Of which: Interest expense": 1166,
        "Cost of sales": "N/A",
        "Enterprise cost management": 4622,
        "Total Operating Expenses": 6282,
        "Total revenue financing activities": 74,
        "Net profit from business activities": 816,
        "Profit": -1,
        "Profit before tax": 814,
        "Present corporate income tax expenses": 46,
        "Deferred income taxes expenses": "N/A",
        "The interests of minority shareholders": "N/A",
        "Total Cost of profits": 46,
        "Profit after tax corporate income": 769,
        "Volume": 2496000,
        "Close of Quarter": 7.2,
        "EPS": 2794,
        "Non-adjusted EPS": 5588,
        "PE": 1.3,
        "Book Price": 19.5
      }
    }
  ]
}