{
  "ticker": "ARM",
  "data": [
    {
      "quarter": "Q4 2016",
      "income status": {
        "Net sales": 62166,
        "Cost of goods sold": 50259,
        "Gross Profit": 11907,
        "Financial expenses": 181,
        "Of which: Interest expense": 164,
        "Cost of sales": 4249,
        "Enterprise cost management": 5520,
        "Total Operating Expenses": 9950,
        "Total revenue financing activities": 228,
        "Net profit from business activities": 2184,
        "Profit": 502,
        "Profit before tax": 2686,
        "Present corporate income tax expenses": 805,
        "Deferred income taxes expenses": "N/A",
        "The interests of minority shareholders": "N/A",
        "Total Cost of profits": 805,
        "Profit after tax corporate income": 1881,
        "Volume": 2592740,
        "Close of Quarter": 30.1,
        "EPS": 2861,
        "Non-adjusted EPS": 2861,
        "PE": 10.5,
        "Book Price": 14.5
      }
    },
    {
      "quarter": "Q3 2016",
      "income status": {
        "Net sales": 49009,
        "Cost of goods sold": 38251,
        "Gross Profit": 10757,
        "Financial expenses": 80,
        "Of which: Interest expense": 57,
        "Cost of sales": 4865,
        "Enterprise cost management": 3486,
        "Total Operating Expenses": 8431,
        "Total revenue financing activities": 42,
        "Net profit from business activities": 2368,
        "Profit": -555,
        "Profit before tax": 1813,
        "Present corporate income tax expenses": 363,
        "Deferred income taxes expenses": "N/A",
        "The interests of minority shareholders": "N/A",
        "Total Cost of profits": 363,
        "Profit after tax corporate income": 1450,
        "Volume": 2592740,
        "Close of Quarter": 29.3,
        "EPS": 3212,
        "Non-adjusted EPS": 3212,
        "PE": 9.1,
        "Book Price": 14.7
      }
    },
    {
      "quarter": "Q2 2016",
      "income status": {
        "Net sales": 33441,
        "Cost of goods sold": 20705,
        "Gross Profit": 12736,
        "Financial expenses": 96,
        "Of which: Interest expense": 44,
        "Cost of sales": 6362,
        "Enterprise cost management": 4887,
        "Total Operating Expenses": 11345,
        "Total revenue financing activities": 48,
        "Net profit from business activities": 1439,
        "Profit": 416,
        "Profit before tax": 1855,
        "Present corporate income tax expenses": 371,
        "Deferred income taxes expenses": "N/A",
        "The interests of minority shareholders": "N/A",
        "Total Cost of profits": 371,
        "Profit after tax corporate income": 1484,
        "Volume": 2592740,
        "Close of Quarter": 30.3,
        "EPS": 3229,
        "Non-adjusted EPS": 3229,
        "PE": 9.4,
        "Book Price": 14.2
      }
    },
    {
      "quarter": "Q1 2016",
      "income status": {
        "Net sales": 38802,
        "Cost of goods sold": 26265,
        "Gross Profit": 12537,
        "Financial expenses": 53,
        "Of which: Interest expense": 46,
        "Cost of sales": 5943,
        "Enterprise cost management": 3459,
        "Total Operating Expenses": 9455,
        "Total revenue financing activities": 129,
        "Net profit from business activities": 3211,
        "Profit": 44,
        "Profit before tax": 3255,
        "Present corporate income tax expenses": 651,
        "Deferred income taxes expenses": "N/A",
        "The interests of minority shareholders": "N/A",
        "Total Cost of profits": 651,
        "Profit after tax corporate income": 2604,
        "Volume": 2592740,
        "Close of Quarter": 28.9,
        "EPS": 2970,
        "Non-adjusted EPS": 2970,
        "PE": 9.7,
        "Book Price": 16
      }
    },
    {
      "quarter": "Q4 2015",
      "income status": {
        "Net sales": 52635,
        "Cost of goods sold": 38504,
        "Gross Profit": 14131,
        "Financial expenses": 542,
        "Of which: Interest expense": 40,
        "Cost of sales": 4647,
        "Enterprise cost management": 5536,
        "Total Operating Expenses": 10725,
        "Total revenue financing activities": 255,
        "Net profit from business activities": 3661,
        "Profit": -37,
        "Profit before tax": 3624,
        "Present corporate income tax expenses": 833,
        "Deferred income taxes expenses": "N/A",
        "The interests of minority shareholders": "N/A",
        "Total Cost of profits": 833,
        "Profit after tax corporate income": 2791,
        "Volume": 2592740,
        "Close of Quarter": 24.2,
        "EPS": 2735,
        "Non-adjusted EPS": 2735,
        "PE": 8.9,
        "Book Price": 15
      }
    },
    {
      "quarter": "Q3 2015",
      "income status": {
        "Net sales": 29366,
        "Cost of goods sold": 16948,
        "Gross Profit": 12419,
        "Financial expenses": 204,
        "Of which: Interest expense": "N/A",
        "Cost of sales": 6515,
        "Enterprise cost management": 3927,
        "Total Operating Expenses": 10646,
        "Total revenue financing activities": 139,
        "Net profit from business activities": 1912,
        "Profit": 1,
        "Profit before tax": 1913,
        "Present corporate income tax expenses": 421,
        "Deferred income taxes expenses": "N/A",
        "The interests of minority shareholders": "N/A",
        "Total Cost of profits": 421,
        "Profit after tax corporate income": 1492,
        "Volume": 2592740,
        "Close of Quarter": 22.1,
        "EPS": 1693,
        "Non-adjusted EPS": 1693,
        "PE": 13.0,
        "Book Price": 14.9
      }
    },
    {
      "quarter": "Q2 2015",
      "income status": {
        "Net sales": 39034,
        "Cost of goods sold": 25970,
        "Gross Profit": 13064,
        "Financial expenses": 630,
        "Of which: Interest expense": "N/A",
        "Cost of sales": 6381,
        "Enterprise cost management": 5555,
        "Total Operating Expenses": 12566,
        "Total revenue financing activities": 528,
        "Net profit from business activities": 1027,
        "Profit": 17,
        "Profit before tax": 1044,
        "Present corporate income tax expenses": 230,
        "Deferred income taxes expenses": "N/A",
        "The interests of minority shareholders": "N/A",
        "Total Cost of profits": 230,
        "Profit after tax corporate income": 814,
        "Volume": 2592740,
        "Close of Quarter": 21.6,
        "EPS": 2367,
        "Non-adjusted EPS": 2367,
        "PE": 9.1,
        "Book Price": 14.3
      }
    },
    {
      "quarter": "Q1 2015",
      "income status": {
        "Net sales": 98475,
        "Cost of goods sold": 87741,
        "Gross Profit": 10735,
        "Financial expenses": 583,
        "Of which: Interest expense": 14,
        "Cost of sales": 4206,
        "Enterprise cost management": 3943,
        "Total Operating Expenses": 8732,
        "Total revenue financing activities": 555,
        "Net profit from business activities": 2558,
        "Profit": -2,
        "Profit before tax": 2556,
        "Present corporate income tax expenses": 562,
        "Deferred income taxes expenses": "N/A",
        "The interests of minority shareholders": "N/A",
        "Total Cost of profits": 562,
        "Profit after tax corporate income": 1993,
        "Volume": 2592740,
        "Close of Quarter": 18.1,
        "EPS": 2972,
        "Non-adjusted EPS": 2972,
        "PE": 6.1,
        "Book Price": 17
      }
    },
    {
      "quarter": "Q4 2014",
      "income status": {
        "Net sales": 114620,
        "Cost of goods sold": 104414,
        "Gross Profit": 10207,
        "Financial expenses": 1344,
        "Of which: Interest expense": 160,
        "Cost of sales": 4033,
        "Enterprise cost management": 6963,
        "Total Operating Expenses": 12340,
        "Total revenue financing activities": 1407,
        "Net profit from business activities": -726,
        "Profit": 841,
        "Profit before tax": 115,
        "Present corporate income tax expenses": 25,
        "Deferred income taxes expenses": "N/A",
        "The interests of minority shareholders": "N/A",
        "Total Cost of profits": 25,
        "Profit after tax corporate income": 90,
        "Volume": 2592740,
        "Close of Quarter": 19.1,
        "EPS": 2354,
        "Non-adjusted EPS": 2354,
        "PE": 8.1,
        "Book Price": 16.2
      }
    },
    {
      "quarter": "Q3 2014",
      "income status": {
        "Net sales": 123594,
        "Cost of goods sold": 110063,
        "Gross Profit": 13531,
        "Financial expenses": 1462,
        "Of which: Interest expense": 287,
        "Cost of sales": 2828,
        "Enterprise cost management": 6417,
        "Total Operating Expenses": 10707,
        "Total revenue financing activities": 1387,
        "Net profit from business activities": 4211,
        "Profit": -57,
        "Profit before tax": 4154,
        "Present corporate income tax expenses": 914,
        "Deferred income taxes expenses": "N/A",
        "The interests of minority shareholders": "N/A",
        "Total Cost of profits": 914,
        "Profit after tax corporate income": 3240,
        "Volume": 2592740,
        "Close of Quarter": 14.3,
        "EPS": 3405,
        "Non-adjusted EPS": 3405,
        "PE": 4.2,
        "Book Price": 16.1
      }
    },
    {
      "quarter": "Q2 2014",
      "income status": {
        "Net sales": 87120,
        "Cost of goods sold": 75917,
        "Gross Profit": 11203,
        "Financial expenses": 614,
        "Of which: Interest expense": 24,
        "Cost of sales": 3423,
        "Enterprise cost management": 4759,
        "Total Operating Expenses": 8796,
        "Total revenue financing activities": 479,
        "Net profit from business activities": 2887,
        "Profit": 163,
        "Profit before tax": 3050,
        "Present corporate income tax expenses": 668,
        "Deferred income taxes expenses": "N/A",
        "The interests of minority shareholders": "N/A",
        "Total Cost of profits": 668,
        "Profit after tax corporate income": 2382,
        "Volume": 2592740,
        "Close of Quarter": 13.7,
        "EPS": 2757,
        "Non-adjusted EPS": 2757,
        "PE": 5.0,
        "Book Price": 14.9
      }
    },
    {
      "quarter": "Q1 2014",
      "income status": {
        "Net sales": 46174,
        "Cost of goods sold": 36627,
        "Gross Profit": 9547,
        "Financial expenses": 200,
        "Of which: Interest expense": 10,
        "Cost of sales": 2192,
        "Enterprise cost management": 6079,
        "Total Operating Expenses": 8471,
        "Total revenue financing activities": 473,
        "Net profit from business activities": 1549,
        "Profit": -1047,
        "Profit before tax": 501,
        "Present corporate income tax expenses": 110,
        "Deferred income taxes expenses": "N/A",
        "The interests of minority shareholders": "N/A",
        "Total Cost of profits": 110,
        "Profit after tax corporate income": 391,
        "Volume": 2592740,
        "Close of Quarter": 14.2,
        "EPS": 3173,
        "Non-adjusted EPS": 3173,
        "PE": 4.5,
        "Book Price": 15.2
      }
    },
    {
      "quarter": "Q4 2013",
      "income status": {
        "Net sales": 93566,
        "Cost of goods sold": 81785,
        "Gross Profit": 11781,
        "Financial expenses": 1553,
        "Of which: Interest expense": "N/A",
        "Cost of sales": 1040,
        "Enterprise cost management": 6470,
        "Total Operating Expenses": 9063,
        "Total revenue financing activities": 1028,
        "Net profit from business activities": 3746,
        "Profit": 5,
        "Profit before tax": 3752,
        "Present corporate income tax expenses": 938,
        "Deferred income taxes expenses": "N/A",
        "The interests of minority shareholders": "N/A",
        "Total Cost of profits": 938,
        "Profit after tax corporate income": 2814,
        "Volume": 2592740,
        "Close of Quarter": 14.1,
        "EPS": 3878,
        "Non-adjusted EPS": 3878,
        "PE": 3.6,
        "Book Price": 14.8
      }
    },
    {
      "quarter": "Q3 2013",
      "income status": {
        "Net sales": 69001,
        "Cost of goods sold": 58465,
        "Gross Profit": 10536,
        "Financial expenses": 1376,
        "Of which: Interest expense": 30,
        "Cost of sales": 1916,
        "Enterprise cost management": 6123,
        "Total Operating Expenses": 9415,
        "Total revenue financing activities": 935,
        "Net profit from business activities": 2056,
        "Profit": "N/A",
        "Profit before tax": 2056,
        "Present corporate income tax expenses": 494,
        "Deferred income taxes expenses": "N/A",
        "The interests of minority shareholders": "N/A",
        "Total Cost of profits": 494,
        "Profit after tax corporate income": 1561,
        "Volume": 2592740,
        "Close of Quarter": 11.0,
        "EPS": 3573,
        "Non-adjusted EPS": 3573,
        "PE": 3.1,
        "Book Price": 15.5
      }
    },
    {
      "quarter": "Q2 2013",
      "income status": {
        "Net sales": 177685,
        "Cost of goods sold": 157747,
        "Gross Profit": 19939,
        "Financial expenses": 1218,
        "Of which: Interest expense": "N/A",
        "Cost of sales": 4255,
        "Enterprise cost management": 11706,
        "Total Operating Expenses": 17179,
        "Total revenue financing activities": 1906,
        "Net profit from business activities": 4664,
        "Profit": -23,
        "Profit before tax": 4641,
        "Present corporate income tax expenses": 1180,
        "Deferred income taxes expenses": "N/A",
        "The interests of minority shareholders": "N/A",
        "Total Cost of profits": 1180,
        "Profit after tax corporate income": 3461,
        "Volume": 2592740,
        "Close of Quarter": 14.8,
        "EPS": 4247,
        "Non-adjusted EPS": 4247,
        "PE": 3.5,
        "Book Price": 14.9
      }
    },
    {
      "quarter": "Q1 2013",
      "income status": {
        "Net sales": 104260,
        "Cost of goods sold": 93091,
        "Gross Profit": 11169,
        "Financial expenses": 782,
        "Of which: Interest expense": "N/A",
        "Cost of sales": 1732,
        "Enterprise cost management": 6725,
        "Total Operating Expenses": 9239,
        "Total revenue financing activities": 1032,
        "Net profit from business activities": 2962,
        "Profit": -5,
        "Profit before tax": 2958,
        "Present corporate income tax expenses": 739,
        "Deferred income taxes expenses": "N/A",
        "The interests of minority shareholders": "N/A",
        "Total Cost of profits": 739,
        "Profit after tax corporate income": 2218,
        "Volume": 2592740,
        "Close of Quarter": 12.8,
        "EPS": 3737,
        "Non-adjusted EPS": 3737,
        "PE": 3.4,
        "Book Price": 17.4
      }
    },
    {
      "quarter": "Q4 2012",
      "income status": {
        "Net sales": 92662,
        "Cost of goods sold": 82422,
        "Gross Profit": 10240,
        "Financial expenses": 2691,
        "Of which: Interest expense": 12,
        "Cost of sales": 1895,
        "Enterprise cost management": 5265,
        "Total Operating Expenses": 9851,
        "Total revenue financing activities": 1914,
        "Net profit from business activities": 2304,
        "Profit": 439,
        "Profit before tax": 2742,
        "Present corporate income tax expenses": 719,
        "Deferred income taxes expenses": "N/A",
        "The interests of minority shareholders": "N/A",
        "Total Cost of profits": 719,
        "Profit after tax corporate income": 2023,
        "Volume": 2592740,
        "Close of Quarter": 10.3,
        "EPS": 4168,
        "Non-adjusted EPS": 4168,
        "PE": 2.5,
        "Book Price": 16.5
      }
    },
    {
      "quarter": "Q3 2012",
      "income status": {
        "Net sales": 173185,
        "Cost of goods sold": 155901,
        "Gross Profit": 17284,
        "Financial expenses": 2624,
        "Of which: Interest expense": 286,
        "Cost of sales": 4830,
        "Enterprise cost management": 7760,
        "Total Operating Expenses": 15214,
        "Total revenue financing activities": 2340,
        "Net profit from business activities": 4410,
        "Profit": 2,
        "Profit before tax": 4412,
        "Present corporate income tax expenses": 1103,
        "Deferred income taxes expenses": "N/A",
        "The interests of minority shareholders": "N/A",
        "Total Cost of profits": 1103,
        "Profit after tax corporate income": 3309,
        "Volume": 2592740,
        "Close of Quarter": 8.5,
        "EPS": 4316,
        "Non-adjusted EPS": 4316,
        "PE": 2.0,
        "Book Price": 16
      }
    },
    {
      "quarter": "Q2 2012",
      "income status": {
        "Net sales": 123606,
        "Cost of goods sold": 110321,
        "Gross Profit": 13285,
        "Financial expenses": 2097,
        "Of which: Interest expense": 113,
        "Cost of sales": 2491,
        "Enterprise cost management": 8117,
        "Total Operating Expenses": 12705,
        "Total revenue financing activities": 2384,
        "Net profit from business activities": 2964,
        "Profit": -78,
        "Profit before tax": 2886,
        "Present corporate income tax expenses": 746,
        "Deferred income taxes expenses": "N/A",
        "The interests of minority shareholders": "N/A",
        "Total Cost of profits": 746,
        "Profit after tax corporate income": 2140,
        "Volume": 2592740,
        "Close of Quarter": 9.5,
        "EPS": 3214,
        "Non-adjusted EPS": 3214,
        "PE": 2.9,
        "Book Price": 15
      }
    },
    {
      "quarter": "Q1 2012",
      "income status": {
        "Net sales": 69027,
        "Cost of goods sold": 57222,
        "Gross Profit": 11805,
        "Financial expenses": 1568,
        "Of which: Interest expense": 52,
        "Cost of sales": 1710,
        "Enterprise cost management": 5724,
        "Total Operating Expenses": 9002,
        "Total revenue financing activities": 1643,
        "Net profit from business activities": 4446,
        "Profit": "N/A",
        "Profit before tax": 4446,
        "Present corporate income tax expenses": 1112,
        "Deferred income taxes expenses": "N/A",
        "The interests of minority shareholders": "N/A",
        "Total Cost of profits": 1112,
        "Profit after tax corporate income": 3335,
        "Volume": 2592740,
        "Close of Quarter": 7.4,
        "EPS": 3653,
        "Non-adjusted EPS": 3653,
        "PE": 2.0,
        "Book Price": 16.6
      }
    },
    {
      "quarter": "Q4 2011",
      "income status": {
        "Net sales": 110364,
        "Cost of goods sold": 97325,
        "Gross Profit": 13038,
        "Financial expenses": 1292,
        "Of which: Interest expense": 6,
        "Cost of sales": 77,
        "Enterprise cost management": 11300,
        "Total Operating Expenses": 12669,
        "Total revenue financing activities": 1792,
        "Net profit from business activities": 2161,
        "Profit": 101,
        "Profit before tax": 9812,
        "Present corporate income tax expenses": -145,
        "Deferred income taxes expenses": "N/A",
        "The interests of minority shareholders": "N/A",
        "Total Cost of profits": -145,
        "Profit after tax corporate income": 2407,
        "Volume": 2592740,
        "Close of Quarter": 7.7,
        "EPS": 3112,
        "Non-adjusted EPS": 3112,
        "PE": 2.5,
        "Book Price": 15.6
      }
    },
    {
      "quarter": "Q3 2011",
      "income status": {
        "Net sales": 55329,
        "Cost of goods sold": 45392,
        "Gross Profit": 9937,
        "Financial expenses": 2068,
        "Of which: Interest expense": "N/A",
        "Cost of sales": 69,
        "Enterprise cost management": 9758,
        "Total Operating Expenses": 11895,
        "Total revenue financing activities": 2262,
        "Net profit from business activities": 303,
        "Profit": 297,
        "Profit before tax": 600,
        "Present corporate income tax expenses": 150,
        "Deferred income taxes expenses": "N/A",
        "The interests of minority shareholders": "N/A",
        "Total Cost of profits": 150,
        "Profit after tax corporate income": 450,
        "Volume": 2592740,
        "Close of Quarter": 6.4,
        "EPS": 2896,
        "Non-adjusted EPS": 2896,
        "PE": 2.2,
        "Book Price": 14.9
      }
    },
    {
      "quarter": "Q2 2011",
      "income status": {
        "Net sales": 95566,
        "Cost of goods sold": 81763,
        "Gross Profit": 13803,
        "Financial expenses": 2961,
        "Of which: Interest expense": 246,
        "Cost of sales": 76,
        "Enterprise cost management": 9296,
        "Total Operating Expenses": 12333,
        "Total revenue financing activities": 2901,
        "Net profit from business activities": 4370,
        "Profit": "N/A",
        "Profit before tax": 4370,
        "Present corporate income tax expenses": 1093,
        "Deferred income taxes expenses": "N/A",
        "The interests of minority shareholders": "N/A",
        "Total Cost of profits": 1093,
        "Profit after tax corporate income": 3278,
        "Volume": 2592740,
        "Close of Quarter": 6.0,
        "EPS": 3214,
        "Non-adjusted EPS": 3214,
        "PE": 1.9,
        "Book Price": 14.7
      }
    },
    {
      "quarter": "Q1 2011",
      "income status": {
        "Net sales": 51673,
        "Cost of goods sold": 40896,
        "Gross Profit": 10777,
        "Financial expenses": 5599,
        "Of which: Interest expense": 4,
        "Cost of sales": 75,
        "Enterprise cost management": 6882,
        "Total Operating Expenses": 12556,
        "Total revenue financing activities": 4359,
        "Net profit from business activities": 2579,
        "Profit": "N/A",
        "Profit before tax": 2579,
        "Present corporate income tax expenses": 645,
        "Deferred income taxes expenses": "N/A",
        "The interests of minority shareholders": "N/A",
        "Total Cost of profits": 645,
        "Profit after tax corporate income": 1934,
        "Volume": 2592740,
        "Close of Quarter": 5.9,
        "EPS": 2735,
        "Non-adjusted EPS": 2735,
        "PE": 2.1,
        "Book Price": 15.5
      }
    }
  ]
}