{
  "ticker": "TCT",
  "data": [
    {
      "quarter": "Q4 2016",
      "income status": {
        "Net sales": 8970,
        "Cost of goods sold": 5535,
        "Gross Profit": 3435,
        "Financial expenses": 191,
        "Of which: Interest expense": "N/A",
        "Cost of sales": 3684,
        "Enterprise cost management": 2665,
        "Total Operating Expenses": 6540,
        "Total revenue financing activities": 3184,
        "Net profit from business activities": 80,
        "Profit": 68,
        "Profit before tax": 148,
        "Present corporate income tax expenses": 50,
        "Deferred income taxes expenses": "N/A",
        "The interests of minority shareholders": "N/A",
        "Total Cost of profits": 50,
        "Profit after tax corporate income": 98,
        "Volume": 12788000,
        "Close of Quarter": 52.4,
        "EPS": 5484,
        "Non-adjusted EPS": 5484,
        "PE": 9.6,
        "Book Price": 19.1
      }
    },
    {
      "quarter": "Q3 2016",
      "income status": {
        "Net sales": 19218,
        "Cost of goods sold": 5709,
        "Gross Profit": 13509,
        "Financial expenses": 609,
        "Of which: Interest expense": "N/A",
        "Cost of sales": 4956,
        "Enterprise cost management": 3702,
        "Total Operating Expenses": 9267,
        "Total revenue financing activities": 1063,
        "Net profit from business activities": 5305,
        "Profit": 50,
        "Profit before tax": 5356,
        "Present corporate income tax expenses": 1072,
        "Deferred income taxes expenses": "N/A",
        "The interests of minority shareholders": "N/A",
        "Total Cost of profits": 1072,
        "Profit after tax corporate income": 4283,
        "Volume": 12788000,
        "Close of Quarter": 51.6,
        "EPS": 5396,
        "Non-adjusted EPS": 5396,
        "PE": 9.6,
        "Book Price": 20.9
      }
    },
    {
      "quarter": "Q2 2016",
      "income status": {
        "Net sales": 19344,
        "Cost of goods sold": 5991,
        "Gross Profit": 13353,
        "Financial expenses": "N/A",
        "Of which: Interest expense": "N/A",
        "Cost of sales": 4290,
        "Enterprise cost management": 2323,
        "Total Operating Expenses": 6613,
        "Total revenue financing activities": 3247,
        "Net profit from business activities": 9987,
        "Profit": 56,
        "Profit before tax": 10043,
        "Present corporate income tax expenses": 616,
        "Deferred income taxes expenses": -14,
        "The interests of minority shareholders": "N/A",
        "Total Cost of profits": 602,
        "Profit after tax corporate income": 9441,
        "Volume": 12788000,
        "Close of Quarter": 52.0,
        "EPS": 5475,
        "Non-adjusted EPS": 5475,
        "PE": 9.5,
        "Book Price": 20.7
      }
    },
    {
      "quarter": "Q1 2016",
      "income status": {
        "Net sales": 90003,
        "Cost of goods sold": 9046,
        "Gross Profit": 80957,
        "Financial expenses": "N/A",
        "Of which: Interest expense": "N/A",
        "Cost of sales": 7104,
        "Enterprise cost management": 2242,
        "Total Operating Expenses": 9346,
        "Total revenue financing activities": 512,
        "Net profit from business activities": 72123,
        "Profit": 68,
        "Profit before tax": 72192,
        "Present corporate income tax expenses": 15882,
        "Deferred income taxes expenses": "N/A",
        "The interests of minority shareholders": "N/A",
        "Total Cost of profits": 15882,
        "Profit after tax corporate income": 56309,
        "Volume": 12788000,
        "Close of Quarter": 46.0,
        "EPS": 5263,
        "Non-adjusted EPS": 5263,
        "PE": 8.8,
        "Book Price": 20.9
      }
    },
    {
      "quarter": "Q4 2015",
      "income status": {
        "Net sales": 29623,
        "Cost of goods sold": 26696,
        "Gross Profit": 2926,
        "Financial expenses": "N/A",
        "Of which: Interest expense": "N/A",
        "Cost of sales": 4083,
        "Enterprise cost management": 2472,
        "Total Operating Expenses": 6555,
        "Total revenue financing activities": 2260,
        "Net profit from business activities": -1367,
        "Profit": 53,
        "Profit before tax": -1315,
        "Present corporate income tax expenses": -285,
        "Deferred income taxes expenses": "N/A",
        "The interests of minority shareholders": "N/A",
        "Total Cost of profits": -285,
        "Profit after tax corporate income": -1029,
        "Volume": 12788000,
        "Close of Quarter": 45.6,
        "EPS": 4558,
        "Non-adjusted EPS": 4558,
        "PE": 10,
        "Book Price": 16.8
      }
    },
    {
      "quarter": "Q3 2015",
      "income status": {
        "Net sales": 30065,
        "Cost of goods sold": 19113,
        "Gross Profit": 10952,
        "Financial expenses": "N/A",
        "Of which: Interest expense": "N/A",
        "Cost of sales": 3353,
        "Enterprise cost management": 1664,
        "Total Operating Expenses": 5017,
        "Total revenue financing activities": 575,
        "Net profit from business activities": 6510,
        "Profit": 22,
        "Profit before tax": 6532,
        "Present corporate income tax expenses": 1243,
        "Deferred income taxes expenses": "N/A",
        "The interests of minority shareholders": "N/A",
        "Total Cost of profits": 1243,
        "Profit after tax corporate income": 5289,
        "Volume": 12788000,
        "Close of Quarter": 48.2,
        "EPS": 4451,
        "Non-adjusted EPS": 4451,
        "PE": 10.8,
        "Book Price": 18.4
      }
    },
    {
      "quarter": "Q2 2015",
      "income status": {
        "Net sales": 33329,
        "Cost of goods sold": 20097,
        "Gross Profit": 13232,
        "Financial expenses": -514,
        "Of which: Interest expense": "N/A",
        "Cost of sales": 5412,
        "Enterprise cost management": 2199,
        "Total Operating Expenses": 7097,
        "Total revenue financing activities": 2464,
        "Net profit from business activities": 8600,
        "Profit": 39,
        "Profit before tax": 8639,
        "Present corporate income tax expenses": 2101,
        "Deferred income taxes expenses": -195,
        "The interests of minority shareholders": "N/A",
        "Total Cost of profits": 1906,
        "Profit after tax corporate income": 6733,
        "Volume": 12788000,
        "Close of Quarter": 56.3,
        "EPS": 4407,
        "Non-adjusted EPS": 4407,
        "PE": 12.8,
        "Book Price": 20.6
      }
    },
    {
      "quarter": "Q1 2015",
      "income status": {
        "Net sales": 83278,
        "Cost of goods sold": 16012,
        "Gross Profit": 67266,
        "Financial expenses": 530,
        "Of which: Interest expense": "N/A",
        "Cost of sales": 4851,
        "Enterprise cost management": 1721,
        "Total Operating Expenses": 7102,
        "Total revenue financing activities": 424,
        "Net profit from business activities": 60588,
        "Profit": 53,
        "Profit before tax": 60641,
        "Present corporate income tax expenses": 13341,
        "Deferred income taxes expenses": "N/A",
        "The interests of minority shareholders": "N/A",
        "Total Cost of profits": 13341,
        "Profit after tax corporate income": 47300,
        "Volume": 12788000,
        "Close of Quarter": 61,
        "EPS": 4242,
        "Non-adjusted EPS": 4242,
        "PE": 14.4,
        "Book Price": 20.1
      }
    },
    {
      "quarter": "Q4 2014",
      "income status": {
        "Net sales": 22129,
        "Cost of goods sold": 19670,
        "Gross Profit": 2459,
        "Financial expenses": "N/A",
        "Of which: Interest expense": "N/A",
        "Cost of sales": 4411,
        "Enterprise cost management": 2973,
        "Total Operating Expenses": 7384,
        "Total revenue financing activities": 1939,
        "Net profit from business activities": -2985,
        "Profit": 52,
        "Profit before tax": -2933,
        "Present corporate income tax expenses": -533,
        "Deferred income taxes expenses": "N/A",
        "The interests of minority shareholders": "N/A",
        "Total Cost of profits": -533,
        "Profit after tax corporate income": -2400,
        "Volume": 12788000,
        "Close of Quarter": 62.9,
        "EPS": 4324,
        "Non-adjusted EPS": 4324,
        "PE": 14.6,
        "Book Price": 16.6
      }
    },
    {
      "quarter": "Q3 2014",
      "income status": {
        "Net sales": 15413,
        "Cost of goods sold": 5060,
        "Gross Profit": 10353,
        "Financial expenses": "N/A",
        "Of which: Interest expense": "N/A",
        "Cost of sales": 3371,
        "Enterprise cost management": 1628,
        "Total Operating Expenses": 4999,
        "Total revenue financing activities": 603,
        "Net profit from business activities": 5956,
        "Profit": 112,
        "Profit before tax": 6068,
        "Present corporate income tax expenses": 1348,
        "Deferred income taxes expenses": "N/A",
        "The interests of minority shareholders": "N/A",
        "Total Cost of profits": 1348,
        "Profit after tax corporate income": 4720,
        "Volume": 6394000,
        "Close of Quarter": 65.6,
        "EPS": 4436.5,
        "Non-adjusted EPS": 8873,
        "PE": 7.4,
        "Book Price": 16.9
      }
    },
    {
      "quarter": "Q2 2014",
      "income status": {
        "Net sales": 13906,
        "Cost of goods sold": 5057,
        "Gross Profit": 8849,
        "Financial expenses": 16,
        "Of which: Interest expense": 16,
        "Cost of sales": 3876,
        "Enterprise cost management": 1529,
        "Total Operating Expenses": 5421,
        "Total revenue financing activities": 2472,
        "Net profit from business activities": 5901,
        "Profit": 97,
        "Profit before tax": 5997,
        "Present corporate income tax expenses": 1061,
        "Deferred income taxes expenses": 306,
        "The interests of minority shareholders": "N/A",
        "Total Cost of profits": 1367,
        "Profit after tax corporate income": 4630,
        "Volume": 6394000,
        "Close of Quarter": 42.3,
        "EPS": 4444,
        "Non-adjusted EPS": 8888,
        "PE": 4.8,
        "Book Price": 17.4
      }
    },
    {
      "quarter": "Q1 2014",
      "income status": {
        "Net sales": 73049,
        "Cost of goods sold": 6063,
        "Gross Profit": 66986,
        "Financial expenses": 27,
        "Of which: Interest expense": 27,
        "Cost of sales": 4953,
        "Enterprise cost management": 1841,
        "Total Operating Expenses": 6821,
        "Total revenue financing activities": 421,
        "Net profit from business activities": 60585,
        "Profit": 1398,
        "Profit before tax": 61982,
        "Present corporate income tax expenses": 13636,
        "Deferred income taxes expenses": "N/A",
        "The interests of minority shareholders": "N/A",
        "Total Cost of profits": 13636,
        "Profit after tax corporate income": 48346,
        "Volume": 6394000,
        "Close of Quarter": 41.4,
        "EPS": 4327,
        "Non-adjusted EPS": 8654,
        "PE": 4.8,
        "Book Price": 18.3
      }
    },
    {
      "quarter": "Q4 2013",
      "income status": {
        "Net sales": 7263,
        "Cost of goods sold": 4863,
        "Gross Profit": 2400,
        "Financial expenses": "N/A",
        "Of which: Interest expense": "N/A",
        "Cost of sales": 3423,
        "Enterprise cost management": 1779,
        "Total Operating Expenses": 5202,
        "Total revenue financing activities": 1320,
        "Net profit from business activities": -1482,
        "Profit": 75,
        "Profit before tax": -1407,
        "Present corporate income tax expenses": -442,
        "Deferred income taxes expenses": "N/A",
        "The interests of minority shareholders": "N/A",
        "Total Cost of profits": -442,
        "Profit after tax corporate income": -965,
        "Volume": 3197000,
        "Close of Quarter": 34.3,
        "EPS": 3733.3,
        "Non-adjusted EPS": 14933,
        "PE": 2.3,
        "Book Price": 14.9
      }
    },
    {
      "quarter": "Q3 2013",
      "income status": {
        "Net sales": 13926,
        "Cost of goods sold": 4262,
        "Gross Profit": 9664,
        "Financial expenses": 122,
        "Of which: Interest expense": "N/A",
        "Cost of sales": 2653,
        "Enterprise cost management": 1389,
        "Total Operating Expenses": 4164,
        "Total revenue financing activities": 1005,
        "Net profit from business activities": 6505,
        "Profit": -75,
        "Profit before tax": 6430,
        "Present corporate income tax expenses": 1607,
        "Deferred income taxes expenses": "N/A",
        "The interests of minority shareholders": "N/A",
        "Total Cost of profits": 1607,
        "Profit after tax corporate income": 4822,
        "Volume": 3197000,
        "Close of Quarter": 32.6,
        "EPS": 4045,
        "Non-adjusted EPS": 16180,
        "PE": 2.0,
        "Book Price": 15.0
      }
    },
    {
      "quarter": "Q2 2013",
      "income status": {
        "Net sales": 15437,
        "Cost of goods sold": 8640,
        "Gross Profit": 6797,
        "Financial expenses": 26,
        "Of which: Interest expense": 26,
        "Cost of sales": 3092,
        "Enterprise cost management": 1549,
        "Total Operating Expenses": 4667,
        "Total revenue financing activities": 1958,
        "Net profit from business activities": 4088,
        "Profit": 105,
        "Profit before tax": 4193,
        "Present corporate income tax expenses": 975,
        "Deferred income taxes expenses": 89,
        "The interests of minority shareholders": "N/A",
        "Total Cost of profits": 1064,
        "Profit after tax corporate income": 3128,
        "Volume": 3197000,
        "Close of Quarter": 31.9,
        "EPS": 4281.5,
        "Non-adjusted EPS": 17126,
        "PE": 1.9,
        "Book Price": 14.6
      }
    },
    {
      "quarter": "Q1 2013",
      "income status": {
        "Net sales": 63609,
        "Cost of goods sold": 2452,
        "Gross Profit": 61158,
        "Financial expenses": "N/A",
        "Of which: Interest expense": "N/A",
        "Cost of sales": 5009,
        "Enterprise cost management": 2657,
        "Total Operating Expenses": 7666,
        "Total revenue financing activities": 693,
        "Net profit from business activities": 54184,
        "Profit": 158,
        "Profit before tax": 54342,
        "Present corporate income tax expenses": 13586,
        "Deferred income taxes expenses": "N/A",
        "The interests of minority shareholders": "N/A",
        "Total Cost of profits": 13586,
        "Profit after tax corporate income": 40757,
        "Volume": 3197000,
        "Close of Quarter": 27.6,
        "EPS": 4783,
        "Non-adjusted EPS": 19132,
        "PE": 1.4,
        "Book Price": 16.2
      }
    },
    {
      "quarter": "Q4 2012",
      "income status": {
        "Net sales": 6900,
        "Cost of goods sold": 458,
        "Gross Profit": 6442,
        "Financial expenses": -16,
        "Of which: Interest expense": "N/A",
        "Cost of sales": 2735,
        "Enterprise cost management": 2106,
        "Total Operating Expenses": 4825,
        "Total revenue financing activities": 1790,
        "Net profit from business activities": 3406,
        "Profit": 297,
        "Profit before tax": 3703,
        "Present corporate income tax expenses": 684,
        "Deferred income taxes expenses": "N/A",
        "The interests of minority shareholders": "N/A",
        "Total Cost of profits": 684,
        "Profit after tax corporate income": 3019,
        "Volume": 3197000,
        "Close of Quarter": 16.4,
        "EPS": 4198.8,
        "Non-adjusted EPS": 16795,
        "PE": 1.0,
        "Book Price": 13.2
      }
    },
    {
      "quarter": "Q3 2012",
      "income status": {
        "Net sales": 11516,
        "Cost of goods sold": 304,
        "Gross Profit": 11212,
        "Financial expenses": "N/A",
        "Of which: Interest expense": "N/A",
        "Cost of sales": 1923,
        "Enterprise cost management": 1320,
        "Total Operating Expenses": 3243,
        "Total revenue financing activities": 2429,
        "Net profit from business activities": 10398,
        "Profit": 66,
        "Profit before tax": 10464,
        "Present corporate income tax expenses": 2616,
        "Deferred income taxes expenses": "N/A",
        "The interests of minority shareholders": "N/A",
        "Total Cost of profits": 2616,
        "Profit after tax corporate income": 7848,
        "Volume": 3197000,
        "Close of Quarter": 14.0,
        "EPS": 4467.3,
        "Non-adjusted EPS": 17869,
        "PE": 0.8,
        "Book Price": 13
      }
    },
    {
      "quarter": "Q2 2012",
      "income status": {
        "Net sales": 11164,
        "Cost of goods sold": 379,
        "Gross Profit": 10785,
        "Financial expenses": 1071,
        "Of which: Interest expense": "N/A",
        "Cost of sales": 2451,
        "Enterprise cost management": 1127,
        "Total Operating Expenses": 4649,
        "Total revenue financing activities": 6624,
        "Net profit from business activities": 12760,
        "Profit": 16,
        "Profit before tax": 12776,
        "Present corporate income tax expenses": 3632,
        "Deferred income taxes expenses": -396,
        "The interests of minority shareholders": "N/A",
        "Total Cost of profits": 3236,
        "Profit after tax corporate income": 9540,
        "Volume": 3197000,
        "Close of Quarter": 13.3,
        "EPS": 4530.8,
        "Non-adjusted EPS": 18123,
        "PE": 0.7,
        "Book Price": 12.4
      }
    },
    {
      "quarter": "Q1 2012",
      "income status": {
        "Net sales": 47791,
        "Cost of goods sold": 831,
        "Gross Profit": 46960,
        "Financial expenses": "N/A",
        "Of which: Interest expense": "N/A",
        "Cost of sales": 2957,
        "Enterprise cost management": 2034,
        "Total Operating Expenses": 4991,
        "Total revenue financing activities": 2391,
        "Net profit from business activities": 44359,
        "Profit": 11,
        "Profit before tax": 44370,
        "Present corporate income tax expenses": 11082,
        "Deferred income taxes expenses": "N/A",
        "The interests of minority shareholders": "N/A",
        "Total Cost of profits": 11082,
        "Profit after tax corporate income": 33287,
        "Volume": 3197000,
        "Close of Quarter": 10.6,
        "EPS": 4431.3,
        "Non-adjusted EPS": 17725,
        "PE": 0.6,
        "Book Price": 12.7
      }
    },
    {
      "quarter": "Q4 2011",
      "income status": {
        "Net sales": 6498,
        "Cost of goods sold": 443,
        "Gross Profit": 6055,
        "Financial expenses": "N/A",
        "Of which: Interest expense": "N/A",
        "Cost of sales": 2211,
        "Enterprise cost management": 1307,
        "Total Operating Expenses": 3518,
        "Total revenue financing activities": 5924,
        "Net profit from business activities": 8460,
        "Profit": 54,
        "Profit before tax": 8514,
        "Present corporate income tax expenses": 2062,
        "Deferred income taxes expenses": "N/A",
        "The interests of minority shareholders": "N/A",
        "Total Cost of profits": 2062,
        "Profit after tax corporate income": 6452,
        "Volume": 3197000,
        "Close of Quarter": 8.1,
        "EPS": 3592,
        "Non-adjusted EPS": 14368,
        "PE": 0.6,
        "Book Price": 10.3
      }
    },
    {
      "quarter": "Q3 2011",
      "income status": {
        "Net sales": 10751,
        "Cost of goods sold": 334,
        "Gross Profit": 10417,
        "Financial expenses": "N/A",
        "Of which: Interest expense": "N/A",
        "Cost of sales": 1716,
        "Enterprise cost management": 1326,
        "Total Operating Expenses": 3042,
        "Total revenue financing activities": 4075,
        "Net profit from business activities": 11450,
        "Profit": 95,
        "Profit before tax": 11545,
        "Present corporate income tax expenses": 2886,
        "Deferred income taxes expenses": "N/A",
        "The interests of minority shareholders": "N/A",
        "Total Cost of profits": 2886,
        "Profit after tax corporate income": 8659,
        "Volume": 3197000,
        "Close of Quarter": 8.1,
        "EPS": 3388.5,
        "Non-adjusted EPS": 13554,
        "PE": 0.6,
        "Book Price": 9.8
      }
    },
    {
      "quarter": "Q2 2011",
      "income status": {
        "Net sales": 10833,
        "Cost of goods sold": 266,
        "Gross Profit": 10567,
        "Financial expenses": "N/A",
        "Of which: Interest expense": "N/A",
        "Cost of sales": 1897,
        "Enterprise cost management": 1404,
        "Total Operating Expenses": 3301,
        "Total revenue financing activities": 3748,
        "Net profit from business activities": 11014,
        "Profit": 13,
        "Profit before tax": 11027,
        "Present corporate income tax expenses": 2757,
        "Deferred income taxes expenses": "N/A",
        "The interests of minority shareholders": "N/A",
        "Total Cost of profits": 2757,
        "Profit after tax corporate income": 8270,
        "Volume": 3197000,
        "Close of Quarter": 6.7,
        "EPS": 3052.5,
        "Non-adjusted EPS": 12210,
        "PE": 0.6,
        "Book Price": 10
      }
    },
    {
      "quarter": "Q1 2011",
      "income status": {
        "Net sales": 35193,
        "Cost of goods sold": 1215,
        "Gross Profit": 33978,
        "Financial expenses": 640,
        "Of which: Interest expense": "N/A",
        "Cost of sales": 2952,
        "Enterprise cost management": 1781,
        "Total Operating Expenses": 5373,
        "Total revenue financing activities": 1414,
        "Net profit from business activities": 30019,
        "Profit": 38,
        "Profit before tax": 30058,
        "Present corporate income tax expenses": 7505,
        "Deferred income taxes expenses": "N/A",
        "The interests of minority shareholders": "N/A",
        "Total Cost of profits": 7505,
        "Profit after tax corporate income": 22552,
        "Volume": 3197000,
        "Close of Quarter": 7.6,
        "EPS": 2779.3,
        "Non-adjusted EPS": 11117,
        "PE": 0.7,
        "Book Price": 9.4
      }
    }
  ]
}