{
  "ticker": "CLW",
  "data": [
    {
      "quarter": "Q4 2016",
      "income status": {
        "Net sales": 251306,
        "Cost of goods sold": 219970,
        "Gross Profit": 31336,
        "Financial expenses": 238,
        "Of which: Interest expense": 238,
        "Cost of sales": 4407,
        "Enterprise cost management": 18934,
        "Total Operating Expenses": 23579,
        "Total revenue financing activities": 823,
        "Net profit from business activities": 8582,
        "Profit": -801,
        "Profit before tax": 7781,
        "Present corporate income tax expenses": 2999,
        "Deferred income taxes expenses": "N/A",
        "The interests of minority shareholders": "N/A",
        "Total Cost of profits": 2999,
        "Profit after tax corporate income": 4782,
        "Volume": 13000000,
        "Close of Quarter": 15.6,
        "EPS": 1101,
        "Non-adjusted EPS": 1101,
        "PE": 14.2,
        "Book Price": 16.1
      }
    },
    {
      "quarter": "Q3 2016",
      "income status": {
        "Net sales": 247759,
        "Cost of goods sold": 228423,
        "Gross Profit": 19336,
        "Financial expenses": 254,
        "Of which: Interest expense": 254,
        "Cost of sales": 2734,
        "Enterprise cost management": 6238,
        "Total Operating Expenses": 9226,
        "Total revenue financing activities": 46,
        "Net profit from business activities": 10155,
        "Profit": 863,
        "Profit before tax": 11018,
        "Present corporate income tax expenses": "N/A",
        "Deferred income taxes expenses": "N/A",
        "The interests of minority shareholders": "N/A",
        "Total Cost of profits": 0,
        "Profit after tax corporate income": 11018,
        "Volume": 13000000,
        "Close of Quarter": 15.2,
        "EPS": 1867,
        "Non-adjusted EPS": 1867,
        "PE": 8.1,
        "Book Price": 15.7
      }
    },
    {
      "quarter": "Q2 2016",
      "income status": {
        "Net sales": 245666,
        "Cost of goods sold": 234949,
        "Gross Profit": 10717,
        "Financial expenses": 268,
        "Of which: Interest expense": 268,
        "Cost of sales": 3280,
        "Enterprise cost management": 7223,
        "Total Operating Expenses": 10771,
        "Total revenue financing activities": 554,
        "Net profit from business activities": 500,
        "Profit": 828,
        "Profit before tax": 1328,
        "Present corporate income tax expenses": "N/A",
        "Deferred income taxes expenses": "N/A",
        "The interests of minority shareholders": "N/A",
        "Total Cost of profits": 0,
        "Profit after tax corporate income": 1328,
        "Volume": 13000000,
        "Close of Quarter": 16.1,
        "EPS": 2299,
        "Non-adjusted EPS": 2299,
        "PE": 7,
        "Book Price": 14.9
      }
    },
    {
      "quarter": "Q1 2016",
      "income status": {
        "Net sales": 229220,
        "Cost of goods sold": 224125,
        "Gross Profit": 5095,
        "Financial expenses": 285,
        "Of which: Interest expense": 285,
        "Cost of sales": 2363,
        "Enterprise cost management": 5962,
        "Total Operating Expenses": 8610,
        "Total revenue financing activities": 489,
        "Net profit from business activities": -3026,
        "Profit": 206,
        "Profit before tax": -2819,
        "Present corporate income tax expenses": "N/A",
        "Deferred income taxes expenses": "N/A",
        "The interests of minority shareholders": "N/A",
        "Total Cost of profits": 0,
        "Profit after tax corporate income": -2819,
        "Volume": 13000000,
        "Close of Quarter": 16.0,
        "EPS": 1488,
        "Non-adjusted EPS": 1488,
        "PE": 10.8,
        "Book Price": 16
      }
    },
    {
      "quarter": "Q4 2015",
      "income status": {
        "Net sales": 220774,
        "Cost of goods sold": 219468,
        "Gross Profit": 1306,
        "Financial expenses": 306,
        "Of which: Interest expense": 306,
        "Cost of sales": 3082,
        "Enterprise cost management": 9867,
        "Total Operating Expenses": 13255,
        "Total revenue financing activities": 1352,
        "Net profit from business activities": -10597,
        "Profit": 28149,
        "Profit before tax": 17552,
        "Present corporate income tax expenses": 2807,
        "Deferred income taxes expenses": "N/A",
        "The interests of minority shareholders": "N/A",
        "Total Cost of profits": 2807,
        "Profit after tax corporate income": 14746,
        "Volume": 13000000,
        "Close of Quarter": 15.5,
        "EPS": 2137,
        "Non-adjusted EPS": 2137,
        "PE": 7.2,
        "Book Price": 16.3
      }
    },
    {
      "quarter": "Q3 2015",
      "income status": {
        "Net sales": 218234,
        "Cost of goods sold": 192742,
        "Gross Profit": 25492,
        "Financial expenses": 326,
        "Of which: Interest expense": 326,
        "Cost of sales": 2704,
        "Enterprise cost management": 5111,
        "Total Operating Expenses": 8141,
        "Total revenue financing activities": 572,
        "Net profit from business activities": 17923,
        "Profit": 2245,
        "Profit before tax": 20168,
        "Present corporate income tax expenses": 3531,
        "Deferred income taxes expenses": "N/A",
        "The interests of minority shareholders": "N/A",
        "Total Cost of profits": 3531,
        "Profit after tax corporate income": 16637,
        "Volume": 13000000,
        "Close of Quarter": 14.6,
        "EPS": 1482,
        "Non-adjusted EPS": 1482,
        "PE": 9.8,
        "Book Price": 15.1
      }
    },
    {
      "quarter": "Q2 2015",
      "income status": {
        "Net sales": 214837,
        "Cost of goods sold": 215380,
        "Gross Profit": -543,
        "Financial expenses": 342,
        "Of which: Interest expense": 342,
        "Cost of sales": 2557,
        "Enterprise cost management": 5753,
        "Total Operating Expenses": 8652,
        "Total revenue financing activities": 1090,
        "Net profit from business activities": -8105,
        "Profit": -2638,
        "Profit before tax": -10743,
        "Present corporate income tax expenses": -1526,
        "Deferred income taxes expenses": "N/A",
        "The interests of minority shareholders": "N/A",
        "Total Cost of profits": -1526,
        "Profit after tax corporate income": -9218,
        "Volume": 13000000,
        "Close of Quarter": 15.0,
        "EPS": 624,
        "Non-adjusted EPS": 624,
        "PE": 24.1,
        "Book Price": 13.9
      }
    },
    {
      "quarter": "Q1 2015",
      "income status": {
        "Net sales": 199257,
        "Cost of goods sold": 187843,
        "Gross Profit": 11413,
        "Financial expenses": 361,
        "Of which: Interest expense": 361,
        "Cost of sales": 1994,
        "Enterprise cost management": 4201,
        "Total Operating Expenses": 6556,
        "Total revenue financing activities": 541,
        "Net profit from business activities": 5399,
        "Profit": 1743,
        "Profit before tax": 7143,
        "Present corporate income tax expenses": 1526,
        "Deferred income taxes expenses": "N/A",
        "The interests of minority shareholders": "N/A",
        "Total Cost of profits": 1526,
        "Profit after tax corporate income": 5617,
        "Volume": 13000000,
        "Close of Quarter": 15.9,
        "EPS": 1511,
        "Non-adjusted EPS": 1511,
        "PE": 10.5,
        "Book Price": 16.1
      }
    },
    {
      "quarter": "Q4 2014",
      "income status": {
        "Net sales": 207101,
        "Cost of goods sold": 191435,
        "Gross Profit": 15666,
        "Financial expenses": 391,
        "Of which: Interest expense": 391,
        "Cost of sales": 3179,
        "Enterprise cost management": 10204,
        "Total Operating Expenses": 13774,
        "Total revenue financing activities": 1455,
        "Net profit from business activities": 3347,
        "Profit": 4587,
        "Profit before tax": 7934,
        "Present corporate income tax expenses": 1707,
        "Deferred income taxes expenses": "N/A",
        "The interests of minority shareholders": "N/A",
        "Total Cost of profits": 1707,
        "Profit after tax corporate income": 6227,
        "Volume": 13000000,
        "Close of Quarter": 14.2,
        "EPS": 1498,
        "Non-adjusted EPS": 1498,
        "PE": 9.5,
        "Book Price": 15.1
      }
    },
    {
      "quarter": "Q3 2014",
      "income status": {
        "Net sales": 198389,
        "Cost of goods sold": 184968,
        "Gross Profit": 13421,
        "Financial expenses": 414,
        "Of which: Interest expense": 414,
        "Cost of sales": 2259,
        "Enterprise cost management": 4782,
        "Total Operating Expenses": 7455,
        "Total revenue financing activities": 580,
        "Net profit from business activities": 6546,
        "Profit": 327,
        "Profit before tax": 6873,
        "Present corporate income tax expenses": 1392,
        "Deferred income taxes expenses": "N/A",
        "The interests of minority shareholders": "N/A",
        "Total Cost of profits": 1392,
        "Profit after tax corporate income": 5480,
        "Volume": 13000000,
        "Close of Quarter": 13.5,
        "EPS": 2236,
        "Non-adjusted EPS": 2236,
        "PE": 6.0,
        "Book Price": 14.6
      }
    },
    {
      "quarter": "Q2 2014",
      "income status": {
        "Net sales": 202302,
        "Cost of goods sold": 191312,
        "Gross Profit": 10990,
        "Financial expenses": 430,
        "Of which: Interest expense": 430,
        "Cost of sales": 2549,
        "Enterprise cost management": 5511,
        "Total Operating Expenses": 8490,
        "Total revenue financing activities": 1312,
        "Net profit from business activities": 3812,
        "Profit": -967,
        "Profit before tax": 2845,
        "Present corporate income tax expenses": 526,
        "Deferred income taxes expenses": "N/A",
        "The interests of minority shareholders": "N/A",
        "Total Cost of profits": 526,
        "Profit after tax corporate income": 2319,
        "Volume": 13000000,
        "Close of Quarter": 14.7,
        "EPS": 2214,
        "Non-adjusted EPS": 2214,
        "PE": 6.6,
        "Book Price": 14.2
      }
    },
    {
      "quarter": "Q1 2014",
      "income status": {
        "Net sales": 185467,
        "Cost of goods sold": 174100,
        "Gross Profit": 11367,
        "Financial expenses": 440,
        "Of which: Interest expense": 440,
        "Cost of sales": 2038,
        "Enterprise cost management": 4671,
        "Total Operating Expenses": 7149,
        "Total revenue financing activities": 435,
        "Net profit from business activities": 4653,
        "Profit": 2320,
        "Profit before tax": 6972,
        "Present corporate income tax expenses": 1531,
        "Deferred income taxes expenses": "N/A",
        "The interests of minority shareholders": "N/A",
        "Total Cost of profits": 1531,
        "Profit after tax corporate income": 5442,
        "Volume": 13000000,
        "Close of Quarter": 13.0,
        "EPS": 2146,
        "Non-adjusted EPS": 2146,
        "PE": 6.0,
        "Book Price": 15.7
      }
    },
    {
      "quarter": "Q4 2013",
      "income status": {
        "Net sales": 195707,
        "Cost of goods sold": 166356,
        "Gross Profit": 29351,
        "Financial expenses": 436,
        "Of which: Interest expense": 436,
        "Cost of sales": 2438,
        "Enterprise cost management": 6675,
        "Total Operating Expenses": 9549,
        "Total revenue financing activities": 2009,
        "Net profit from business activities": 21810,
        "Profit": 151,
        "Profit before tax": 21961,
        "Present corporate income tax expenses": 6130,
        "Deferred income taxes expenses": "N/A",
        "The interests of minority shareholders": "N/A",
        "Total Cost of profits": 6130,
        "Profit after tax corporate income": 15832,
        "Volume": 13000000,
        "Close of Quarter": 11.3,
        "EPS": 2166,
        "Non-adjusted EPS": 2166,
        "PE": 5.2,
        "Book Price": 14.9
      }
    },
    {
      "quarter": "Q3 2013",
      "income status": {
        "Net sales": 189695,
        "Cost of goods sold": 176011,
        "Gross Profit": 13684,
        "Financial expenses": 372,
        "Of which: Interest expense": 372,
        "Cost of sales": 2301,
        "Enterprise cost management": 5050,
        "Total Operating Expenses": 7723,
        "Total revenue financing activities": 440,
        "Net profit from business activities": 6403,
        "Profit": 115,
        "Profit before tax": 6518,
        "Present corporate income tax expenses": 1330,
        "Deferred income taxes expenses": "N/A",
        "The interests of minority shareholders": "N/A",
        "Total Cost of profits": 1330,
        "Profit after tax corporate income": 5188,
        "Volume": 13000000,
        "Close of Quarter": 9.9,
        "EPS": 2220,
        "Non-adjusted EPS": 2220,
        "PE": 4.5,
        "Book Price": 13.5
      }
    },
    {
      "quarter": "Q2 2013",
      "income status": {
        "Net sales": 190234,
        "Cost of goods sold": 182341,
        "Gross Profit": 7892,
        "Financial expenses": 164,
        "Of which: Interest expense": 164,
        "Cost of sales": 1995,
        "Enterprise cost management": 5265,
        "Total Operating Expenses": 7424,
        "Total revenue financing activities": 1273,
        "Net profit from business activities": 1741,
        "Profit": 131,
        "Profit before tax": 1872,
        "Present corporate income tax expenses": 442,
        "Deferred income taxes expenses": "N/A",
        "The interests of minority shareholders": "N/A",
        "Total Cost of profits": 442,
        "Profit after tax corporate income": 1430,
        "Volume": 13000000,
        "Close of Quarter": 9.8,
        "EPS": 2086,
        "Non-adjusted EPS": 2086,
        "PE": 4.7,
        "Book Price": 13.1
      }
    },
    {
      "quarter": "Q1 2013",
      "income status": {
        "Net sales": 176513,
        "Cost of goods sold": 164076,
        "Gross Profit": 12437,
        "Financial expenses": 130,
        "Of which: Interest expense": 130,
        "Cost of sales": 1763,
        "Enterprise cost management": 4335,
        "Total Operating Expenses": 6228,
        "Total revenue financing activities": 924,
        "Net profit from business activities": 7132,
        "Profit": 64,
        "Profit before tax": 7197,
        "Present corporate income tax expenses": 1485,
        "Deferred income taxes expenses": "N/A",
        "The interests of minority shareholders": "N/A",
        "Total Cost of profits": 1485,
        "Profit after tax corporate income": 5711,
        "Volume": 13000000,
        "Close of Quarter": 9.2,
        "EPS": 2280,
        "Non-adjusted EPS": 2280,
        "PE": 4.0,
        "Book Price": 14.8
      }
    },
    {
      "quarter": "Q4 2012",
      "income status": {
        "Net sales": 170339,
        "Cost of goods sold": 142395,
        "Gross Profit": 27944,
        "Financial expenses": 138,
        "Of which: Interest expense": 138,
        "Cost of sales": 2254,
        "Enterprise cost management": 6259,
        "Total Operating Expenses": 8651,
        "Total revenue financing activities": 1449,
        "Net profit from business activities": 20742,
        "Profit": 57,
        "Profit before tax": 20799,
        "Present corporate income tax expenses": 4269,
        "Deferred income taxes expenses": "N/A",
        "The interests of minority shareholders": "N/A",
        "Total Cost of profits": 4269,
        "Profit after tax corporate income": 16530,
        "Volume": 13000000,
        "Close of Quarter": 7.8,
        "EPS": 2274,
        "Non-adjusted EPS": 2274,
        "PE": 3.4,
        "Book Price": 14.3
      }
    },
    {
      "quarter": "Q3 2012",
      "income status": {
        "Net sales": 166686,
        "Cost of goods sold": 157239,
        "Gross Profit": 9448,
        "Financial expenses": 148,
        "Of which: Interest expense": "N/A",
        "Cost of sales": 2065,
        "Enterprise cost management": 3952,
        "Total Operating Expenses": 6165,
        "Total revenue financing activities": 947,
        "Net profit from business activities": 4230,
        "Profit": 136,
        "Profit before tax": 4366,
        "Present corporate income tax expenses": 925,
        "Deferred income taxes expenses": "N/A",
        "The interests of minority shareholders": "N/A",
        "Total Cost of profits": 925,
        "Profit after tax corporate income": 3441,
        "Volume": 13000000,
        "Close of Quarter": 7.3,
        "EPS": 1744,
        "Non-adjusted EPS": 1744,
        "PE": 4.2,
        "Book Price": 13.1
      }
    },
    {
      "quarter": "Q2 2012",
      "income status": {
        "Net sales": 163663,
        "Cost of goods sold": 153872,
        "Gross Profit": 9791,
        "Financial expenses": 141,
        "Of which: Interest expense": 141,
        "Cost of sales": 2876,
        "Enterprise cost management": 3826,
        "Total Operating Expenses": 6843,
        "Total revenue financing activities": 2063,
        "Net profit from business activities": 5011,
        "Profit": 62,
        "Profit before tax": 5073,
        "Present corporate income tax expenses": 1118,
        "Deferred income taxes expenses": "N/A",
        "The interests of minority shareholders": "N/A",
        "Total Cost of profits": 1118,
        "Profit after tax corporate income": 3955,
        "Volume": 13000000,
        "Close of Quarter": 8,
        "EPS": 1742,
        "Non-adjusted EPS": 1742,
        "PE": 4.6,
        "Book Price": 12.8
      }
    },
    {
      "quarter": "Q1 2012",
      "income status": {
        "Net sales": 150860,
        "Cost of goods sold": 139345,
        "Gross Profit": 11515,
        "Financial expenses": 166,
        "Of which: Interest expense": 166,
        "Cost of sales": 1853,
        "Enterprise cost management": 3947,
        "Total Operating Expenses": 5966,
        "Total revenue financing activities": 1578,
        "Net profit from business activities": 7127,
        "Profit": 16,
        "Profit before tax": 7143,
        "Present corporate income tax expenses": 1501,
        "Deferred income taxes expenses": "N/A",
        "The interests of minority shareholders": "N/A",
        "Total Cost of profits": 1501,
        "Profit after tax corporate income": 5642,
        "Volume": 13000000,
        "Close of Quarter": 6.5,
        "EPS": 2274,
        "Non-adjusted EPS": 2274,
        "PE": 2.8,
        "Book Price": 14.1
      }
    },
    {
      "quarter": "Q4 2011",
      "income status": {
        "Net sales": 145492,
        "Cost of goods sold": 133107,
        "Gross Profit": 12385,
        "Financial expenses": 178,
        "Of which: Interest expense": "N/A",
        "Cost of sales": 2680,
        "Enterprise cost management": 2076,
        "Total Operating Expenses": 4934,
        "Total revenue financing activities": 3761,
        "Net profit from business activities": 11212,
        "Profit": 117,
        "Profit before tax": 35039,
        "Present corporate income tax expenses": 1696,
        "Deferred income taxes expenses": "N/A",
        "The interests of minority shareholders": "N/A",
        "Total Cost of profits": 1696,
        "Profit after tax corporate income": 9633,
        "Volume": 13000000,
        "Close of Quarter": 5.1,
        "EPS": 2321,
        "Non-adjusted EPS": 2321,
        "PE": 2.2,
        "Book Price": 13.6
      }
    },
    {
      "quarter": "Q3 2011",
      "income status": {
        "Net sales": 143565,
        "Cost of goods sold": 131336,
        "Gross Profit": 12228,
        "Financial expenses": 188,
        "Of which: Interest expense": 188,
        "Cost of sales": 1848,
        "Enterprise cost management": 7580,
        "Total Operating Expenses": 9616,
        "Total revenue financing activities": 1278,
        "Net profit from business activities": 3890,
        "Profit": 125,
        "Profit before tax": 4015,
        "Present corporate income tax expenses": 596,
        "Deferred income taxes expenses": "N/A",
        "The interests of minority shareholders": "N/A",
        "Total Cost of profits": 596,
        "Profit after tax corporate income": 3419,
        "Volume": 13000000,
        "Close of Quarter": 4.6,
        "EPS": 1886,
        "Non-adjusted EPS": 1886,
        "PE": 2.4,
        "Book Price": 12.9
      }
    },
    {
      "quarter": "Q2 2011",
      "income status": {
        "Net sales": 142878,
        "Cost of goods sold": 127080,
        "Gross Profit": 15798,
        "Financial expenses": 196,
        "Of which: Interest expense": 196,
        "Cost of sales": 1441,
        "Enterprise cost management": 4969,
        "Total Operating Expenses": 6606,
        "Total revenue financing activities": 3568,
        "Net profit from business activities": 12760,
        "Profit": -95,
        "Profit before tax": 12665,
        "Present corporate income tax expenses": 1803,
        "Deferred income taxes expenses": "N/A",
        "The interests of minority shareholders": "N/A",
        "Total Cost of profits": 1803,
        "Profit after tax corporate income": 10863,
        "Volume": 13000000,
        "Close of Quarter": 4.7,
        "EPS": 1881,
        "Non-adjusted EPS": 1881,
        "PE": 2.5,
        "Book Price": 12.6
      }
    },
    {
      "quarter": "Q1 2011",
      "income status": {
        "Net sales": 133583,
        "Cost of goods sold": 122237,
        "Gross Profit": 11347,
        "Financial expenses": 222,
        "Of which: Interest expense": 222,
        "Cost of sales": 1290,
        "Enterprise cost management": 3356,
        "Total Operating Expenses": 4868,
        "Total revenue financing activities": 537,
        "Net profit from business activities": 7015,
        "Profit": 15,
        "Profit before tax": 7029,
        "Present corporate income tax expenses": 766,
        "Deferred income taxes expenses": "N/A",
        "The interests of minority shareholders": "N/A",
        "Total Cost of profits": 766,
        "Profit after tax corporate income": 6263,
        "Volume": 13000000,
        "Close of Quarter": 3.8,
        "EPS": 1436,
        "Non-adjusted EPS": 1436,
        "PE": 2.7,
        "Book Price": 13
      }
    }
  ]
}