{
  "ticker": "HTL",
  "data": [
    {
      "quarter": "Q4 2016",
      "income status": {
        "Net sales": 288664,
        "Cost of goods sold": 261457,
        "Gross Profit": 27207,
        "Financial expenses": 790,
        "Of which: Interest expense": 375,
        "Cost of sales": 11848,
        "Enterprise cost management": 6830,
        "Total Operating Expenses": 19468,
        "Total revenue financing activities": 23,
        "Net profit from business activities": 7762,
        "Profit": 3539,
        "Profit before tax": 11301,
        "Present corporate income tax expenses": 3130,
        "Deferred income taxes expenses": 15,
        "The interests of minority shareholders": "N/A",
        "Total Cost of profits": 3145,
        "Profit after tax corporate income": 8156,
        "Volume": 12000000,
        "Close of Quarter": 50,
        "EPS": 4433,
        "Non-adjusted EPS": 4433,
        "PE": 11.3,
        "Book Price": 18.7
      }
    },
    {
      "quarter": "Q3 2016",
      "income status": {
        "Net sales": 237606,
        "Cost of goods sold": 215087,
        "Gross Profit": 22519,
        "Financial expenses": 731,
        "Of which: Interest expense": 207,
        "Cost of sales": 9216,
        "Enterprise cost management": 6051,
        "Total Operating Expenses": 15998,
        "Total revenue financing activities": 6,
        "Net profit from business activities": 6528,
        "Profit": 156,
        "Profit before tax": 6684,
        "Present corporate income tax expenses": 1290,
        "Deferred income taxes expenses": "N/A",
        "The interests of minority shareholders": "N/A",
        "Total Cost of profits": 1290,
        "Profit after tax corporate income": 5393,
        "Volume": 12000000,
        "Close of Quarter": 65,
        "EPS": 6535,
        "Non-adjusted EPS": 6535,
        "PE": 10.0,
        "Book Price": 18
      }
    },
    {
      "quarter": "Q2 2016",
      "income status": {
        "Net sales": 316187,
        "Cost of goods sold": 288884,
        "Gross Profit": 27303,
        "Financial expenses": 54,
        "Of which: Interest expense": 11,
        "Cost of sales": 10927,
        "Enterprise cost management": 4510,
        "Total Operating Expenses": 15491,
        "Total revenue financing activities": 857,
        "Net profit from business activities": 12669,
        "Profit": 4733,
        "Profit before tax": 17402,
        "Present corporate income tax expenses": 4436,
        "Deferred income taxes expenses": "N/A",
        "The interests of minority shareholders": "N/A",
        "Total Cost of profits": 4436,
        "Profit after tax corporate income": 12966,
        "Volume": 12000000,
        "Close of Quarter": 95,
        "EPS": 9393,
        "Non-adjusted EPS": 9393,
        "PE": 10.1,
        "Book Price": 17.6
      }
    },
    {
      "quarter": "Q1 2016",
      "income status": {
        "Net sales": 374882,
        "Cost of goods sold": 333261,
        "Gross Profit": 41620,
        "Financial expenses": 335,
        "Of which: Interest expense": 202,
        "Cost of sales": 12666,
        "Enterprise cost management": 4194,
        "Total Operating Expenses": 17195,
        "Total revenue financing activities": 199,
        "Net profit from business activities": 24624,
        "Profit": 8729,
        "Profit before tax": 33353,
        "Present corporate income tax expenses": 6671,
        "Deferred income taxes expenses": "N/A",
        "The interests of minority shareholders": "N/A",
        "Total Cost of profits": 6671,
        "Profit after tax corporate income": 26682,
        "Volume": 12000000,
        "Close of Quarter": 84.3,
        "EPS": 11940,
        "Non-adjusted EPS": 11940,
        "PE": 7.1,
        "Book Price": 19.5
      }
    },
    {
      "quarter": "Q4 2015",
      "income status": {
        "Net sales": 445882,
        "Cost of goods sold": 394054,
        "Gross Profit": 51828,
        "Financial expenses": 308,
        "Of which: Interest expense": "N/A",
        "Cost of sales": 12686,
        "Enterprise cost management": 8464,
        "Total Operating Expenses": 21458,
        "Total revenue financing activities": 335,
        "Net profit from business activities": 30705,
        "Profit": 12163,
        "Profit before tax": 42868,
        "Present corporate income tax expenses": 9542,
        "Deferred income taxes expenses": -48,
        "The interests of minority shareholders": "N/A",
        "Total Cost of profits": 9494,
        "Profit after tax corporate income": 33374,
        "Volume": 8000000,
        "Close of Quarter": 96.9,
        "EPS": 11278,
        "Non-adjusted EPS": 16917,
        "PE": 5.7,
        "Book Price": 17.3
      }
    },
    {
      "quarter": "Q3 2015",
      "income status": {
        "Net sales": 472324,
        "Cost of goods sold": 411712,
        "Gross Profit": 60612,
        "Financial expenses": 298,
        "Of which: Interest expense": 3,
        "Cost of sales": 7649,
        "Enterprise cost management": 5126,
        "Total Operating Expenses": 13073,
        "Total revenue financing activities": 469,
        "Net profit from business activities": 48008,
        "Profit": 2879,
        "Profit before tax": 50887,
        "Present corporate income tax expenses": 11195,
        "Deferred income taxes expenses": "N/A",
        "The interests of minority shareholders": "N/A",
        "Total Cost of profits": 11195,
        "Profit after tax corporate income": 39692,
        "Volume": 8000000,
        "Close of Quarter": 70.5,
        "EPS": 11827.3,
        "Non-adjusted EPS": 17741,
        "PE": 4.0,
        "Book Price": 14.5
      }
    },
    {
      "quarter": "Q2 2015",
      "income status": {
        "Net sales": 545762,
        "Cost of goods sold": 485596,
        "Gross Profit": 60166,
        "Financial expenses": 196,
        "Of which: Interest expense": 71,
        "Cost of sales": 6753,
        "Enterprise cost management": 4769,
        "Total Operating Expenses": 11718,
        "Total revenue financing activities": 119,
        "Net profit from business activities": 48567,
        "Profit": 7272,
        "Profit before tax": 55840,
        "Present corporate income tax expenses": 12327,
        "Deferred income taxes expenses": -14,
        "The interests of minority shareholders": "N/A",
        "Total Cost of profits": 12313,
        "Profit after tax corporate income": 43526,
        "Volume": 8000000,
        "Close of Quarter": 55.6,
        "EPS": 9527.3,
        "Non-adjusted EPS": 14291,
        "PE": 3.9,
        "Book Price": 14.5
      }
    },
    {
      "quarter": "Q1 2015",
      "income status": {
        "Net sales": 242748,
        "Cost of goods sold": 217550,
        "Gross Profit": 25198,
        "Financial expenses": 68,
        "Of which: Interest expense": 11,
        "Cost of sales": 6308,
        "Enterprise cost management": 5411,
        "Total Operating Expenses": 11787,
        "Total revenue financing activities": 180,
        "Net profit from business activities": 13591,
        "Profit": 10443,
        "Profit before tax": 24034,
        "Present corporate income tax expenses": 5287,
        "Deferred income taxes expenses": "N/A",
        "The interests of minority shareholders": "N/A",
        "Total Cost of profits": 5287,
        "Profit after tax corporate income": 18747,
        "Volume": 8000000,
        "Close of Quarter": 25.1,
        "EPS": 6346.7,
        "Non-adjusted EPS": 9520,
        "PE": 2.6,
        "Book Price": 12.5
      }
    },
    {
      "quarter": "Q4 2014",
      "income status": {
        "Net sales": 597786,
        "Cost of goods sold": 542591,
        "Gross Profit": 55195,
        "Financial expenses": 36,
        "Of which: Interest expense": 24,
        "Cost of sales": 8692,
        "Enterprise cost management": 5105,
        "Total Operating Expenses": 13833,
        "Total revenue financing activities": 811,
        "Net profit from business activities": 42173,
        "Profit": 3398,
        "Profit before tax": 45571,
        "Present corporate income tax expenses": 5611,
        "Deferred income taxes expenses": -1,
        "The interests of minority shareholders": "N/A",
        "Total Cost of profits": 5610,
        "Profit after tax corporate income": 39962,
        "Volume": 8000000,
        "Close of Quarter": 15.1,
        "EPS": 5246,
        "Non-adjusted EPS": 7869,
        "PE": 1.9,
        "Book Price": 12.3
      }
    },
    {
      "quarter": "Q3 2014",
      "income status": {
        "Net sales": 205905,
        "Cost of goods sold": 187298,
        "Gross Profit": 18607,
        "Financial expenses": 53,
        "Of which: Interest expense": 39,
        "Cost of sales": 5034,
        "Enterprise cost management": 3434,
        "Total Operating Expenses": 8521,
        "Total revenue financing activities": 405,
        "Net profit from business activities": 10490,
        "Profit": 3775,
        "Profit before tax": 14266,
        "Present corporate income tax expenses": 2175,
        "Deferred income taxes expenses": "N/A",
        "The interests of minority shareholders": "N/A",
        "Total Cost of profits": 2175,
        "Profit after tax corporate income": 12091,
        "Volume": 8000000,
        "Close of Quarter": 9.6,
        "EPS": 2628.7,
        "Non-adjusted EPS": 3943,
        "PE": 2.4,
        "Book Price": 9
      }
    },
    {
      "quarter": "Q2 2014",
      "income status": {
        "Net sales": 122503,
        "Cost of goods sold": 116049,
        "Gross Profit": 6454,
        "Financial expenses": 193,
        "Of which: Interest expense": 125,
        "Cost of sales": 3934,
        "Enterprise cost management": 3190,
        "Total Operating Expenses": 7317,
        "Total revenue financing activities": 258,
        "Net profit from business activities": -606,
        "Profit": 7910,
        "Profit before tax": 7305,
        "Present corporate income tax expenses": 1945,
        "Deferred income taxes expenses": -2,
        "The interests of minority shareholders": "N/A",
        "Total Cost of profits": 1943,
        "Profit after tax corporate income": 5362,
        "Volume": 8000000,
        "Close of Quarter": 8.9,
        "EPS": 1998.7,
        "Non-adjusted EPS": 2998,
        "PE": 3.0,
        "Book Price": 8
      }
    },
    {
      "quarter": "Q1 2014",
      "income status": {
        "Net sales": 105144,
        "Cost of goods sold": 97232,
        "Gross Profit": 7911,
        "Financial expenses": 273,
        "Of which: Interest expense": 263,
        "Cost of sales": 3517,
        "Enterprise cost management": 2876,
        "Total Operating Expenses": 6666,
        "Total revenue financing activities": 408,
        "Net profit from business activities": 1653,
        "Profit": 5159,
        "Profit before tax": 6812,
        "Present corporate income tax expenses": 1276,
        "Deferred income taxes expenses": "N/A",
        "The interests of minority shareholders": "N/A",
        "Total Cost of profits": 1276,
        "Profit after tax corporate income": 5536,
        "Volume": 8000000,
        "Close of Quarter": 9.4,
        "EPS": 2160,
        "Non-adjusted EPS": 3240,
        "PE": 2.9,
        "Book Price": 8.9
      }
    },
    {
      "quarter": "Q4 2013",
      "income status": {
        "Net sales": 235922,
        "Cost of goods sold": 218612,
        "Gross Profit": 17310,
        "Financial expenses": 125,
        "Of which: Interest expense": 82,
        "Cost of sales": 3262,
        "Enterprise cost management": 4224,
        "Total Operating Expenses": 7611,
        "Total revenue financing activities": 324,
        "Net profit from business activities": 10023,
        "Profit": "N/A",
        "Profit before tax": 10023,
        "Present corporate income tax expenses": 1500,
        "Deferred income taxes expenses": -30,
        "The interests of minority shareholders": "N/A",
        "Total Cost of profits": 1470,
        "Profit after tax corporate income": 8553,
        "Volume": 8000000,
        "Close of Quarter": 8.9,
        "EPS": 1743.3,
        "Non-adjusted EPS": 2615,
        "PE": 3.4,
        "Book Price": 8.3
      }
    },
    {
      "quarter": "Q3 2013",
      "income status": {
        "Net sales": 150919,
        "Cost of goods sold": 140709,
        "Gross Profit": 10211,
        "Financial expenses": 297,
        "Of which: Interest expense": 287,
        "Cost of sales": 3213,
        "Enterprise cost management": 2634,
        "Total Operating Expenses": 6144,
        "Total revenue financing activities": 353,
        "Net profit from business activities": 4420,
        "Profit": 908,
        "Profit before tax": 5328,
        "Present corporate income tax expenses": 797,
        "Deferred income taxes expenses": "N/A",
        "The interests of minority shareholders": "N/A",
        "Total Cost of profits": 797,
        "Profit after tax corporate income": 4531,
        "Volume": 8000000,
        "Close of Quarter": 8.4,
        "EPS": 1328.7,
        "Non-adjusted EPS": 1993,
        "PE": 4.2,
        "Book Price": 7.7
      }
    },
    {
      "quarter": "Q2 2013",
      "income status": {
        "Net sales": 147211,
        "Cost of goods sold": 131685,
        "Gross Profit": 15526,
        "Financial expenses": 482,
        "Of which: Interest expense": 415,
        "Cost of sales": 4541,
        "Enterprise cost management": 2559,
        "Total Operating Expenses": 7582,
        "Total revenue financing activities": 348,
        "Net profit from business activities": 8293,
        "Profit": 606,
        "Profit before tax": 8899,
        "Present corporate income tax expenses": 1600,
        "Deferred income taxes expenses": 3,
        "The interests of minority shareholders": "N/A",
        "Total Cost of profits": 1603,
        "Profit after tax corporate income": 7297,
        "Volume": 8000000,
        "Close of Quarter": 3.5,
        "EPS": 1031.3,
        "Non-adjusted EPS": 1547,
        "PE": 2.3,
        "Book Price": 7.6
      }
    },
    {
      "quarter": "Q1 2013",
      "income status": {
        "Net sales": 53311,
        "Cost of goods sold": 47892,
        "Gross Profit": 5419,
        "Financial expenses": 433,
        "Of which: Interest expense": 430,
        "Cost of sales": 2317,
        "Enterprise cost management": 2542,
        "Total Operating Expenses": 5292,
        "Total revenue financing activities": 261,
        "Net profit from business activities": 388,
        "Profit": 263,
        "Profit before tax": 652,
        "Present corporate income tax expenses": 117,
        "Deferred income taxes expenses": "N/A",
        "The interests of minority shareholders": "N/A",
        "Total Cost of profits": 117,
        "Profit after tax corporate income": 535,
        "Volume": 8000000,
        "Close of Quarter": 2.8,
        "EPS": 324.7,
        "Non-adjusted EPS": 487,
        "PE": 5.7,
        "Book Price": 7.4
      }
    },
    {
      "quarter": "Q4 2012",
      "income status": {
        "Net sales": 85945,
        "Cost of goods sold": 76265,
        "Gross Profit": 9680,
        "Financial expenses": 276,
        "Of which: Interest expense": 275,
        "Cost of sales": 3265,
        "Enterprise cost management": 2602,
        "Total Operating Expenses": 6143,
        "Total revenue financing activities": 208,
        "Net profit from business activities": 3745,
        "Profit": 377,
        "Profit before tax": 4122,
        "Present corporate income tax expenses": 542,
        "Deferred income taxes expenses": "N/A",
        "The interests of minority shareholders": "N/A",
        "Total Cost of profits": 542,
        "Profit after tax corporate income": 3580,
        "Volume": 8000000,
        "Close of Quarter": 1.9,
        "EPS": 277.3,
        "Non-adjusted EPS": 416,
        "PE": 4.6,
        "Book Price": 7.3
      }
    },
    {
      "quarter": "Q3 2012",
      "income status": {
        "Net sales": 61984,
        "Cost of goods sold": 56691,
        "Gross Profit": 5293,
        "Financial expenses": 165,
        "Of which: Interest expense": 155,
        "Cost of sales": 1890,
        "Enterprise cost management": 2501,
        "Total Operating Expenses": 4556,
        "Total revenue financing activities": 74,
        "Net profit from business activities": 811,
        "Profit": 153,
        "Profit before tax": 964,
        "Present corporate income tax expenses": "N/A",
        "Deferred income taxes expenses": "N/A",
        "The interests of minority shareholders": "N/A",
        "Total Cost of profits": 0,
        "Profit after tax corporate income": 964,
        "Volume": 8000000,
        "Close of Quarter": 1.9,
        "EPS": 212.7,
        "Non-adjusted EPS": 319,
        "PE": 5.9,
        "Book Price": 7.1
      }
    },
    {
      "quarter": "Q2 2012",
      "income status": {
        "Net sales": 54467,
        "Cost of goods sold": 51208,
        "Gross Profit": 3260,
        "Financial expenses": 801,
        "Of which: Interest expense": 312,
        "Cost of sales": 1609,
        "Enterprise cost management": 2438,
        "Total Operating Expenses": 4848,
        "Total revenue financing activities": 82,
        "Net profit from business activities": -1507,
        "Profit": 326,
        "Profit before tax": -1181,
        "Present corporate income tax expenses": "N/A",
        "Deferred income taxes expenses": "N/A",
        "The interests of minority shareholders": "N/A",
        "Total Cost of profits": 0,
        "Profit after tax corporate income": -1181,
        "Volume": 8000000,
        "Close of Quarter": 2.3,
        "EPS": 272.7,
        "Non-adjusted EPS": 409,
        "PE": 5.7,
        "Book Price": 7
      }
    },
    {
      "quarter": "Q1 2012",
      "income status": {
        "Net sales": 35127,
        "Cost of goods sold": 31117,
        "Gross Profit": 4011,
        "Financial expenses": 209,
        "Of which: Interest expense": 209,
        "Cost of sales": 1943,
        "Enterprise cost management": 2247,
        "Total Operating Expenses": 4399,
        "Total revenue financing activities": 353,
        "Net profit from business activities": -35,
        "Profit": "N/A",
        "Profit before tax": -35,
        "Present corporate income tax expenses": "N/A",
        "Deferred income taxes expenses": -1,
        "The interests of minority shareholders": "N/A",
        "Total Cost of profits": -1,
        "Profit after tax corporate income": -34,
        "Volume": 8000000,
        "Close of Quarter": 4.1,
        "EPS": 552.7,
        "Non-adjusted EPS": 829,
        "PE": 4.9,
        "Book Price": 7.4
      }
    },
    {
      "quarter": "Q4 2011",
      "income status": {
        "Net sales": 53486,
        "Cost of goods sold": 46980,
        "Gross Profit": 6506,
        "Financial expenses": 50,
        "Of which: Interest expense": "N/A",
        "Cost of sales": 2212,
        "Enterprise cost management": 1496,
        "Total Operating Expenses": 3758,
        "Total revenue financing activities": 381,
        "Net profit from business activities": 3129,
        "Profit": 6,
        "Profit before tax": 3135,
        "Present corporate income tax expenses": 330,
        "Deferred income taxes expenses": "N/A",
        "The interests of minority shareholders": "N/A",
        "Total Cost of profits": 330,
        "Profit after tax corporate income": 2805,
        "Volume": 8000000,
        "Close of Quarter": 3.6,
        "EPS": 647.3,
        "Non-adjusted EPS": 971,
        "PE": 3.8,
        "Book Price": 7.9
      }
    },
    {
      "quarter": "Q3 2011",
      "income status": {
        "Net sales": 46786,
        "Cost of goods sold": 40890,
        "Gross Profit": 5896,
        "Financial expenses": 197,
        "Of which: Interest expense": 103,
        "Cost of sales": 2162,
        "Enterprise cost management": 1483,
        "Total Operating Expenses": 3842,
        "Total revenue financing activities": 120,
        "Net profit from business activities": 2174,
        "Profit": -265,
        "Profit before tax": 1909,
        "Present corporate income tax expenses": 225,
        "Deferred income taxes expenses": "N/A",
        "The interests of minority shareholders": "N/A",
        "Total Cost of profits": 225,
        "Profit after tax corporate income": 1684,
        "Volume": 8000000,
        "Close of Quarter": 3.2,
        "EPS": 552.7,
        "Non-adjusted EPS": 829,
        "PE": 3.9,
        "Book Price": 7.6
      }
    },
    {
      "quarter": "Q2 2011",
      "income status": {
        "Net sales": 40689,
        "Cost of goods sold": 34909,
        "Gross Profit": 5780,
        "Financial expenses": 219,
        "Of which: Interest expense": 14,
        "Cost of sales": 2331,
        "Enterprise cost management": 1391,
        "Total Operating Expenses": 3941,
        "Total revenue financing activities": 247,
        "Net profit from business activities": 2086,
        "Profit": 551,
        "Profit before tax": 2637,
        "Present corporate income tax expenses": 463,
        "Deferred income taxes expenses": "N/A",
        "The interests of minority shareholders": "N/A",
        "Total Cost of profits": 463,
        "Profit after tax corporate income": 2174,
        "Volume": 8000000,
        "Close of Quarter": 3.4,
        "EPS": 693.3,
        "Non-adjusted EPS": 1040,
        "PE": 3.3,
        "Book Price": 7.5
      }
    },
    {
      "quarter": "Q1 2011",
      "income status": {
        "Net sales": 43265,
        "Cost of goods sold": 38770,
        "Gross Profit": 4496,
        "Financial expenses": 151,
        "Of which: Interest expense": 22,
        "Cost of sales": 1963,
        "Enterprise cost management": 1593,
        "Total Operating Expenses": 3707,
        "Total revenue financing activities": 582,
        "Net profit from business activities": 1371,
        "Profit": -12,
        "Profit before tax": 1358,
        "Present corporate income tax expenses": 255,
        "Deferred income taxes expenses": "N/A",
        "The interests of minority shareholders": "N/A",
        "Total Cost of profits": 255,
        "Profit after tax corporate income": 1103,
        "Volume": 8000000,
        "Close of Quarter": 5.4,
        "EPS": 810,
        "Non-adjusted EPS": 1215,
        "PE": 4.4,
        "Book Price": 7.7
      }
    }
  ]
}