{
  "ticker": "VIC",
  "data": [
    {
      "quarter": "Q4 2016",
      "income status": {
        "Net sales": 23886369,
        "Cost of goods sold": 16546284,
        "Gross Profit": 7340085,
        "Financial expenses": 3045228,
        "Of which: Interest expense": 1778186,
        "Cost of sales": 3115756,
        "Enterprise cost management": 2567710,
        "Total Operating Expenses": 8728694,
        "Total revenue financing activities": 3186869,
        "Net profit from business activities": 1801607,
        "Profit": -223685,
        "Profit before tax": 1577922,
        "Present corporate income tax expenses": 1234722,
        "Deferred income taxes expenses": -67296,
        "The interests of minority shareholders": 575761,
        "Total Cost of profits": 1743187,
        "Profit after tax corporate income": -165265,
        "Volume": 2637707954,
        "Close of Quarter": 42,
        "EPS": 589,
        "Non-adjusted EPS": 589,
        "PE": 71.3,
        "Book Price": 16.9
      }
    },
    {
      "quarter": "Q3 2016",
      "income status": {
        "Net sales": 10650440,
        "Cost of goods sold": 7246340,
        "Gross Profit": 3404100,
        "Financial expenses": 774474,
        "Of which: Interest expense": 597525,
        "Cost of sales": 1219538,
        "Enterprise cost management": 1127082,
        "Total Operating Expenses": 3121094,
        "Total revenue financing activities": 316720,
        "Net profit from business activities": 598150,
        "Profit": -65168,
        "Profit before tax": 532982,
        "Present corporate income tax expenses": 287453,
        "Deferred income taxes expenses": 19364,
        "The interests of minority shareholders": 50870,
        "Total Cost of profits": 357687,
        "Profit after tax corporate income": 175295,
        "Volume": 2153234792,
        "Close of Quarter": 44.5,
        "EPS": 722.5,
        "Non-adjusted EPS": 885,
        "PE": 50.3,
        "Book Price": 15.9
      }
    },
    {
      "quarter": "Q2 2016",
      "income status": {
        "Net sales": 9267868,
        "Cost of goods sold": 6829193,
        "Gross Profit": 2438675,
        "Financial expenses": 760395,
        "Of which: Interest expense": 795705,
        "Cost of sales": 1365980,
        "Enterprise cost management": 973928,
        "Total Operating Expenses": 3100303,
        "Total revenue financing activities": 2524018,
        "Net profit from business activities": 1874813,
        "Profit": -16122,
        "Profit before tax": 1858691,
        "Present corporate income tax expenses": 332157,
        "Deferred income taxes expenses": -51893,
        "The interests of minority shareholders": 813548,
        "Total Cost of profits": 1093812,
        "Profit after tax corporate income": 764879,
        "Volume": 1939854851,
        "Close of Quarter": 40.3,
        "EPS": 753.1,
        "Non-adjusted EPS": 1024,
        "PE": 39.4,
        "Book Price": 16.8
      }
    },
    {
      "quarter": "Q1 2016",
      "income status": {
        "Net sales": 14736856,
        "Cost of goods sold": 9958357,
        "Gross Profit": 4778499,
        "Financial expenses": 886586,
        "Of which: Interest expense": 740133,
        "Cost of sales": 1055620,
        "Enterprise cost management": 1113247,
        "Total Operating Expenses": 3055453,
        "Total revenue financing activities": 548639,
        "Net profit from business activities": 2280631,
        "Profit": -115401,
        "Profit before tax": 2165230,
        "Present corporate income tax expenses": 894502,
        "Deferred income taxes expenses": -18747,
        "The interests of minority shareholders": 510825,
        "Total Cost of profits": 1386580,
        "Profit after tax corporate income": 778651,
        "Volume": 1939854851,
        "Close of Quarter": 34.7,
        "EPS": 572.9,
        "Non-adjusted EPS": 779,
        "PE": 44.6,
        "Book Price": 15.5
      }
    },
    {
      "quarter": "Q4 2015",
      "income status": {
        "Net sales": 14366927,
        "Cost of goods sold": 9807072,
        "Gross Profit": 4559855,
        "Financial expenses": 1149028,
        "Of which: Interest expense": 840083,
        "Cost of sales": 1582521,
        "Enterprise cost management": 1005988,
        "Total Operating Expenses": 3737537,
        "Total revenue financing activities": 653194,
        "Net profit from business activities": 1485825,
        "Profit": -523408,
        "Profit before tax": 962417,
        "Present corporate income tax expenses": 592932,
        "Deferred income taxes expenses": -51348,
        "The interests of minority shareholders": 233444,
        "Total Cost of profits": 775028,
        "Profit after tax corporate income": 187390,
        "Volume": 1868188087,
        "Close of Quarter": 33.6,
        "EPS": 439.8,
        "Non-adjusted EPS": 621,
        "PE": 54.1,
        "Book Price": 14.2
      }
    },
    {
      "quarter": "Q3 2015",
      "income status": {
        "Net sales": 7251094,
        "Cost of goods sold": 4527987,
        "Gross Profit": 2723107,
        "Financial expenses": 764512,
        "Of which: Interest expense": 361532,
        "Cost of sales": 800468,
        "Enterprise cost management": 1100107,
        "Total Operating Expenses": 2665087,
        "Total revenue financing activities": 553111,
        "Net profit from business activities": 623350,
        "Profit": -62559,
        "Profit before tax": 560791,
        "Present corporate income tax expenses": 269233,
        "Deferred income taxes expenses": -13886,
        "The interests of minority shareholders": 50322,
        "Total Cost of profits": 305669,
        "Profit after tax corporate income": 255123,
        "Volume": 1846074544,
        "Close of Quarter": 30.7,
        "EPS": 503.2,
        "Non-adjusted EPS": 719,
        "PE": 42.7,
        "Book Price": 12.0
      }
    },
    {
      "quarter": "Q2 2015",
      "income status": {
        "Net sales": 6031473,
        "Cost of goods sold": 3899582,
        "Gross Profit": 2131892,
        "Financial expenses": 837462,
        "Of which: Interest expense": 584928,
        "Cost of sales": 379967,
        "Enterprise cost management": 856816,
        "Total Operating Expenses": 2074245,
        "Total revenue financing activities": 608243,
        "Net profit from business activities": 674655,
        "Profit": -102746,
        "Profit before tax": 571908,
        "Present corporate income tax expenses": 253038,
        "Deferred income taxes expenses": -16397,
        "The interests of minority shareholders": 45965,
        "Total Cost of profits": 282606,
        "Profit after tax corporate income": 289302,
        "Volume": 1458788685,
        "Close of Quarter": 32.0,
        "EPS": 743.9,
        "Non-adjusted EPS": 1345,
        "PE": 23.8,
        "Book Price": 11.7
      }
    },
    {
      "quarter": "Q1 2015",
      "income status": {
        "Net sales": 6394135,
        "Cost of goods sold": 4150920,
        "Gross Profit": 2243216,
        "Financial expenses": 772683,
        "Of which: Interest expense": 500917,
        "Cost of sales": 342007,
        "Enterprise cost management": 652401,
        "Total Operating Expenses": 1767091,
        "Total revenue financing activities": 323926,
        "Net profit from business activities": 807981,
        "Profit": -116239,
        "Profit before tax": 691742,
        "Present corporate income tax expenses": 344266,
        "Deferred income taxes expenses": -9919,
        "The interests of minority shareholders": -70545,
        "Total Cost of profits": 263802,
        "Profit after tax corporate income": 427941,
        "Volume": 1454555098,
        "Close of Quarter": 27.4,
        "EPS": 959.5,
        "Non-adjusted EPS": 1740,
        "PE": 15.7,
        "Book Price": 10.6
      }
    },
    {
      "quarter": "Q4 2014",
      "income status": {
        "Net sales": 6213179,
        "Cost of goods sold": 3894487,
        "Gross Profit": 2318691,
        "Financial expenses": 796527,
        "Of which: Interest expense": 658021,
        "Cost of sales": 371442,
        "Enterprise cost management": 769151,
        "Total Operating Expenses": 1937120,
        "Total revenue financing activities": 223707,
        "Net profit from business activities": 605907,
        "Profit": 13872,
        "Profit before tax": 619780,
        "Present corporate income tax expenses": 271080,
        "Deferred income taxes expenses": 4592,
        "The interests of minority shareholders": -11132,
        "Total Cost of profits": 264540,
        "Profit after tax corporate income": 355239,
        "Volume": 1454555098,
        "Close of Quarter": 27.8,
        "EPS": 1205.5,
        "Non-adjusted EPS": 2186,
        "PE": 12.7,
        "Book Price": 10.4
      }
    },
    {
      "quarter": "Q3 2014",
      "income status": {
        "Net sales": 7657958,
        "Cost of goods sold": 4828615,
        "Gross Profit": 2829343,
        "Financial expenses": 952643,
        "Of which: Interest expense": 800791,
        "Cost of sales": 102831,
        "Enterprise cost management": 571748,
        "Total Operating Expenses": 1627222,
        "Total revenue financing activities": 422038,
        "Net profit from business activities": 1635155,
        "Profit": -38867,
        "Profit before tax": 1596288,
        "Present corporate income tax expenses": 383809,
        "Deferred income taxes expenses": -16129,
        "The interests of minority shareholders": 339326,
        "Total Cost of profits": 707006,
        "Profit after tax corporate income": 889282,
        "Volume": 1420311258,
        "Close of Quarter": 28.0,
        "EPS": 1382.2,
        "Non-adjusted EPS": 2567,
        "PE": 10.9,
        "Book Price": 10.3
      }
    },
    {
      "quarter": "Q2 2014",
      "income status": {
        "Net sales": 7691711,
        "Cost of goods sold": 4796431,
        "Gross Profit": 2895280,
        "Financial expenses": 1173979,
        "Of which: Interest expense": 740281,
        "Cost of sales": 123229,
        "Enterprise cost management": 421869,
        "Total Operating Expenses": 1719077,
        "Total revenue financing activities": 470038,
        "Net profit from business activities": 1624008,
        "Profit": 39297,
        "Profit before tax": 1663305,
        "Present corporate income tax expenses": 517048,
        "Deferred income taxes expenses": -2433,
        "The interests of minority shareholders": 289871,
        "Total Cost of profits": 804486,
        "Profit after tax corporate income": 858819,
        "Volume": 883291532,
        "Close of Quarter": 24.0,
        "EPS": 1756.1,
        "Non-adjusted EPS": 5244,
        "PE": 4.6,
        "Book Price": 9.1
      }
    },
    {
      "quarter": "Q1 2014",
      "income status": {
        "Net sales": 6174804,
        "Cost of goods sold": 3765023,
        "Gross Profit": 2409781,
        "Financial expenses": 565120,
        "Of which: Interest expense": 512176,
        "Cost of sales": 126308,
        "Enterprise cost management": 438256,
        "Total Operating Expenses": 1129684,
        "Total revenue financing activities": 248313,
        "Net profit from business activities": 1530247,
        "Profit": 17162,
        "Profit before tax": 1547409,
        "Present corporate income tax expenses": 477711,
        "Deferred income taxes expenses": 1417,
        "The interests of minority shareholders": -7386,
        "Total Cost of profits": 471742,
        "Profit after tax corporate income": 1075667,
        "Volume": 882494732,
        "Close of Quarter": 27.6,
        "EPS": 2860.2,
        "Non-adjusted EPS": 8549,
        "PE": 3.2,
        "Book Price": 8.0
      }
    },
    {
      "quarter": "Q4 2013",
      "income status": {
        "Net sales": 6776779,
        "Cost of goods sold": 4628553,
        "Gross Profit": 2148227,
        "Financial expenses": 547756,
        "Of which: Interest expense": 479261,
        "Cost of sales": 138305,
        "Enterprise cost management": 494434,
        "Total Operating Expenses": 1180495,
        "Total revenue financing activities": 386980,
        "Net profit from business activities": 1354712,
        "Profit": 29505,
        "Profit before tax": 1381291,
        "Present corporate income tax expenses": 310764,
        "Deferred income taxes expenses": -3180,
        "The interests of minority shareholders": 251345,
        "Total Cost of profits": 558929,
        "Profit after tax corporate income": 822362,
        "Volume": 882459899,
        "Close of Quarter": 26.3,
        "EPS": 2561.4,
        "Non-adjusted EPS": 7656,
        "PE": 3.4,
        "Book Price": 6.7
      }
    },
    {
      "quarter": "Q3 2013",
      "income status": {
        "Net sales": 8469586,
        "Cost of goods sold": 5132760,
        "Gross Profit": 3336826,
        "Financial expenses": 364465,
        "Of which: Interest expense": 226454,
        "Cost of sales": 151195,
        "Enterprise cost management": 246897,
        "Total Operating Expenses": 762557,
        "Total revenue financing activities": 231454,
        "Net profit from business activities": 2805724,
        "Profit": 3153,
        "Profit before tax": 2821805,
        "Present corporate income tax expenses": 809155,
        "Deferred income taxes expenses": 1016,
        "The interests of minority shareholders": 136927,
        "Total Cost of profits": 947098,
        "Profit after tax corporate income": 1874706,
        "Volume": 882459899,
        "Close of Quarter": 23.5,
        "EPS": 2332.5,
        "Non-adjusted EPS": 6972,
        "PE": 3.4,
        "Book Price": 6.2
      }
    },
    {
      "quarter": "Q2 2013",
      "income status": {
        "Net sales": 2147212,
        "Cost of goods sold": 1187102,
        "Gross Profit": 960109,
        "Financial expenses": 541101,
        "Of which: Interest expense": 375442,
        "Cost of sales": 76783,
        "Enterprise cost management": 396511,
        "Total Operating Expenses": 1014395,
        "Total revenue financing activities": 5083698,
        "Net profit from business activities": 5029411,
        "Profit": 25623,
        "Profit before tax": 5084169,
        "Present corporate income tax expenses": 1310821,
        "Deferred income taxes expenses": -1348,
        "The interests of minority shareholders": 2823,
        "Total Cost of profits": 1312296,
        "Profit after tax corporate income": 3771873,
        "Volume": 928458547,
        "Close of Quarter": 23.5,
        "EPS": 1658.3,
        "Non-adjusted EPS": 4711,
        "PE": 5.0,
        "Book Price": 5.6
      }
    },
    {
      "quarter": "Q1 2013",
      "income status": {
        "Net sales": 983723,
        "Cost of goods sold": 458972,
        "Gross Profit": 524751,
        "Financial expenses": 516920,
        "Of which: Interest expense": 425622,
        "Cost of sales": 46002,
        "Enterprise cost management": 286440,
        "Total Operating Expenses": 849362,
        "Total revenue financing activities": 721678,
        "Net profit from business activities": 397066,
        "Profit": 20523,
        "Profit before tax": 433153,
        "Present corporate income tax expenses": 169075,
        "Deferred income taxes expenses": -584,
        "The interests of minority shareholders": -22404,
        "Total Cost of profits": 146087,
        "Profit after tax corporate income": 287065,
        "Volume": 928145048,
        "Close of Quarter": 23.9,
        "EPS": 434.2,
        "Non-adjusted EPS": 1234,
        "PE": 19.3,
        "Book Price": 4.1
      }
    },
    {
      "quarter": "Q4 2012",
      "income status": {
        "Net sales": 2836363,
        "Cost of goods sold": 1773717,
        "Gross Profit": 1062646,
        "Financial expenses": 322059,
        "Of which: Interest expense": 285138,
        "Cost of sales": 74008,
        "Enterprise cost management": 321057,
        "Total Operating Expenses": 717124,
        "Total revenue financing activities": 174832,
        "Net profit from business activities": 520354,
        "Profit": 27520,
        "Profit before tax": 558067,
        "Present corporate income tax expenses": 210015,
        "Deferred income taxes expenses": -25066,
        "The interests of minority shareholders": 153884,
        "Total Cost of profits": 338833,
        "Profit after tax corporate income": 219234,
        "Volume": 700462055,
        "Close of Quarter": 22.7,
        "EPS": 595.6,
        "Non-adjusted EPS": 2243,
        "PE": 10.1,
        "Book Price": 4.0
      }
    },
    {
      "quarter": "Q3 2012",
      "income status": {
        "Net sales": 1282353,
        "Cost of goods sold": 780537,
        "Gross Profit": 501816,
        "Financial expenses": 331296,
        "Of which: Interest expense": 290913,
        "Cost of sales": 39105,
        "Enterprise cost management": 215975,
        "Total Operating Expenses": 586376,
        "Total revenue financing activities": 236320,
        "Net profit from business activities": 151760,
        "Profit": 57385,
        "Profit before tax": 218633,
        "Present corporate income tax expenses": 101954,
        "Deferred income taxes expenses": -4037,
        "The interests of minority shareholders": 25278,
        "Total Cost of profits": 123195,
        "Profit after tax corporate income": 95439,
        "Volume": 700462055,
        "Close of Quarter": 23.5,
        "EPS": 605.7,
        "Non-adjusted EPS": 2281,
        "PE": 10.3,
        "Book Price": 3.7
      }
    },
    {
      "quarter": "Q2 2012",
      "income status": {
        "Net sales": 1903049,
        "Cost of goods sold": 1104099,
        "Gross Profit": 798950,
        "Financial expenses": 246446,
        "Of which: Interest expense": 210419,
        "Cost of sales": 46644,
        "Enterprise cost management": 243799,
        "Total Operating Expenses": 536889,
        "Total revenue financing activities": 596303,
        "Net profit from business activities": 858365,
        "Profit": 25060,
        "Profit before tax": 885157,
        "Present corporate income tax expenses": 208168,
        "Deferred income taxes expenses": -25,
        "The interests of minority shareholders": 133091,
        "Total Cost of profits": 341234,
        "Profit after tax corporate income": 543923,
        "Volume": 700462055,
        "Close of Quarter": 23.8,
        "EPS": 654.9,
        "Non-adjusted EPS": 2466,
        "PE": 9.7,
        "Book Price": 3.7
      }
    },
    {
      "quarter": "Q1 2012",
      "income status": {
        "Net sales": 1882707,
        "Cost of goods sold": 433703,
        "Gross Profit": 1449004,
        "Financial expenses": 341685,
        "Of which: Interest expense": 310784,
        "Cost of sales": 44982,
        "Enterprise cost management": 200129,
        "Total Operating Expenses": 586796,
        "Total revenue financing activities": 170813,
        "Net profit from business activities": 1033021,
        "Profit": -35844,
        "Profit before tax": 993207,
        "Present corporate income tax expenses": 321065,
        "Deferred income taxes expenses": -3677,
        "The interests of minority shareholders": -36580,
        "Total Cost of profits": 280808,
        "Profit after tax corporate income": 712399,
        "Volume": 549383305,
        "Close of Quarter": 24.2,
        "EPS": 544.7,
        "Non-adjusted EPS": 2615,
        "PE": 9.3,
        "Book Price": 3.4
      }
    },
    {
      "quarter": "Q4 2011",
      "income status": {
        "Net sales": 1187059,
        "Cost of goods sold": 878180,
        "Gross Profit": 308879,
        "Financial expenses": 262209,
        "Of which: Interest expense": 227136,
        "Cost of sales": 25053,
        "Enterprise cost management": 214510,
        "Total Operating Expenses": 501772,
        "Total revenue financing activities": 626861,
        "Net profit from business activities": 433968,
        "Profit": -14291,
        "Profit before tax": 409842,
        "Present corporate income tax expenses": 150823,
        "Deferred income taxes expenses": -1502,
        "The interests of minority shareholders": 14871,
        "Total Cost of profits": 164192,
        "Profit after tax corporate income": 245650,
        "Volume": 391149893,
        "Close of Quarter": 25.1,
        "EPS": 311.1,
        "Non-adjusted EPS": 2098,
        "PE": 12.0,
        "Book Price": 2.5
      }
    },
    {
      "quarter": "Q3 2011",
      "income status": {
        "Net sales": 266633,
        "Cost of goods sold": 122518,
        "Gross Profit": 144115,
        "Financial expenses": 209972,
        "Of which: Interest expense": 190633,
        "Cost of sales": 23235,
        "Enterprise cost management": 72612,
        "Total Operating Expenses": 305819,
        "Total revenue financing activities": 473687,
        "Net profit from business activities": 311983,
        "Profit": 5574,
        "Profit before tax": 449414,
        "Present corporate income tax expenses": 93865,
        "Deferred income taxes expenses": 4594,
        "The interests of minority shareholders": 125294,
        "Total Cost of profits": 223753,
        "Profit after tax corporate income": 225661,
        "Volume": 391149893,
        "Close of Quarter": 25.2,
        "EPS": 1020.5,
        "Non-adjusted EPS": 6882,
        "PE": 3.7,
        "Book Price": 2.4
      }
    },
    {
      "quarter": "Q2 2011",
      "income status": {
        "Net sales": 386090,
        "Cost of goods sold": 151961,
        "Gross Profit": 234129,
        "Financial expenses": 136706,
        "Of which: Interest expense": "N/A",
        "Cost of sales": 33767,
        "Enterprise cost management": 46517,
        "Total Operating Expenses": 216990,
        "Total revenue financing activities": 384166,
        "Net profit from business activities": 401305,
        "Profit": -4139,
        "Profit before tax": 434955,
        "Present corporate income tax expenses": 93763,
        "Deferred income taxes expenses": 9771,
        "The interests of minority shareholders": 78704,
        "Total Cost of profits": 182238,
        "Profit after tax corporate income": 252717,
        "Volume": 391149893,
        "Close of Quarter": 34.6,
        "EPS": 954.4,
        "Non-adjusted EPS": 6436,
        "PE": 5.4,
        "Book Price": 2.3
      }
    },
    {
      "quarter": "Q1 2011",
      "income status": {
        "Net sales": 473957,
        "Cost of goods sold": 153616,
        "Gross Profit": 320341,
        "Financial expenses": 295649,
        "Of which: Interest expense": "N/A",
        "Cost of sales": 18104,
        "Enterprise cost management": 46481,
        "Total Operating Expenses": 360234,
        "Total revenue financing activities": 202635,
        "Net profit from business activities": 162742,
        "Profit": -23278,
        "Profit before tax": 176363,
        "Present corporate income tax expenses": 46747,
        "Deferred income taxes expenses": -584,
        "The interests of minority shareholders": 33567,
        "Total Cost of profits": 79730,
        "Profit after tax corporate income": 96633,
        "Volume": 381637232,
        "Close of Quarter": 32.5,
        "EPS": 898.6,
        "Non-adjusted EPS": 6211,
        "PE": 5.2,
        "Book Price": 2.8
      }
    }
  ]
}