{
  "ticker": "FDT",
  "data": [
    {
      "quarter": "Q4 2016",
      "income status": {
        "Net sales": 159774,
        "Cost of goods sold": 147700,
        "Gross Profit": 12074,
        "Financial expenses": 675,
        "Of which: Interest expense": 675,
        "Cost of sales": 185,
        "Enterprise cost management": 7511,
        "Total Operating Expenses": 8371,
        "Total revenue financing activities": 54,
        "Net profit from business activities": 3758,
        "Profit": 35,
        "Profit before tax": 3792,
        "Present corporate income tax expenses": "N/A",
        "Deferred income taxes expenses": "N/A",
        "The interests of minority shareholders": "N/A",
        "Total Cost of profits": 0,
        "Profit after tax corporate income": 3792,
        "Volume": 3054500,
        "Close of Quarter": 36,
        "EPS": 1470,
        "Non-adjusted EPS": 1470,
        "PE": 24.5,
        "Book Price": 10.7
      }
    },
    {
      "quarter": "Q3 2016",
      "income status": {
        "Net sales": 147870,
        "Cost of goods sold": 140309,
        "Gross Profit": 7561,
        "Financial expenses": 456,
        "Of which: Interest expense": 456,
        "Cost of sales": 240,
        "Enterprise cost management": 6317,
        "Total Operating Expenses": 7013,
        "Total revenue financing activities": 29,
        "Net profit from business activities": 577,
        "Profit": 62,
        "Profit before tax": 638,
        "Present corporate income tax expenses": "N/A",
        "Deferred income taxes expenses": "N/A",
        "The interests of minority shareholders": "N/A",
        "Total Cost of profits": 0,
        "Profit after tax corporate income": 638,
        "Volume": 3054500,
        "Close of Quarter": 35,
        "EPS": -372,
        "Non-adjusted EPS": -372,
        "PE": -94.1,
        "Book Price": 9.8
      }
    },
    {
      "quarter": "Q2 2016",
      "income status": {
        "Net sales": 85075,
        "Cost of goods sold": 76437,
        "Gross Profit": 8638,
        "Financial expenses": 762,
        "Of which: Interest expense": 624,
        "Cost of sales": 4096,
        "Enterprise cost management": 4609,
        "Total Operating Expenses": 9467,
        "Total revenue financing activities": 157,
        "Net profit from business activities": -673,
        "Profit": -12,
        "Profit before tax": -685,
        "Present corporate income tax expenses": "N/A",
        "Deferred income taxes expenses": "N/A",
        "The interests of minority shareholders": "N/A",
        "Total Cost of profits": 0,
        "Profit after tax corporate income": -685,
        "Volume": 3054500,
        "Close of Quarter": 30,
        "EPS": -1152,
        "Non-adjusted EPS": -1152,
        "PE": -26.0,
        "Book Price": 9.6
      }
    },
    {
      "quarter": "Q1 2016",
      "income status": {
        "Net sales": 110268,
        "Cost of goods sold": 102908,
        "Gross Profit": 7360,
        "Financial expenses": 518,
        "Of which: Interest expense": 518,
        "Cost of sales": 384,
        "Enterprise cost management": 6059,
        "Total Operating Expenses": 6961,
        "Total revenue financing activities": 331,
        "Net profit from business activities": 730,
        "Profit": 16,
        "Profit before tax": 746,
        "Present corporate income tax expenses": "N/A",
        "Deferred income taxes expenses": "N/A",
        "The interests of minority shareholders": "N/A",
        "Total Cost of profits": 0,
        "Profit after tax corporate income": 746,
        "Volume": 3054500,
        "Close of Quarter": 34.5,
        "EPS": -1709,
        "Non-adjusted EPS": -1709,
        "PE": -20.2,
        "Book Price": 9.8
      }
    },
    {
      "quarter": "Q4 2015",
      "income status": {
        "Net sales": 157117,
        "Cost of goods sold": 150458,
        "Gross Profit": 6658,
        "Financial expenses": 580,
        "Of which: Interest expense": 452,
        "Cost of sales": 337,
        "Enterprise cost management": 7602,
        "Total Operating Expenses": 8519,
        "Total revenue financing activities": 46,
        "Net profit from business activities": -1814,
        "Profit": -19,
        "Profit before tax": -1834,
        "Present corporate income tax expenses": "N/A",
        "Deferred income taxes expenses": "N/A",
        "The interests of minority shareholders": "N/A",
        "Total Cost of profits": 0,
        "Profit after tax corporate income": -1834,
        "Volume": 3054500,
        "Close of Quarter": 27,
        "EPS": -3972,
        "Non-adjusted EPS": -3972,
        "PE": -6.8,
        "Book Price": 9.5
      }
    },
    {
      "quarter": "Q3 2015",
      "income status": {
        "Net sales": 174199,
        "Cost of goods sold": 167722,
        "Gross Profit": 6477,
        "Financial expenses": 443,
        "Of which: Interest expense": 437,
        "Cost of sales": 438,
        "Enterprise cost management": 7428,
        "Total Operating Expenses": 8309,
        "Total revenue financing activities": 13,
        "Net profit from business activities": -1819,
        "Profit": 74,
        "Profit before tax": -1745,
        "Present corporate income tax expenses": "N/A",
        "Deferred income taxes expenses": "N/A",
        "The interests of minority shareholders": "N/A",
        "Total Cost of profits": 0,
        "Profit after tax corporate income": -1745,
        "Volume": 3054500,
        "Close of Quarter": 26,
        "EPS": -2231,
        "Non-adjusted EPS": -2231,
        "PE": -11.7,
        "Book Price": 10.2
      }
    },
    {
      "quarter": "Q2 2015",
      "income status": {
        "Net sales": 103524,
        "Cost of goods sold": 96443,
        "Gross Profit": 7081,
        "Financial expenses": 441,
        "Of which: Interest expense": 450,
        "Cost of sales": 4058,
        "Enterprise cost management": 5310,
        "Total Operating Expenses": 9809,
        "Total revenue financing activities": 56,
        "Net profit from business activities": -2672,
        "Profit": 285,
        "Profit before tax": -2387,
        "Present corporate income tax expenses": "N/A",
        "Deferred income taxes expenses": "N/A",
        "The interests of minority shareholders": "N/A",
        "Total Cost of profits": 0,
        "Profit after tax corporate income": -2387,
        "Volume": 3054500,
        "Close of Quarter": 26,
        "EPS": -1352,
        "Non-adjusted EPS": -1352,
        "PE": -19.2,
        "Book Price": 10.9
      }
    },
    {
      "quarter": "Q1 2015",
      "income status": {
        "Net sales": 117075,
        "Cost of goods sold": 114951,
        "Gross Profit": 2124,
        "Financial expenses": 161,
        "Of which: Interest expense": 152,
        "Cost of sales": 398,
        "Enterprise cost management": 8259,
        "Total Operating Expenses": 8818,
        "Total revenue financing activities": 178,
        "Net profit from business activities": -6515,
        "Profit": 347,
        "Profit before tax": -6168,
        "Present corporate income tax expenses": "N/A",
        "Deferred income taxes expenses": "N/A",
        "The interests of minority shareholders": "N/A",
        "Total Cost of profits": 0,
        "Profit after tax corporate income": -6168,
        "Volume": 3054500,
        "Close of Quarter": 25,
        "EPS": -1102,
        "Non-adjusted EPS": -1102,
        "PE": -22.7,
        "Book Price": 11.7
      }
    },
    {
      "quarter": "Q4 2014",
      "income status": {
        "Net sales": 144113,
        "Cost of goods sold": 135348,
        "Gross Profit": 8765,
        "Financial expenses": 62,
        "Of which: Interest expense": 62,
        "Cost of sales": 244,
        "Enterprise cost management": 7127,
        "Total Operating Expenses": 7433,
        "Total revenue financing activities": 20,
        "Net profit from business activities": 1351,
        "Profit": 2182,
        "Profit before tax": 3533,
        "Present corporate income tax expenses": 49,
        "Deferred income taxes expenses": "N/A",
        "The interests of minority shareholders": "N/A",
        "Total Cost of profits": 49,
        "Profit after tax corporate income": 3484,
        "Volume": 3054500,
        "Close of Quarter": 26.5,
        "EPS": 54,
        "Non-adjusted EPS": 54,
        "PE": 490.6,
        "Book Price": 14
      }
    },
    {
      "quarter": "Q3 2014",
      "income status": {
        "Net sales": 161341,
        "Cost of goods sold": 156020,
        "Gross Profit": 5321,
        "Financial expenses": 6,
        "Of which: Interest expense": 6,
        "Cost of sales": 410,
        "Enterprise cost management": 6820,
        "Total Operating Expenses": 7236,
        "Total revenue financing activities": 45,
        "Net profit from business activities": -1871,
        "Profit": 2810,
        "Profit before tax": 940,
        "Present corporate income tax expenses": "N/A",
        "Deferred income taxes expenses": "N/A",
        "The interests of minority shareholders": "N/A",
        "Total Cost of profits": 0,
        "Profit after tax corporate income": 940,
        "Volume": 3054500,
        "Close of Quarter": 25.6,
        "EPS": -1135,
        "Non-adjusted EPS": -1135,
        "PE": -22.6,
        "Book Price": 13.9
      }
    },
    {
      "quarter": "Q2 2014",
      "income status": {
        "Net sales": 101648,
        "Cost of goods sold": 96334,
        "Gross Profit": 5314,
        "Financial expenses": 46,
        "Of which: Interest expense": 46,
        "Cost of sales": 2397,
        "Enterprise cost management": 5049,
        "Total Operating Expenses": 7492,
        "Total revenue financing activities": 21,
        "Net profit from business activities": -2157,
        "Profit": 535,
        "Profit before tax": -1622,
        "Present corporate income tax expenses": "N/A",
        "Deferred income taxes expenses": "N/A",
        "The interests of minority shareholders": "N/A",
        "Total Cost of profits": 0,
        "Profit after tax corporate income": -1622,
        "Volume": 3054500,
        "Close of Quarter": 27.0,
        "EPS": -1121,
        "Non-adjusted EPS": -1121,
        "PE": -24.1,
        "Book Price": 13.6
      }
    },
    {
      "quarter": "Q1 2014",
      "income status": {
        "Net sales": 128625,
        "Cost of goods sold": 124947,
        "Gross Profit": 3678,
        "Financial expenses": 14,
        "Of which: Interest expense": 13,
        "Cost of sales": 439,
        "Enterprise cost management": 6602,
        "Total Operating Expenses": 7055,
        "Total revenue financing activities": 121,
        "Net profit from business activities": -3256,
        "Profit": 619,
        "Profit before tax": -2637,
        "Present corporate income tax expenses": "N/A",
        "Deferred income taxes expenses": "N/A",
        "The interests of minority shareholders": "N/A",
        "Total Cost of profits": 0,
        "Profit after tax corporate income": -2637,
        "Volume": 3054500,
        "Close of Quarter": 30.9,
        "EPS": 982,
        "Non-adjusted EPS": 982,
        "PE": 31.4,
        "Book Price": 14.1
      }
    },
    {
      "quarter": "Q4 2013",
      "income status": {
        "Net sales": 193264,
        "Cost of goods sold": 184110,
        "Gross Profit": 9154,
        "Financial expenses": 30,
        "Of which: Interest expense": 27,
        "Cost of sales": 727,
        "Enterprise cost management": 9290,
        "Total Operating Expenses": 10047,
        "Total revenue financing activities": 114,
        "Net profit from business activities": -779,
        "Profit": 629,
        "Profit before tax": -149,
        "Present corporate income tax expenses": "N/A",
        "Deferred income taxes expenses": "N/A",
        "The interests of minority shareholders": "N/A",
        "Total Cost of profits": 0,
        "Profit after tax corporate income": -149,
        "Volume": 3054500,
        "Close of Quarter": 35.6,
        "EPS": 1905,
        "Non-adjusted EPS": 1905,
        "PE": 18.7,
        "Book Price": 15.2
      }
    },
    {
      "quarter": "Q3 2013",
      "income status": {
        "Net sales": 196033,
        "Cost of goods sold": 189054,
        "Gross Profit": 6979,
        "Financial expenses": 11,
        "Of which: Interest expense": 11,
        "Cost of sales": 482,
        "Enterprise cost management": 7073,
        "Total Operating Expenses": 7566,
        "Total revenue financing activities": 136,
        "Net profit from business activities": -452,
        "Profit": 1490,
        "Profit before tax": 1039,
        "Present corporate income tax expenses": 56,
        "Deferred income taxes expenses": "N/A",
        "The interests of minority shareholders": "N/A",
        "Total Cost of profits": 56,
        "Profit after tax corporate income": 983,
        "Volume": 3054500,
        "Close of Quarter": 26.8,
        "EPS": 1374,
        "Non-adjusted EPS": 1374,
        "PE": 19.5,
        "Book Price": 16.5
      }
    },
    {
      "quarter": "Q2 2013",
      "income status": {
        "Net sales": 127078,
        "Cost of goods sold": 113358,
        "Gross Profit": 13720,
        "Financial expenses": 103,
        "Of which: Interest expense": 16,
        "Cost of sales": 2204,
        "Enterprise cost management": 5287,
        "Total Operating Expenses": 7594,
        "Total revenue financing activities": 203,
        "Net profit from business activities": 6328,
        "Profit": 263,
        "Profit before tax": 6591,
        "Present corporate income tax expenses": 1851,
        "Deferred income taxes expenses": -61,
        "The interests of minority shareholders": "N/A",
        "Total Cost of profits": 1790,
        "Profit after tax corporate income": 4801,
        "Volume": 3054500,
        "Close of Quarter": 24.8,
        "EPS": 1479,
        "Non-adjusted EPS": 1479,
        "PE": 16.8,
        "Book Price": 16.2
      }
    },
    {
      "quarter": "Q1 2013",
      "income status": {
        "Net sales": 138391,
        "Cost of goods sold": 132778,
        "Gross Profit": 5613,
        "Financial expenses": 19,
        "Of which: Interest expense": 18,
        "Cost of sales": 25,
        "Enterprise cost management": 6012,
        "Total Operating Expenses": 6056,
        "Total revenue financing activities": 320,
        "Net profit from business activities": -123,
        "Profit": 367,
        "Profit before tax": 245,
        "Present corporate income tax expenses": "N/A",
        "Deferred income taxes expenses": 61,
        "The interests of minority shareholders": "N/A",
        "Total Cost of profits": 61,
        "Profit after tax corporate income": 183,
        "Volume": 3054500,
        "Close of Quarter": 28.3,
        "EPS": 196,
        "Non-adjusted EPS": 196,
        "PE": 144.3,
        "Book Price": 15.6
      }
    },
    {
      "quarter": "Q4 2012",
      "income status": {
        "Net sales": 173874,
        "Cost of goods sold": 167959,
        "Gross Profit": 5914,
        "Financial expenses": 19,
        "Of which: Interest expense": 19,
        "Cost of sales": "N/A",
        "Enterprise cost management": 8894,
        "Total Operating Expenses": 8913,
        "Total revenue financing activities": 240,
        "Net profit from business activities": -2759,
        "Profit": 989,
        "Profit before tax": -1770,
        "Present corporate income tax expenses": "N/A",
        "Deferred income taxes expenses": "N/A",
        "The interests of minority shareholders": "N/A",
        "Total Cost of profits": 0,
        "Profit after tax corporate income": -1770,
        "Volume": 3054500,
        "Close of Quarter": 17.9,
        "EPS": 199,
        "Non-adjusted EPS": 199,
        "PE": 89.9,
        "Book Price": 15.6
      }
    },
    {
      "quarter": "Q3 2012",
      "income status": {
        "Net sales": 156622,
        "Cost of goods sold": 150496,
        "Gross Profit": 6127,
        "Financial expenses": 14,
        "Of which: Interest expense": 13,
        "Cost of sales": "N/A",
        "Enterprise cost management": 5743,
        "Total Operating Expenses": 5757,
        "Total revenue financing activities": 457,
        "Net profit from business activities": 826,
        "Profit": 913,
        "Profit before tax": 1739,
        "Present corporate income tax expenses": 435,
        "Deferred income taxes expenses": "N/A",
        "The interests of minority shareholders": "N/A",
        "Total Cost of profits": 435,
        "Profit after tax corporate income": 1304,
        "Volume": 3054500,
        "Close of Quarter": 15.2,
        "EPS": 1694,
        "Non-adjusted EPS": 1694,
        "PE": 9,
        "Book Price": 17.6
      }
    },
    {
      "quarter": "Q2 2012",
      "income status": {
        "Net sales": 95809,
        "Cost of goods sold": 89393,
        "Gross Profit": 6416,
        "Financial expenses": 35,
        "Of which: Interest expense": 25,
        "Cost of sales": 587,
        "Enterprise cost management": 5954,
        "Total Operating Expenses": 6576,
        "Total revenue financing activities": 545,
        "Net profit from business activities": 384,
        "Profit": 782,
        "Profit before tax": 1166,
        "Present corporate income tax expenses": 347,
        "Deferred income taxes expenses": -64,
        "The interests of minority shareholders": "N/A",
        "Total Cost of profits": 283,
        "Profit after tax corporate income": 883,
        "Volume": 3054500,
        "Close of Quarter": 12.7,
        "EPS": 2003,
        "Non-adjusted EPS": 2003,
        "PE": 6.3,
        "Book Price": 17.2
      }
    },
    {
      "quarter": "Q1 2012",
      "income status": {
        "Net sales": 97519,
        "Cost of goods sold": 91225,
        "Gross Profit": 6293,
        "Financial expenses": 38,
        "Of which: Interest expense": 17,
        "Cost of sales": "N/A",
        "Enterprise cost management": 7193,
        "Total Operating Expenses": 7231,
        "Total revenue financing activities": 604,
        "Net profit from business activities": -334,
        "Profit": 590,
        "Profit before tax": 256,
        "Present corporate income tax expenses": "N/A",
        "Deferred income taxes expenses": 64,
        "The interests of minority shareholders": "N/A",
        "Total Cost of profits": 64,
        "Profit after tax corporate income": 192,
        "Volume": 3054500,
        "Close of Quarter": 15.2,
        "EPS": 2327,
        "Non-adjusted EPS": 2327,
        "PE": 6.6,
        "Book Price": 17.9
      }
    },
    {
      "quarter": "Q4 2011",
      "income status": {
        "Net sales": 137148,
        "Cost of goods sold": 128923,
        "Gross Profit": 8225,
        "Financial expenses": 27,
        "Of which: Interest expense": 83,
        "Cost of sales": "N/A",
        "Enterprise cost management": 6275,
        "Total Operating Expenses": 6302,
        "Total revenue financing activities": 664,
        "Net profit from business activities": 2587,
        "Profit": 1139,
        "Profit before tax": 3726,
        "Present corporate income tax expenses": 932,
        "Deferred income taxes expenses": "N/A",
        "The interests of minority shareholders": "N/A",
        "Total Cost of profits": 932,
        "Profit after tax corporate income": 2795,
        "Volume": 3054500,
        "Close of Quarter": 16.8,
        "EPS": 2600,
        "Non-adjusted EPS": 2600,
        "PE": 6.5,
        "Book Price": 17.8
      }
    },
    {
      "quarter": "Q3 2011",
      "income status": {
        "Net sales": 134430,
        "Cost of goods sold": 127074,
        "Gross Profit": 7356,
        "Financial expenses": 29,
        "Of which: Interest expense": 14,
        "Cost of sales": "N/A",
        "Enterprise cost management": 6264,
        "Total Operating Expenses": 6293,
        "Total revenue financing activities": 778,
        "Net profit from business activities": 1840,
        "Profit": 1155,
        "Profit before tax": 6861,
        "Present corporate income tax expenses": "N/A",
        "Deferred income taxes expenses": 749,
        "The interests of minority shareholders": "N/A",
        "Total Cost of profits": 749,
        "Profit after tax corporate income": 2247,
        "Volume": 3054500,
        "Close of Quarter": 17.9,
        "EPS": 2461,
        "Non-adjusted EPS": 2461,
        "PE": 7.3,
        "Book Price": 18.4
      }
    },
    {
      "quarter": "Q2 2011",
      "income status": {
        "Net sales": 125138,
        "Cost of goods sold": 118100,
        "Gross Profit": 7038,
        "Financial expenses": 156,
        "Of which: Interest expense": 6,
        "Cost of sales": "N/A",
        "Enterprise cost management": 5637,
        "Total Operating Expenses": 5793,
        "Total revenue financing activities": 755,
        "Net profit from business activities": 2000,
        "Profit": 498,
        "Profit before tax": 2498,
        "Present corporate income tax expenses": 624,
        "Deferred income taxes expenses": "N/A",
        "The interests of minority shareholders": "N/A",
        "Total Cost of profits": 624,
        "Profit after tax corporate income": 1873,
        "Volume": 3054500,
        "Close of Quarter": "N/A",
        "EPS": 2172,
        "Non-adjusted EPS": 2172,
        "PE": "N/A",
        "Book Price": 17.7
      }
    },
    {
      "quarter": "Q1 2011",
      "income status": {
        "Net sales": 92528,
        "Cost of goods sold": 87213,
        "Gross Profit": 5315,
        "Financial expenses": 90,
        "Of which: Interest expense": 22,
        "Cost of sales": "N/A",
        "Enterprise cost management": 5112,
        "Total Operating Expenses": 5202,
        "Total revenue financing activities": 717,
        "Net profit from business activities": 830,
        "Profit": 538,
        "Profit before tax": 1368,
        "Present corporate income tax expenses": 342,
        "Deferred income taxes expenses": "N/A",
        "The interests of minority shareholders": "N/A",
        "Total Cost of profits": 342,
        "Profit after tax corporate income": 1026,
        "Volume": 3054500,
        "Close of Quarter": "N/A",
        "EPS": 1977,
        "Non-adjusted EPS": 1977,
        "PE": "N/A",
        "Book Price": 18.1
      }
    }
  ]
}