{
  "ticker": "TS4",
  "data": [
    {
      "quarter": "Q4 2016",
      "income status": {
        "Net sales": 199309,
        "Cost of goods sold": 153678,
        "Gross Profit": 45631,
        "Financial expenses": 24837,
        "Of which: Interest expense": 16946,
        "Cost of sales": 16459,
        "Enterprise cost management": 3342,
        "Total Operating Expenses": 44638,
        "Total revenue financing activities": 2986,
        "Net profit from business activities": 3980,
        "Profit": -219,
        "Profit before tax": 3761,
        "Present corporate income tax expenses": 85,
        "Deferred income taxes expenses": "N/A",
        "The interests of minority shareholders": "N/A",
        "Total Cost of profits": 85,
        "Profit after tax corporate income": 3676,
        "Volume": 16051594,
        "Close of Quarter": 7.3,
        "EPS": 496,
        "Non-adjusted EPS": 496,
        "PE": 14.8,
        "Book Price": 16.8
      }
    },
    {
      "quarter": "Q3 2016",
      "income status": {
        "Net sales": 199711,
        "Cost of goods sold": 173591,
        "Gross Profit": 26121,
        "Financial expenses": 15552,
        "Of which: Interest expense": 15188,
        "Cost of sales": 12572,
        "Enterprise cost management": 3116,
        "Total Operating Expenses": 31240,
        "Total revenue financing activities": 5717,
        "Net profit from business activities": 597,
        "Profit": 28,
        "Profit before tax": 625,
        "Present corporate income tax expenses": 53,
        "Deferred income taxes expenses": "N/A",
        "The interests of minority shareholders": "N/A",
        "Total Cost of profits": 53,
        "Profit after tax corporate income": 572,
        "Volume": 16051594,
        "Close of Quarter": 7.5,
        "EPS": 594,
        "Non-adjusted EPS": 594,
        "PE": 12.7,
        "Book Price": 17.1
      }
    },
    {
      "quarter": "Q2 2016",
      "income status": {
        "Net sales": 172783,
        "Cost of goods sold": 140985,
        "Gross Profit": 31798,
        "Financial expenses": 20177,
        "Of which: Interest expense": 18748,
        "Cost of sales": 14740,
        "Enterprise cost management": 4581,
        "Total Operating Expenses": 39498,
        "Total revenue financing activities": 8909,
        "Net profit from business activities": 1210,
        "Profit": -423,
        "Profit before tax": 787,
        "Present corporate income tax expenses": 233,
        "Deferred income taxes expenses": "N/A",
        "The interests of minority shareholders": "N/A",
        "Total Cost of profits": 233,
        "Profit after tax corporate income": 554,
        "Volume": 16051594,
        "Close of Quarter": 8,
        "EPS": 667,
        "Non-adjusted EPS": 667,
        "PE": 12.0,
        "Book Price": 17.1
      }
    },
    {
      "quarter": "Q1 2016",
      "income status": {
        "Net sales": 223088,
        "Cost of goods sold": 196249,
        "Gross Profit": 26839,
        "Financial expenses": 8999,
        "Of which: Interest expense": 8813,
        "Cost of sales": 12539,
        "Enterprise cost management": 2045,
        "Total Operating Expenses": 23583,
        "Total revenue financing activities": 242,
        "Net profit from business activities": 3498,
        "Profit": -4,
        "Profit before tax": 3495,
        "Present corporate income tax expenses": 336,
        "Deferred income taxes expenses": "N/A",
        "The interests of minority shareholders": "N/A",
        "Total Cost of profits": 336,
        "Profit after tax corporate income": 3159,
        "Volume": 16051594,
        "Close of Quarter": 7.5,
        "EPS": 630,
        "Non-adjusted EPS": 630,
        "PE": 12.0,
        "Book Price": 17.3
      }
    },
    {
      "quarter": "Q4 2015",
      "income status": {
        "Net sales": 242525,
        "Cost of goods sold": 195949,
        "Gross Profit": 46576,
        "Financial expenses": 23409,
        "Of which: Interest expense": 3243,
        "Cost of sales": 17425,
        "Enterprise cost management": 2978,
        "Total Operating Expenses": 43812,
        "Total revenue financing activities": 1727,
        "Net profit from business activities": 4490,
        "Profit": 1140,
        "Profit before tax": 5630,
        "Present corporate income tax expenses": 382,
        "Deferred income taxes expenses": "N/A",
        "The interests of minority shareholders": "N/A",
        "Total Cost of profits": 382,
        "Profit after tax corporate income": 5248,
        "Volume": 16051594,
        "Close of Quarter": 7.3,
        "EPS": 606,
        "Non-adjusted EPS": 606,
        "PE": 12.0,
        "Book Price": 17.6
      }
    },
    {
      "quarter": "Q3 2015",
      "income status": {
        "Net sales": 133975,
        "Cost of goods sold": 102615,
        "Gross Profit": 31360,
        "Financial expenses": 14146,
        "Of which: Interest expense": 13425,
        "Cost of sales": 14141,
        "Enterprise cost management": 2213,
        "Total Operating Expenses": 30500,
        "Total revenue financing activities": 655,
        "Net profit from business activities": 1516,
        "Profit": 430,
        "Profit before tax": 1946,
        "Present corporate income tax expenses": 198,
        "Deferred income taxes expenses": "N/A",
        "The interests of minority shareholders": "N/A",
        "Total Cost of profits": 198,
        "Profit after tax corporate income": 1748,
        "Volume": 16051594,
        "Close of Quarter": 7.6,
        "EPS": 673,
        "Non-adjusted EPS": 673,
        "PE": 11.2,
        "Book Price": 17.4
      }
    },
    {
      "quarter": "Q2 2015",
      "income status": {
        "Net sales": 133270,
        "Cost of goods sold": 90433,
        "Gross Profit": 42837,
        "Financial expenses": 22319,
        "Of which: Interest expense": 13228,
        "Cost of sales": 16383,
        "Enterprise cost management": 2284,
        "Total Operating Expenses": 40986,
        "Total revenue financing activities": -344,
        "Net profit from business activities": 1507,
        "Profit": -750,
        "Profit before tax": 758,
        "Present corporate income tax expenses": 490,
        "Deferred income taxes expenses": 313,
        "The interests of minority shareholders": "N/A",
        "Total Cost of profits": 803,
        "Profit after tax corporate income": -45,
        "Volume": 16051594,
        "Close of Quarter": 8.4,
        "EPS": 903,
        "Non-adjusted EPS": 903,
        "PE": 9.3,
        "Book Price": 17.6
      }
    },
    {
      "quarter": "Q1 2015",
      "income status": {
        "Net sales": 243303,
        "Cost of goods sold": 216359,
        "Gross Profit": 26944,
        "Financial expenses": 6937,
        "Of which: Interest expense": 6653,
        "Cost of sales": 17070,
        "Enterprise cost management": 4507,
        "Total Operating Expenses": 28514,
        "Total revenue financing activities": 2483,
        "Net profit from business activities": 914,
        "Profit": 2336,
        "Profit before tax": 3250,
        "Present corporate income tax expenses": 791,
        "Deferred income taxes expenses": -313,
        "The interests of minority shareholders": "N/A",
        "Total Cost of profits": 478,
        "Profit after tax corporate income": 2772,
        "Volume": 16051594,
        "Close of Quarter": 8.2,
        "EPS": 1101,
        "Non-adjusted EPS": 1101,
        "PE": 7.4,
        "Book Price": 17.7
      }
    },
    {
      "quarter": "Q4 2014",
      "income status": {
        "Net sales": 202265,
        "Cost of goods sold": 155679,
        "Gross Profit": 46586,
        "Financial expenses": 14760,
        "Of which: Interest expense": 9255,
        "Cost of sales": 15833,
        "Enterprise cost management": 9056,
        "Total Operating Expenses": 39649,
        "Total revenue financing activities": 534,
        "Net profit from business activities": 7471,
        "Profit": -181,
        "Profit before tax": 7291,
        "Present corporate income tax expenses": 962,
        "Deferred income taxes expenses": "N/A",
        "The interests of minority shareholders": "N/A",
        "Total Cost of profits": 962,
        "Profit after tax corporate income": 6328,
        "Volume": 16051594,
        "Close of Quarter": 8.8,
        "EPS": 1141,
        "Non-adjusted EPS": 1141,
        "PE": 7.7,
        "Book Price": 17.9
      }
    },
    {
      "quarter": "Q3 2014",
      "income status": {
        "Net sales": 187084,
        "Cost of goods sold": 141260,
        "Gross Profit": 45824,
        "Financial expenses": 11454,
        "Of which: Interest expense": 11440,
        "Cost of sales": 23578,
        "Enterprise cost management": 5778,
        "Total Operating Expenses": 40810,
        "Total revenue financing activities": 818,
        "Net profit from business activities": 5832,
        "Profit": 44,
        "Profit before tax": 5876,
        "Present corporate income tax expenses": 442,
        "Deferred income taxes expenses": "N/A",
        "The interests of minority shareholders": "N/A",
        "Total Cost of profits": 442,
        "Profit after tax corporate income": 5434,
        "Volume": 16051594,
        "Close of Quarter": 10.1,
        "EPS": 1519,
        "Non-adjusted EPS": 1519,
        "PE": 6.6,
        "Book Price": 17.6
      }
    },
    {
      "quarter": "Q2 2014",
      "income status": {
        "Net sales": 90257,
        "Cost of goods sold": 58810,
        "Gross Profit": 31447,
        "Financial expenses": 8149,
        "Of which: Interest expense": 7317,
        "Cost of sales": 16516,
        "Enterprise cost management": 4078,
        "Total Operating Expenses": 28743,
        "Total revenue financing activities": 340,
        "Net profit from business activities": 3044,
        "Profit": 1235,
        "Profit before tax": 4279,
        "Present corporate income tax expenses": 1145,
        "Deferred income taxes expenses": "N/A",
        "The interests of minority shareholders": "N/A",
        "Total Cost of profits": 1145,
        "Profit after tax corporate income": 3133,
        "Volume": 16051594,
        "Close of Quarter": 8.0,
        "EPS": 1537,
        "Non-adjusted EPS": 1537,
        "PE": 5.2,
        "Book Price": 17.4
      }
    },
    {
      "quarter": "Q1 2014",
      "income status": {
        "Net sales": 276887,
        "Cost of goods sold": 238191,
        "Gross Profit": 38696,
        "Financial expenses": 8241,
        "Of which: Interest expense": 7510,
        "Cost of sales": 24337,
        "Enterprise cost management": 2782,
        "Total Operating Expenses": 35360,
        "Total revenue financing activities": 133,
        "Net profit from business activities": 3468,
        "Profit": -22,
        "Profit before tax": 3447,
        "Present corporate income tax expenses": 24,
        "Deferred income taxes expenses": "N/A",
        "The interests of minority shareholders": "N/A",
        "Total Cost of profits": 24,
        "Profit after tax corporate income": 3423,
        "Volume": 16051594,
        "Close of Quarter": 10.7,
        "EPS": 1585,
        "Non-adjusted EPS": 1585,
        "PE": 6.8,
        "Book Price": 17.7
      }
    },
    {
      "quarter": "Q4 2013",
      "income status": {
        "Net sales": 300366,
        "Cost of goods sold": 248961,
        "Gross Profit": 51405,
        "Financial expenses": 14587,
        "Of which: Interest expense": 9853,
        "Cost of sales": 21162,
        "Enterprise cost management": 3686,
        "Total Operating Expenses": 39435,
        "Total revenue financing activities": 281,
        "Net profit from business activities": 12251,
        "Profit": 173,
        "Profit before tax": 12424,
        "Present corporate income tax expenses": 27,
        "Deferred income taxes expenses": "N/A",
        "The interests of minority shareholders": "N/A",
        "Total Cost of profits": 27,
        "Profit after tax corporate income": 12396,
        "Volume": 16051594,
        "Close of Quarter": 7.3,
        "EPS": 1562,
        "Non-adjusted EPS": 1562,
        "PE": 4.7,
        "Book Price": 18.5
      }
    },
    {
      "quarter": "Q3 2013",
      "income status": {
        "Net sales": 239824,
        "Cost of goods sold": 207274,
        "Gross Profit": 32550,
        "Financial expenses": 8832,
        "Of which: Interest expense": 8375,
        "Cost of sales": 16424,
        "Enterprise cost management": 2774,
        "Total Operating Expenses": 28030,
        "Total revenue financing activities": 883,
        "Net profit from business activities": 5403,
        "Profit": 443,
        "Profit before tax": 5846,
        "Present corporate income tax expenses": 119,
        "Deferred income taxes expenses": "N/A",
        "The interests of minority shareholders": "N/A",
        "Total Cost of profits": 119,
        "Profit after tax corporate income": 5727,
        "Volume": 16051594,
        "Close of Quarter": 5.9,
        "EPS": 1306,
        "Non-adjusted EPS": 1306,
        "PE": 4.5,
        "Book Price": 17.8
      }
    },
    {
      "quarter": "Q2 2013",
      "income status": {
        "Net sales": 105583,
        "Cost of goods sold": 70098,
        "Gross Profit": 35484,
        "Financial expenses": 10196,
        "Of which: Interest expense": 9074,
        "Cost of sales": 17354,
        "Enterprise cost management": 5240,
        "Total Operating Expenses": 32790,
        "Total revenue financing activities": 718,
        "Net profit from business activities": 3412,
        "Profit": 662,
        "Profit before tax": 4074,
        "Present corporate income tax expenses": 186,
        "Deferred income taxes expenses": "N/A",
        "The interests of minority shareholders": "N/A",
        "Total Cost of profits": 186,
        "Profit after tax corporate income": 3888,
        "Volume": 11390948,
        "Close of Quarter": 6.5,
        "EPS": 1210.0,
        "Non-adjusted EPS": 1705,
        "PE": 3.8,
        "Book Price": 15.5
      }
    },
    {
      "quarter": "Q1 2013",
      "income status": {
        "Net sales": 236109,
        "Cost of goods sold": 205675,
        "Gross Profit": 30434,
        "Financial expenses": 8956,
        "Of which: Interest expense": 8742,
        "Cost of sales": 15252,
        "Enterprise cost management": 3193,
        "Total Operating Expenses": 27401,
        "Total revenue financing activities": 193,
        "Net profit from business activities": 3226,
        "Profit": -15,
        "Profit before tax": 3211,
        "Present corporate income tax expenses": 146,
        "Deferred income taxes expenses": "N/A",
        "The interests of minority shareholders": "N/A",
        "Total Cost of profits": 146,
        "Profit after tax corporate income": 3065,
        "Volume": 11390948,
        "Close of Quarter": 5.9,
        "EPS": 1192.9,
        "Non-adjusted EPS": 1681,
        "PE": 3.5,
        "Book Price": 15.3
      }
    },
    {
      "quarter": "Q4 2012",
      "income status": {
        "Net sales": 243323,
        "Cost of goods sold": 208763,
        "Gross Profit": 34559,
        "Financial expenses": 11846,
        "Of which: Interest expense": 11649,
        "Cost of sales": 14367,
        "Enterprise cost management": 4187,
        "Total Operating Expenses": 30400,
        "Total revenue financing activities": 3900,
        "Net profit from business activities": 8060,
        "Profit": 419,
        "Profit before tax": 8479,
        "Present corporate income tax expenses": 197,
        "Deferred income taxes expenses": "N/A",
        "The interests of minority shareholders": "N/A",
        "Total Cost of profits": 197,
        "Profit after tax corporate income": 8282,
        "Volume": 11390948,
        "Close of Quarter": 5.8,
        "EPS": 1150.3,
        "Non-adjusted EPS": 1621,
        "PE": 3.6,
        "Book Price": 15.5
      }
    },
    {
      "quarter": "Q3 2012",
      "income status": {
        "Net sales": 200197,
        "Cost of goods sold": 168931,
        "Gross Profit": 31266,
        "Financial expenses": 11084,
        "Of which: Interest expense": 11084,
        "Cost of sales": 12964,
        "Enterprise cost management": 3022,
        "Total Operating Expenses": 27070,
        "Total revenue financing activities": 68,
        "Net profit from business activities": 4264,
        "Profit": 167,
        "Profit before tax": 4431,
        "Present corporate income tax expenses": 245,
        "Deferred income taxes expenses": "N/A",
        "The interests of minority shareholders": "N/A",
        "Total Cost of profits": 245,
        "Profit after tax corporate income": 4185,
        "Volume": 11390948,
        "Close of Quarter": 5.7,
        "EPS": 2170.8,
        "Non-adjusted EPS": 3059,
        "PE": 1.9,
        "Book Price": 15.1
      }
    },
    {
      "quarter": "Q2 2012",
      "income status": {
        "Net sales": 111418,
        "Cost of goods sold": 81007,
        "Gross Profit": 30412,
        "Financial expenses": 8902,
        "Of which: Interest expense": 8143,
        "Cost of sales": 14109,
        "Enterprise cost management": 3545,
        "Total Operating Expenses": 26556,
        "Total revenue financing activities": 850,
        "Net profit from business activities": 4705,
        "Profit": 14,
        "Profit before tax": 4719,
        "Present corporate income tax expenses": 1106,
        "Deferred income taxes expenses": "N/A",
        "The interests of minority shareholders": "N/A",
        "Total Cost of profits": 1106,
        "Profit after tax corporate income": 3613,
        "Volume": 11390948,
        "Close of Quarter": 7.2,
        "EPS": 2430.5,
        "Non-adjusted EPS": 3425,
        "PE": 2.1,
        "Book Price": 14.8
      }
    },
    {
      "quarter": "Q1 2012",
      "income status": {
        "Net sales": 180214,
        "Cost of goods sold": 148609,
        "Gross Profit": 31605,
        "Financial expenses": 11605,
        "Of which: Interest expense": 11248,
        "Cost of sales": 13348,
        "Enterprise cost management": 4613,
        "Total Operating Expenses": 29566,
        "Total revenue financing activities": 459,
        "Net profit from business activities": 2497,
        "Profit": -6,
        "Profit before tax": 2491,
        "Present corporate income tax expenses": 110,
        "Deferred income taxes expenses": "N/A",
        "The interests of minority shareholders": "N/A",
        "Total Cost of profits": 110,
        "Profit after tax corporate income": 2381,
        "Volume": 11390948,
        "Close of Quarter": 7.4,
        "EPS": 2625.0,
        "Non-adjusted EPS": 3699,
        "PE": 2.0,
        "Book Price": 15.0
      }
    },
    {
      "quarter": "Q4 2011",
      "income status": {
        "Net sales": 297794,
        "Cost of goods sold": 250841,
        "Gross Profit": 46953,
        "Financial expenses": 2046,
        "Of which: Interest expense": 1550,
        "Cost of sales": 19425,
        "Enterprise cost management": 4028,
        "Total Operating Expenses": 25499,
        "Total revenue financing activities": 3958,
        "Net profit from business activities": 25411,
        "Profit": 15,
        "Profit before tax": 41971,
        "Present corporate income tax expenses": 764,
        "Deferred income taxes expenses": "N/A",
        "The interests of minority shareholders": "N/A",
        "Total Cost of profits": 764,
        "Profit after tax corporate income": 24663,
        "Volume": 11390948,
        "Close of Quarter": 5.2,
        "EPS": 2664.0,
        "Non-adjusted EPS": 3754,
        "PE": 1.4,
        "Book Price": 16.1
      }
    },
    {
      "quarter": "Q3 2011",
      "income status": {
        "Net sales": 203966,
        "Cost of goods sold": 177042,
        "Gross Profit": 26924,
        "Financial expenses": 3098,
        "Of which: Interest expense": 2666,
        "Cost of sales": 12958,
        "Enterprise cost management": 2686,
        "Total Operating Expenses": 18742,
        "Total revenue financing activities": 310,
        "Net profit from business activities": 8492,
        "Profit": 20,
        "Profit before tax": 16544,
        "Present corporate income tax expenses": 157,
        "Deferred income taxes expenses": "N/A",
        "The interests of minority shareholders": "N/A",
        "Total Cost of profits": 157,
        "Profit after tax corporate income": 8356,
        "Volume": 11390948,
        "Close of Quarter": 7.3,
        "EPS": 1521.5,
        "Non-adjusted EPS": 2144,
        "PE": 3.4,
        "Book Price": 15.2
      }
    },
    {
      "quarter": "Q2 2011",
      "income status": {
        "Net sales": 172593,
        "Cost of goods sold": 150984,
        "Gross Profit": 21609,
        "Financial expenses": 3412,
        "Of which: Interest expense": 2980,
        "Cost of sales": 8354,
        "Enterprise cost management": 3542,
        "Total Operating Expenses": 15308,
        "Total revenue financing activities": 711,
        "Net profit from business activities": 7012,
        "Profit": -32,
        "Profit before tax": 6980,
        "Present corporate income tax expenses": 241,
        "Deferred income taxes expenses": "N/A",
        "The interests of minority shareholders": "N/A",
        "Total Cost of profits": 241,
        "Profit after tax corporate income": 6739,
        "Volume": 11390948,
        "Close of Quarter": 7.4,
        "EPS": 2102.7,
        "Non-adjusted EPS": 2963,
        "PE": 2.5,
        "Book Price": 14.8
      }
    },
    {
      "quarter": "Q1 2011",
      "income status": {
        "Net sales": 126342,
        "Cost of goods sold": 110779,
        "Gross Profit": 15563,
        "Financial expenses": 2702,
        "Of which: Interest expense": 2476,
        "Cost of sales": 9345,
        "Enterprise cost management": 2093,
        "Total Operating Expenses": 14140,
        "Total revenue financing activities": 2081,
        "Net profit from business activities": 3505,
        "Profit": -4,
        "Profit before tax": 3501,
        "Present corporate income tax expenses": 494,
        "Deferred income taxes expenses": "N/A",
        "The interests of minority shareholders": "N/A",
        "Total Cost of profits": 494,
        "Profit after tax corporate income": 3007,
        "Volume": 11390948,
        "Close of Quarter": 9.9,
        "EPS": 3007.5,
        "Non-adjusted EPS": 4238,
        "PE": 2.3,
        "Book Price": 14.5
      }
    }
  ]
}