{
  "ticker": "QBS",
  "data": [
    {
      "quarter": "Q4 2016",
      "income status": {
        "Net sales": 783800,
        "Cost of goods sold": 750992,
        "Gross Profit": 32808,
        "Financial expenses": 72761,
        "Of which: Interest expense": 15657,
        "Cost of sales": 3041,
        "Enterprise cost management": 3694,
        "Total Operating Expenses": 79496,
        "Total revenue financing activities": 28420,
        "Net profit from business activities": -18804,
        "Profit": 192,
        "Profit before tax": -18613,
        "Present corporate income tax expenses": -3931,
        "Deferred income taxes expenses": -252,
        "The interests of minority shareholders": -1,
        "Total Cost of profits": -4184,
        "Profit after tax corporate income": -14428,
        "Volume": 63999928,
        "Close of Quarter": 4.7,
        "EPS": 287.1,
        "Non-adjusted EPS": 311,
        "PE": 15.0,
        "Book Price": 11.4
      }
    },
    {
      "quarter": "Q3 2016",
      "income status": {
        "Net sales": 1014925,
        "Cost of goods sold": 968230,
        "Gross Profit": 46696,
        "Financial expenses": 11480,
        "Of which: Interest expense": 15087,
        "Cost of sales": 3970,
        "Enterprise cost management": 11787,
        "Total Operating Expenses": 27237,
        "Total revenue financing activities": 12660,
        "Net profit from business activities": 32120,
        "Profit": 173,
        "Profit before tax": 32293,
        "Present corporate income tax expenses": 5050,
        "Deferred income taxes expenses": "N/A",
        "The interests of minority shareholders": "N/A",
        "Total Cost of profits": 5050,
        "Profit after tax corporate income": 27243,
        "Volume": 63999928,
        "Close of Quarter": 6.1,
        "EPS": 633.3,
        "Non-adjusted EPS": 686,
        "PE": 8.9,
        "Book Price": 10.5
      }
    },
    {
      "quarter": "Q2 2016",
      "income status": {
        "Net sales": 1264356,
        "Cost of goods sold": 1221019,
        "Gross Profit": 43337,
        "Financial expenses": 57838,
        "Of which: Interest expense": 15224,
        "Cost of sales": 6610,
        "Enterprise cost management": 10885,
        "Total Operating Expenses": 75333,
        "Total revenue financing activities": 9306,
        "Net profit from business activities": -22690,
        "Profit": 250,
        "Profit before tax": -22440,
        "Present corporate income tax expenses": -2818,
        "Deferred income taxes expenses": -677,
        "The interests of minority shareholders": -318,
        "Total Cost of profits": -3813,
        "Profit after tax corporate income": -18627,
        "Volume": 63999928,
        "Close of Quarter": 8.8,
        "EPS": 615.7,
        "Non-adjusted EPS": 667,
        "PE": 13.2,
        "Book Price": 10.7
      }
    },
    {
      "quarter": "Q1 2016",
      "income status": {
        "Net sales": 1422610,
        "Cost of goods sold": 1356145,
        "Gross Profit": 66464,
        "Financial expenses": 17733,
        "Of which: Interest expense": 14564,
        "Cost of sales": 16680,
        "Enterprise cost management": 7544,
        "Total Operating Expenses": 41957,
        "Total revenue financing activities": 7058,
        "Net profit from business activities": 31565,
        "Profit": 519,
        "Profit before tax": 32084,
        "Present corporate income tax expenses": 6219,
        "Deferred income taxes expenses": 677,
        "The interests of minority shareholders": -542,
        "Total Cost of profits": 6354,
        "Profit after tax corporate income": 25730,
        "Volume": 63999928,
        "Close of Quarter": 7.9,
        "EPS": 1249.9,
        "Non-adjusted EPS": 1354,
        "PE": 5.8,
        "Book Price": 10.7
      }
    },
    {
      "quarter": "Q4 2015",
      "income status": {
        "Net sales": 746347,
        "Cost of goods sold": 689904,
        "Gross Profit": 56443,
        "Financial expenses": 21715,
        "Of which: Interest expense": 10688,
        "Cost of sales": 23836,
        "Enterprise cost management": 3652,
        "Total Operating Expenses": 49203,
        "Total revenue financing activities": 2034,
        "Net profit from business activities": 9274,
        "Profit": 3264,
        "Profit before tax": 12539,
        "Present corporate income tax expenses": 3192,
        "Deferred income taxes expenses": "N/A",
        "The interests of minority shareholders": -235,
        "Total Cost of profits": 2957,
        "Profit after tax corporate income": 9582,
        "Volume": 63999928,
        "Close of Quarter": 8.2,
        "EPS": 1152.1,
        "Non-adjusted EPS": 1248,
        "PE": 6.6,
        "Book Price": 11.2
      }
    },
    {
      "quarter": "Q3 2015",
      "income status": {
        "Net sales": 1147793,
        "Cost of goods sold": 1106188,
        "Gross Profit": 41605,
        "Financial expenses": 6884,
        "Of which: Interest expense": 6071,
        "Cost of sales": 3952,
        "Enterprise cost management": 2276,
        "Total Operating Expenses": 13112,
        "Total revenue financing activities": 3400,
        "Net profit from business activities": 31893,
        "Profit": 1384,
        "Profit before tax": 33278,
        "Present corporate income tax expenses": 7328,
        "Deferred income taxes expenses": "N/A",
        "The interests of minority shareholders": -1,
        "Total Cost of profits": 7327,
        "Profit after tax corporate income": 25980,
        "Volume": 32000000,
        "Close of Quarter": 9.1,
        "EPS": 1092.1,
        "Non-adjusted EPS": 2366,
        "PE": 3.9,
        "Book Price": 7.1
      }
    },
    {
      "quarter": "Q2 2015",
      "income status": {
        "Net sales": 855378,
        "Cost of goods sold": 797117,
        "Gross Profit": 58261,
        "Financial expenses": 11306,
        "Of which: Interest expense": 8011,
        "Cost of sales": 17254,
        "Enterprise cost management": 1495,
        "Total Operating Expenses": 30055,
        "Total revenue financing activities": 1831,
        "Net profit from business activities": 30038,
        "Profit": 2190,
        "Profit before tax": 32227,
        "Present corporate income tax expenses": 6837,
        "Deferred income taxes expenses": "N/A",
        "The interests of minority shareholders": 23,
        "Total Cost of profits": 6860,
        "Profit after tax corporate income": 25367,
        "Volume": 32000000,
        "Close of Quarter": 8.0,
        "EPS": 1007.1,
        "Non-adjusted EPS": 2182,
        "PE": 3.7,
        "Book Price": 6.7
      }
    },
    {
      "quarter": "Q1 2015",
      "income status": {
        "Net sales": 751598,
        "Cost of goods sold": 711348,
        "Gross Profit": 40249,
        "Financial expenses": 5866,
        "Of which: Interest expense": 4277,
        "Cost of sales": 9459,
        "Enterprise cost management": 2405,
        "Total Operating Expenses": 17730,
        "Total revenue financing activities": 2055,
        "Net profit from business activities": 24574,
        "Profit": -9,
        "Profit before tax": 24565,
        "Present corporate income tax expenses": 5635,
        "Deferred income taxes expenses": "N/A",
        "The interests of minority shareholders": -21,
        "Total Cost of profits": 5614,
        "Profit after tax corporate income": 18951,
        "Volume": 32000000,
        "Close of Quarter": 9.2,
        "EPS": 954.1,
        "Non-adjusted EPS": 2067,
        "PE": 4.5,
        "Book Price": 6.3
      }
    },
    {
      "quarter": "Q4 2014",
      "income status": {
        "Net sales": 1098132,
        "Cost of goods sold": 1063766,
        "Gross Profit": 34366,
        "Financial expenses": 6464,
        "Of which: Interest expense": 6433,
        "Cost of sales": 17494,
        "Enterprise cost management": 4072,
        "Total Operating Expenses": 28030,
        "Total revenue financing activities": 1280,
        "Net profit from business activities": 7616,
        "Profit": -372,
        "Profit before tax": 7244,
        "Present corporate income tax expenses": 1815,
        "Deferred income taxes expenses": "N/A",
        "The interests of minority shareholders": "N/A",
        "Total Cost of profits": 1815,
        "Profit after tax corporate income": 5429,
        "Volume": 32000000,
        "Close of Quarter": 10.9,
        "EPS": 946.7,
        "Non-adjusted EPS": 2051,
        "PE": 5.3,
        "Book Price": 6.1
      }
    },
    {
      "quarter": "Q3 2014",
      "income status": {
        "Net sales": 390914,
        "Cost of goods sold": 352704,
        "Gross Profit": 38210,
        "Financial expenses": 2472,
        "Of which: Interest expense": 2098,
        "Cost of sales": 9724,
        "Enterprise cost management": 2038,
        "Total Operating Expenses": 14234,
        "Total revenue financing activities": 2255,
        "Net profit from business activities": 26231,
        "Profit": -503,
        "Profit before tax": 25728,
        "Present corporate income tax expenses": 5661,
        "Deferred income taxes expenses": "N/A",
        "The interests of minority shareholders": "N/A",
        "Total Cost of profits": 5661,
        "Profit after tax corporate income": 20067,
        "Volume": 32000000,
        "Close of Quarter": "N/A",
        "EPS": 868.2,
        "Non-adjusted EPS": 1881,
        "PE": "N/A",
        "Book Price": 6.0
      }
    },
    {
      "quarter": "Q2 2014",
      "income status": {
        "Net sales": 680567,
        "Cost of goods sold": 637285,
        "Gross Profit": 43282,
        "Financial expenses": 4214,
        "Of which: Interest expense": 2528,
        "Cost of sales": 10407,
        "Enterprise cost management": 2455,
        "Total Operating Expenses": 17076,
        "Total revenue financing activities": 2112,
        "Net profit from business activities": 28319,
        "Profit": -516,
        "Profit before tax": 27803,
        "Present corporate income tax expenses": 6117,
        "Deferred income taxes expenses": "N/A",
        "The interests of minority shareholders": "N/A",
        "Total Cost of profits": 6117,
        "Profit after tax corporate income": 21687,
        "Volume": 32000000,
        "Close of Quarter": "N/A",
        "EPS": 578.8,
        "Non-adjusted EPS": 1254,
        "PE": "N/A",
        "Book Price": 5.7
      }
    },
    {
      "quarter": "Q1 2014",
      "income status": {
        "Net sales": 485430,
        "Cost of goods sold": 450110,
        "Gross Profit": 35320,
        "Financial expenses": 2391,
        "Of which: Interest expense": 2323,
        "Cost of sales": 7863,
        "Enterprise cost management": 1991,
        "Total Operating Expenses": 12245,
        "Total revenue financing activities": 444,
        "Net profit from business activities": 23519,
        "Profit": 122,
        "Profit before tax": 23641,
        "Present corporate income tax expenses": 5201,
        "Deferred income taxes expenses": "N/A",
        "The interests of minority shareholders": "N/A",
        "Total Cost of profits": 5201,
        "Profit after tax corporate income": 18440,
        "Volume": 32000000,
        "Close of Quarter": "N/A",
        "EPS": 265.9,
        "Non-adjusted EPS": 576,
        "PE": "N/A",
        "Book Price": 1.6
      }
    }
  ]
}