{
  "ticker": "DGL",
  "data": [
    {
      "quarter": "Q4 2016",
      "income status": {
        "Net sales": 661708,
        "Cost of goods sold": 609931,
        "Gross Profit": 51776,
        "Financial expenses": 9664,
        "Of which: Interest expense": 1551,
        "Cost of sales": 25841,
        "Enterprise cost management": 6129,
        "Total Operating Expenses": 41634,
        "Total revenue financing activities": 7391,
        "Net profit from business activities": 17533,
        "Profit": -248,
        "Profit before tax": 17285,
        "Present corporate income tax expenses": 4542,
        "Deferred income taxes expenses": "N/A",
        "The interests of minority shareholders": "N/A",
        "Total Cost of profits": 4542,
        "Profit after tax corporate income": 12743,
        "Volume": 46399888,
        "Close of Quarter": 37.8,
        "EPS": 3648,
        "Non-adjusted EPS": 3648,
        "PE": 10.4,
        "Book Price": 17.6
      }
    },
    {
      "quarter": "Q3 2016",
      "income status": {
        "Net sales": 485567,
        "Cost of goods sold": 429042,
        "Gross Profit": 56526,
        "Financial expenses": 1501,
        "Of which: Interest expense": 2616,
        "Cost of sales": 18346,
        "Enterprise cost management": 4405,
        "Total Operating Expenses": 24252,
        "Total revenue financing activities": 5523,
        "Net profit from business activities": 37795,
        "Profit": -13,
        "Profit before tax": 37782,
        "Present corporate income tax expenses": 1974,
        "Deferred income taxes expenses": "N/A",
        "The interests of minority shareholders": "N/A",
        "Total Cost of profits": 1974,
        "Profit after tax corporate income": 35808,
        "Volume": 46399888,
        "Close of Quarter": 48.2,
        "EPS": 4583,
        "Non-adjusted EPS": 4583,
        "PE": 10.5,
        "Book Price": 17.3
      }
    },
    {
      "quarter": "Q2 2016",
      "income status": {
        "Net sales": 486994,
        "Cost of goods sold": 404574,
        "Gross Profit": 82420,
        "Financial expenses": 4525,
        "Of which: Interest expense": 1362,
        "Cost of sales": 21151,
        "Enterprise cost management": 2880,
        "Total Operating Expenses": 28556,
        "Total revenue financing activities": 7505,
        "Net profit from business activities": 61368,
        "Profit": "N/A",
        "Profit before tax": 61368,
        "Present corporate income tax expenses": 3007,
        "Deferred income taxes expenses": "N/A",
        "The interests of minority shareholders": "N/A",
        "Total Cost of profits": 3007,
        "Profit after tax corporate income": 58361,
        "Volume": 46399888,
        "Close of Quarter": 42.2,
        "EPS": 5160,
        "Non-adjusted EPS": 5160,
        "PE": 8.2,
        "Book Price": 16.6
      }
    },
    {
      "quarter": "Q1 2016",
      "income status": {
        "Net sales": 518124,
        "Cost of goods sold": 436417,
        "Gross Profit": 81707,
        "Financial expenses": 2265,
        "Of which: Interest expense": 1211,
        "Cost of sales": 18484,
        "Enterprise cost management": 3190,
        "Total Operating Expenses": 23939,
        "Total revenue financing activities": 7463,
        "Net profit from business activities": 65232,
        "Profit": "N/A",
        "Profit before tax": 65232,
        "Present corporate income tax expenses": 2893,
        "Deferred income taxes expenses": "N/A",
        "The interests of minority shareholders": "N/A",
        "Total Cost of profits": 2893,
        "Profit after tax corporate income": 62339,
        "Volume": 46399888,
        "Close of Quarter": 40.2,
        "EPS": 5049,
        "Non-adjusted EPS": 5049,
        "PE": 8.0,
        "Book Price": 15.3
      }
    },
    {
      "quarter": "Q4 2015",
      "income status": {
        "Net sales": 556021,
        "Cost of goods sold": 464338,
        "Gross Profit": 91683,
        "Financial expenses": 11821,
        "Of which: Interest expense": 1433,
        "Cost of sales": 22287,
        "Enterprise cost management": 2912,
        "Total Operating Expenses": 37020,
        "Total revenue financing activities": 6029,
        "Net profit from business activities": 60691,
        "Profit": -90,
        "Profit before tax": 60601,
        "Present corporate income tax expenses": 4480,
        "Deferred income taxes expenses": "N/A",
        "The interests of minority shareholders": "N/A",
        "Total Cost of profits": 4480,
        "Profit after tax corporate income": 56122,
        "Volume": 46399888,
        "Close of Quarter": 40.3,
        "EPS": 4479,
        "Non-adjusted EPS": 4479,
        "PE": 9.0,
        "Book Price": 18.2
      }
    },
    {
      "quarter": "Q3 2015",
      "income status": {
        "Net sales": 476812,
        "Cost of goods sold": 386811,
        "Gross Profit": 90001,
        "Financial expenses": 5644,
        "Of which: Interest expense": 1634,
        "Cost of sales": 19341,
        "Enterprise cost management": 5385,
        "Total Operating Expenses": 30370,
        "Total revenue financing activities": 8761,
        "Net profit from business activities": 68392,
        "Profit": -8,
        "Profit before tax": 68384,
        "Present corporate income tax expenses": 5805,
        "Deferred income taxes expenses": "N/A",
        "The interests of minority shareholders": "N/A",
        "Total Cost of profits": 5805,
        "Profit after tax corporate income": 62580,
        "Volume": 46399888,
        "Close of Quarter": "N/A",
        "EPS": 4602,
        "Non-adjusted EPS": 4602,
        "PE": "N/A",
        "Book Price": 17
      }
    },
    {
      "quarter": "Q3 2014",
      "income status": {
        "Net sales": 484979,
        "Cost of goods sold": 405954,
        "Gross Profit": 79025,
        "Financial expenses": 4581,
        "Of which: Interest expense": 3452,
        "Cost of sales": 18280,
        "Enterprise cost management": 3709,
        "Total Operating Expenses": 26570,
        "Total revenue financing activities": 8176,
        "Net profit from business activities": 60630,
        "Profit": -38,
        "Profit before tax": 60592,
        "Present corporate income tax expenses": 7371,
        "Deferred income taxes expenses": "N/A",
        "The interests of minority shareholders": "N/A",
        "Total Cost of profits": 7371,
        "Profit after tax corporate income": 53221,
        "Volume": 46399888,
        "Close of Quarter": "N/A",
        "EPS": 5087,
        "Non-adjusted EPS": 5087,
        "PE": "N/A",
        "Book Price": 16.1
      }
    },
    {
      "quarter": "Q2 2014",
      "income status": {
        "Net sales": 420992,
        "Cost of goods sold": 361085,
        "Gross Profit": 59906,
        "Financial expenses": 8819,
        "Of which: Interest expense": 2625,
        "Cost of sales": 17158,
        "Enterprise cost management": 3881,
        "Total Operating Expenses": 29858,
        "Total revenue financing activities": 10756,
        "Net profit from business activities": 40805,
        "Profit": -60,
        "Profit before tax": 40745,
        "Present corporate income tax expenses": 4855,
        "Deferred income taxes expenses": "N/A",
        "The interests of minority shareholders": "N/A",
        "Total Cost of profits": 4855,
        "Profit after tax corporate income": 35890,
        "Volume": 46399888,
        "Close of Quarter": "N/A",
        "EPS": 3940,
        "Non-adjusted EPS": 3940,
        "PE": "N/A",
        "Book Price": 15
      }
    },
    {
      "quarter": "Q1 2014",
      "income status": {
        "Net sales": 401347,
        "Cost of goods sold": 316469,
        "Gross Profit": 84878,
        "Financial expenses": 1777,
        "Of which: Interest expense": 1498,
        "Cost of sales": 15158,
        "Enterprise cost management": 3034,
        "Total Operating Expenses": 19969,
        "Total revenue financing activities": 6511,
        "Net profit from business activities": 71419,
        "Profit": -56,
        "Profit before tax": 71364,
        "Present corporate income tax expenses": 9518,
        "Deferred income taxes expenses": "N/A",
        "The interests of minority shareholders": "N/A",
        "Total Cost of profits": 9518,
        "Profit after tax corporate income": 61845,
        "Volume": 46399888,
        "Close of Quarter": "N/A",
        "EPS": 3166,
        "Non-adjusted EPS": 3166,
        "PE": "N/A",
        "Book Price": "N/A"
      }
    },
    {
      "quarter": "Q3 2013",
      "income status": {
        "Net sales": 435565,
        "Cost of goods sold": 329973,
        "Gross Profit": 105592,
        "Financial expenses": 2445,
        "Of which: Interest expense": 1229,
        "Cost of sales": 16954,
        "Enterprise cost management": 2273,
        "Total Operating Expenses": 21672,
        "Total revenue financing activities": 8159,
        "Net profit from business activities": 92078,
        "Profit": "N/A",
        "Profit before tax": 92078,
        "Present corporate income tax expenses": 7011,
        "Deferred income taxes expenses": "N/A",
        "The interests of minority shareholders": "N/A",
        "Total Cost of profits": 7011,
        "Profit after tax corporate income": 85067,
        "Volume": 46399888,
        "Close of Quarter": "N/A",
        "EPS": 1833,
        "Non-adjusted EPS": 1833,
        "PE": "N/A",
        "Book Price": "N/A"
      }
    }
  ]
}