{
  "ticker": "SFN",
  "data": [
    {
      "quarter": "Q4 2016",
      "income status": {
        "Net sales": 38308,
        "Cost of goods sold": 32622,
        "Gross Profit": 5687,
        "Financial expenses": "N/A",
        "Of which: Interest expense": "N/A",
        "Cost of sales": 547,
        "Enterprise cost management": 2272,
        "Total Operating Expenses": 2819,
        "Total revenue financing activities": 17,
        "Net profit from business activities": 2885,
        "Profit": 7,
        "Profit before tax": 2892,
        "Present corporate income tax expenses": 578,
        "Deferred income taxes expenses": "N/A",
        "The interests of minority shareholders": "N/A",
        "Total Cost of profits": 578,
        "Profit after tax corporate income": 2313,
        "Volume": 2894150,
        "Close of Quarter": 29.1,
        "EPS": 3797,
        "Non-adjusted EPS": 3797,
        "PE": 7.7,
        "Book Price": 17.6
      }
    },
    {
      "quarter": "Q3 2016",
      "income status": {
        "Net sales": 36598,
        "Cost of goods sold": 30465,
        "Gross Profit": 6132,
        "Financial expenses": "N/A",
        "Of which: Interest expense": "N/A",
        "Cost of sales": 486,
        "Enterprise cost management": 2258,
        "Total Operating Expenses": 2744,
        "Total revenue financing activities": 10,
        "Net profit from business activities": 3398,
        "Profit": "N/A",
        "Profit before tax": 3398,
        "Present corporate income tax expenses": 680,
        "Deferred income taxes expenses": "N/A",
        "The interests of minority shareholders": "N/A",
        "Total Cost of profits": 680,
        "Profit after tax corporate income": 2718,
        "Volume": 2894150,
        "Close of Quarter": 25.8,
        "EPS": 4227,
        "Non-adjusted EPS": 4227,
        "PE": 6.1,
        "Book Price": 17.6
      }
    },
    {
      "quarter": "Q2 2016",
      "income status": {
        "Net sales": 35357,
        "Cost of goods sold": 30131,
        "Gross Profit": 5225,
        "Financial expenses": 1,
        "Of which: Interest expense": "N/A",
        "Cost of sales": 459,
        "Enterprise cost management": 1432,
        "Total Operating Expenses": 1892,
        "Total revenue financing activities": 6,
        "Net profit from business activities": 3340,
        "Profit": 22,
        "Profit before tax": 3362,
        "Present corporate income tax expenses": 591,
        "Deferred income taxes expenses": "N/A",
        "The interests of minority shareholders": "N/A",
        "Total Cost of profits": 591,
        "Profit after tax corporate income": 2771,
        "Volume": 2894150,
        "Close of Quarter": 25.1,
        "EPS": 4411,
        "Non-adjusted EPS": 4411,
        "PE": 5.7,
        "Book Price": 16.7
      }
    },
    {
      "quarter": "Q1 2016",
      "income status": {
        "Net sales": 35020,
        "Cost of goods sold": 28261,
        "Gross Profit": 6758,
        "Financial expenses": 5,
        "Of which: Interest expense": 4,
        "Cost of sales": 493,
        "Enterprise cost management": 2193,
        "Total Operating Expenses": 2691,
        "Total revenue financing activities": 17,
        "Net profit from business activities": 4084,
        "Profit": "N/A",
        "Profit before tax": 4084,
        "Present corporate income tax expenses": 896,
        "Deferred income taxes expenses": "N/A",
        "The interests of minority shareholders": "N/A",
        "Total Cost of profits": 896,
        "Profit after tax corporate income": 3188,
        "Volume": 2894150,
        "Close of Quarter": 16.2,
        "EPS": 4146,
        "Non-adjusted EPS": 4146,
        "PE": 3.9,
        "Book Price": 16.8
      }
    },
    {
      "quarter": "Q4 2015",
      "income status": {
        "Net sales": 42501,
        "Cost of goods sold": 35624,
        "Gross Profit": 6877,
        "Financial expenses": 23,
        "Of which: Interest expense": 21,
        "Cost of sales": 560,
        "Enterprise cost management": 1745,
        "Total Operating Expenses": 2328,
        "Total revenue financing activities": 12,
        "Net profit from business activities": 4561,
        "Profit": "N/A",
        "Profit before tax": 4561,
        "Present corporate income tax expenses": 1003,
        "Deferred income taxes expenses": "N/A",
        "The interests of minority shareholders": "N/A",
        "Total Cost of profits": 1003,
        "Profit after tax corporate income": 3557,
        "Volume": 2894150,
        "Close of Quarter": 15.0,
        "EPS": 3424,
        "Non-adjusted EPS": 3424,
        "PE": 4.4,
        "Book Price": 17.6
      }
    },
    {
      "quarter": "Q3 2015",
      "income status": {
        "Net sales": 42898,
        "Cost of goods sold": 35650,
        "Gross Profit": 7248,
        "Financial expenses": 95,
        "Of which: Interest expense": 94,
        "Cost of sales": 562,
        "Enterprise cost management": 2428,
        "Total Operating Expenses": 3085,
        "Total revenue financing activities": 3,
        "Net profit from business activities": 4166,
        "Profit": "N/A",
        "Profit before tax": 4166,
        "Present corporate income tax expenses": 916,
        "Deferred income taxes expenses": "N/A",
        "The interests of minority shareholders": "N/A",
        "Total Cost of profits": 916,
        "Profit after tax corporate income": 3249,
        "Volume": 2894150,
        "Close of Quarter": 19.8,
        "EPS": 2896,
        "Non-adjusted EPS": 2896,
        "PE": 6.9,
        "Book Price": 17.3
      }
    },
    {
      "quarter": "Q2 2015",
      "income status": {
        "Net sales": 40360,
        "Cost of goods sold": 34880,
        "Gross Profit": 5480,
        "Financial expenses": 320,
        "Of which: Interest expense": 320,
        "Cost of sales": 575,
        "Enterprise cost management": 2054,
        "Total Operating Expenses": 2949,
        "Total revenue financing activities": 10,
        "Net profit from business activities": 2541,
        "Profit": 31,
        "Profit before tax": 2572,
        "Present corporate income tax expenses": 566,
        "Deferred income taxes expenses": "N/A",
        "The interests of minority shareholders": "N/A",
        "Total Cost of profits": 566,
        "Profit after tax corporate income": 2006,
        "Volume": 2894150,
        "Close of Quarter": 13.8,
        "EPS": 2570,
        "Non-adjusted EPS": 2570,
        "PE": 5.4,
        "Book Price": 16.2
      }
    },
    {
      "quarter": "Q1 2015",
      "income status": {
        "Net sales": 35650,
        "Cost of goods sold": 32230,
        "Gross Profit": 3420,
        "Financial expenses": 365,
        "Of which: Interest expense": 336,
        "Cost of sales": 434,
        "Enterprise cost management": 1245,
        "Total Operating Expenses": 2044,
        "Total revenue financing activities": 30,
        "Net profit from business activities": 1406,
        "Profit": "N/A",
        "Profit before tax": 1406,
        "Present corporate income tax expenses": 307,
        "Deferred income taxes expenses": "N/A",
        "The interests of minority shareholders": "N/A",
        "Total Cost of profits": 307,
        "Profit after tax corporate income": 1099,
        "Volume": 2894150,
        "Close of Quarter": 14.2,
        "EPS": 2654,
        "Non-adjusted EPS": 2654,
        "PE": 5.4,
        "Book Price": 15.5
      }
    },
    {
      "quarter": "Q4 2014",
      "income status": {
        "Net sales": 43331,
        "Cost of goods sold": 38482,
        "Gross Profit": 4849,
        "Financial expenses": 380,
        "Of which: Interest expense": 375,
        "Cost of sales": 587,
        "Enterprise cost management": 1414,
        "Total Operating Expenses": 2381,
        "Total revenue financing activities": 22,
        "Net profit from business activities": 2490,
        "Profit": 109,
        "Profit before tax": 2599,
        "Present corporate income tax expenses": 572,
        "Deferred income taxes expenses": "N/A",
        "The interests of minority shareholders": "N/A",
        "Total Cost of profits": 572,
        "Profit after tax corporate income": 2027,
        "Volume": 2894150,
        "Close of Quarter": 12.8,
        "EPS": 3032,
        "Non-adjusted EPS": 3032,
        "PE": 4.2,
        "Book Price": 16.6
      }
    },
    {
      "quarter": "Q3 2014",
      "income status": {
        "Net sales": 45255,
        "Cost of goods sold": 39709,
        "Gross Profit": 5546,
        "Financial expenses": 526,
        "Of which: Interest expense": 508,
        "Cost of sales": 548,
        "Enterprise cost management": 1526,
        "Total Operating Expenses": 2600,
        "Total revenue financing activities": 10,
        "Net profit from business activities": 2956,
        "Profit": "N/A",
        "Profit before tax": 2956,
        "Present corporate income tax expenses": 650,
        "Deferred income taxes expenses": "N/A",
        "The interests of minority shareholders": "N/A",
        "Total Cost of profits": 650,
        "Profit after tax corporate income": 2306,
        "Volume": 2894150,
        "Close of Quarter": 12.4,
        "EPS": 2869,
        "Non-adjusted EPS": 2869,
        "PE": 4.3,
        "Book Price": 16.5
      }
    },
    {
      "quarter": "Q2 2014",
      "income status": {
        "Net sales": 45492,
        "Cost of goods sold": 39482,
        "Gross Profit": 6010,
        "Financial expenses": 645,
        "Of which: Interest expense": 643,
        "Cost of sales": 601,
        "Enterprise cost management": 2076,
        "Total Operating Expenses": 3322,
        "Total revenue financing activities": 48,
        "Net profit from business activities": 2736,
        "Profit": 148,
        "Profit before tax": 2884,
        "Present corporate income tax expenses": 634,
        "Deferred income taxes expenses": "N/A",
        "The interests of minority shareholders": "N/A",
        "Total Cost of profits": 634,
        "Profit after tax corporate income": 2250,
        "Volume": 2894150,
        "Close of Quarter": 12.8,
        "EPS": 2721,
        "Non-adjusted EPS": 2721,
        "PE": 4.7,
        "Book Price": 16.2
      }
    },
    {
      "quarter": "Q1 2014",
      "income status": {
        "Net sales": 45269,
        "Cost of goods sold": 39820,
        "Gross Profit": 5449,
        "Financial expenses": 652,
        "Of which: Interest expense": 646,
        "Cost of sales": 573,
        "Enterprise cost management": 1438,
        "Total Operating Expenses": 2663,
        "Total revenue financing activities": 17,
        "Net profit from business activities": 2804,
        "Profit": 2,
        "Profit before tax": 2805,
        "Present corporate income tax expenses": 614,
        "Deferred income taxes expenses": "N/A",
        "The interests of minority shareholders": "N/A",
        "Total Cost of profits": 614,
        "Profit after tax corporate income": 2191,
        "Volume": 2894150,
        "Close of Quarter": 12.3,
        "EPS": 2610,
        "Non-adjusted EPS": 2610,
        "PE": 4.7,
        "Book Price": 15.5
      }
    },
    {
      "quarter": "Q4 2013",
      "income status": {
        "Net sales": 47066,
        "Cost of goods sold": 41866,
        "Gross Profit": 5200,
        "Financial expenses": 637,
        "Of which: Interest expense": 622,
        "Cost of sales": 683,
        "Enterprise cost management": 1811,
        "Total Operating Expenses": 3131,
        "Total revenue financing activities": 5,
        "Net profit from business activities": 2074,
        "Profit": 2,
        "Profit before tax": 2076,
        "Present corporate income tax expenses": 519,
        "Deferred income taxes expenses": "N/A",
        "The interests of minority shareholders": "N/A",
        "Total Cost of profits": 519,
        "Profit after tax corporate income": 1557,
        "Volume": 2894150,
        "Close of Quarter": 10.2,
        "EPS": 2526,
        "Non-adjusted EPS": 2526,
        "PE": 4.0,
        "Book Price": 16
      }
    },
    {
      "quarter": "Q3 2013",
      "income status": {
        "Net sales": 44601,
        "Cost of goods sold": 39775,
        "Gross Profit": 4826,
        "Financial expenses": 538,
        "Of which: Interest expense": 517,
        "Cost of sales": 398,
        "Enterprise cost management": 1584,
        "Total Operating Expenses": 2520,
        "Total revenue financing activities": 4,
        "Net profit from business activities": 2310,
        "Profit": 194,
        "Profit before tax": 2504,
        "Present corporate income tax expenses": 626,
        "Deferred income taxes expenses": "N/A",
        "The interests of minority shareholders": "N/A",
        "Total Cost of profits": 626,
        "Profit after tax corporate income": 1878,
        "Volume": 2894150,
        "Close of Quarter": 8.4,
        "EPS": 2435,
        "Non-adjusted EPS": 2435,
        "PE": 3.5,
        "Book Price": 16.4
      }
    },
    {
      "quarter": "Q2 2013",
      "income status": {
        "Net sales": 43891,
        "Cost of goods sold": 38447,
        "Gross Profit": 5443,
        "Financial expenses": 514,
        "Of which: Interest expense": 512,
        "Cost of sales": 610,
        "Enterprise cost management": 1796,
        "Total Operating Expenses": 2920,
        "Total revenue financing activities": 43,
        "Net profit from business activities": 2567,
        "Profit": 5,
        "Profit before tax": 2573,
        "Present corporate income tax expenses": 643,
        "Deferred income taxes expenses": "N/A",
        "The interests of minority shareholders": "N/A",
        "Total Cost of profits": 643,
        "Profit after tax corporate income": 1929,
        "Volume": 2894150,
        "Close of Quarter": 8.4,
        "EPS": 2364,
        "Non-adjusted EPS": 2364,
        "PE": 3.6,
        "Book Price": 15.8
      }
    },
    {
      "quarter": "Q1 2013",
      "income status": {
        "Net sales": 46375,
        "Cost of goods sold": 40304,
        "Gross Profit": 6071,
        "Financial expenses": 683,
        "Of which: Interest expense": 653,
        "Cost of sales": 516,
        "Enterprise cost management": 2300,
        "Total Operating Expenses": 3499,
        "Total revenue financing activities": 24,
        "Net profit from business activities": 2595,
        "Profit": "N/A",
        "Profit before tax": 2595,
        "Present corporate income tax expenses": 649,
        "Deferred income taxes expenses": "N/A",
        "The interests of minority shareholders": "N/A",
        "Total Cost of profits": 649,
        "Profit after tax corporate income": 1946,
        "Volume": 2894150,
        "Close of Quarter": 8.1,
        "EPS": 2311,
        "Non-adjusted EPS": 2311,
        "PE": 3.5,
        "Book Price": 15.4
      }
    },
    {
      "quarter": "Q4 2012",
      "income status": {
        "Net sales": 45572,
        "Cost of goods sold": 39293,
        "Gross Profit": 6280,
        "Financial expenses": 660,
        "Of which: Interest expense": 640,
        "Cost of sales": 518,
        "Enterprise cost management": 3404,
        "Total Operating Expenses": 4582,
        "Total revenue financing activities": 24,
        "Net profit from business activities": 1721,
        "Profit": "N/A",
        "Profit before tax": 1721,
        "Present corporate income tax expenses": 428,
        "Deferred income taxes expenses": "N/A",
        "The interests of minority shareholders": "N/A",
        "Total Cost of profits": 428,
        "Profit after tax corporate income": 1293,
        "Volume": 2894150,
        "Close of Quarter": 6.1,
        "EPS": 2233,
        "Non-adjusted EPS": 2233,
        "PE": 2.7,
        "Book Price": 15.6
      }
    },
    {
      "quarter": "Q3 2012",
      "income status": {
        "Net sales": 41401,
        "Cost of goods sold": 36173,
        "Gross Profit": 5228,
        "Financial expenses": 416,
        "Of which: Interest expense": 405,
        "Cost of sales": 466,
        "Enterprise cost management": 2252,
        "Total Operating Expenses": 3134,
        "Total revenue financing activities": 16,
        "Net profit from business activities": 2109,
        "Profit": 121,
        "Profit before tax": 2230,
        "Present corporate income tax expenses": 558,
        "Deferred income taxes expenses": "N/A",
        "The interests of minority shareholders": "N/A",
        "Total Cost of profits": 558,
        "Profit after tax corporate income": 1673,
        "Volume": 2894150,
        "Close of Quarter": 5.0,
        "EPS": 2041,
        "Non-adjusted EPS": 2041,
        "PE": 2.5,
        "Book Price": 15.4
      }
    },
    {
      "quarter": "Q2 2012",
      "income status": {
        "Net sales": 42053,
        "Cost of goods sold": 36432,
        "Gross Profit": 5620,
        "Financial expenses": 583,
        "Of which: Interest expense": 457,
        "Cost of sales": 731,
        "Enterprise cost management": 1963,
        "Total Operating Expenses": 3277,
        "Total revenue financing activities": 23,
        "Net profit from business activities": 2366,
        "Profit": "N/A",
        "Profit before tax": 2366,
        "Present corporate income tax expenses": 592,
        "Deferred income taxes expenses": "N/A",
        "The interests of minority shareholders": "N/A",
        "Total Cost of profits": 592,
        "Profit after tax corporate income": 1775,
        "Volume": 2894150,
        "Close of Quarter": 5.8,
        "EPS": 1895,
        "Non-adjusted EPS": 1895,
        "PE": 3.1,
        "Book Price": 15.4
      }
    },
    {
      "quarter": "Q1 2012",
      "income status": {
        "Net sales": 44476,
        "Cost of goods sold": 39471,
        "Gross Profit": 5005,
        "Financial expenses": 657,
        "Of which: Interest expense": 514,
        "Cost of sales": 300,
        "Enterprise cost management": 1980,
        "Total Operating Expenses": 2937,
        "Total revenue financing activities": 228,
        "Net profit from business activities": 2296,
        "Profit": "N/A",
        "Profit before tax": 2296,
        "Present corporate income tax expenses": 574,
        "Deferred income taxes expenses": "N/A",
        "The interests of minority shareholders": "N/A",
        "Total Cost of profits": 574,
        "Profit after tax corporate income": 1722,
        "Volume": 2894150,
        "Close of Quarter": 5.0,
        "EPS": 1964,
        "Non-adjusted EPS": 1964,
        "PE": 2.6,
        "Book Price": 15.1
      }
    },
    {
      "quarter": "Q4 2011",
      "income status": {
        "Net sales": 46838,
        "Cost of goods sold": 42990,
        "Gross Profit": 3848,
        "Financial expenses": 728,
        "Of which: Interest expense": 542,
        "Cost of sales": 397,
        "Enterprise cost management": 1900,
        "Total Operating Expenses": 3025,
        "Total revenue financing activities": 48,
        "Net profit from business activities": 870,
        "Profit": 111,
        "Profit before tax": 981,
        "Present corporate income tax expenses": 245,
        "Deferred income taxes expenses": "N/A",
        "The interests of minority shareholders": "N/A",
        "Total Cost of profits": 245,
        "Profit after tax corporate income": 736,
        "Volume": 2894150,
        "Close of Quarter": 4.5,
        "EPS": 1964,
        "Non-adjusted EPS": 1964,
        "PE": 2.3,
        "Book Price": 15.5
      }
    },
    {
      "quarter": "Q3 2011",
      "income status": {
        "Net sales": 47935,
        "Cost of goods sold": 42911,
        "Gross Profit": 5024,
        "Financial expenses": 759,
        "Of which: Interest expense": 478,
        "Cost of sales": 601,
        "Enterprise cost management": 2045,
        "Total Operating Expenses": 3405,
        "Total revenue financing activities": 50,
        "Net profit from business activities": 1669,
        "Profit": "N/A",
        "Profit before tax": 1669,
        "Present corporate income tax expenses": 417,
        "Deferred income taxes expenses": "N/A",
        "The interests of minority shareholders": "N/A",
        "Total Cost of profits": 417,
        "Profit after tax corporate income": 1252,
        "Volume": 2894150,
        "Close of Quarter": 4.5,
        "EPS": 2065,
        "Non-adjusted EPS": 2065,
        "PE": 2.2,
        "Book Price": 15.9
      }
    },
    {
      "quarter": "Q2 2011",
      "income status": {
        "Net sales": 40772,
        "Cost of goods sold": 35761,
        "Gross Profit": 5011,
        "Financial expenses": 519,
        "Of which: Interest expense": 436,
        "Cost of sales": 390,
        "Enterprise cost management": 2129,
        "Total Operating Expenses": 3038,
        "Total revenue financing activities": 389,
        "Net profit from business activities": 2362,
        "Profit": 271,
        "Profit before tax": 2633,
        "Present corporate income tax expenses": 658,
        "Deferred income taxes expenses": "N/A",
        "The interests of minority shareholders": "N/A",
        "Total Cost of profits": 658,
        "Profit after tax corporate income": 1975,
        "Volume": 2924550,
        "Close of Quarter": 4.6,
        "EPS": 1862.4,
        "Non-adjusted EPS": 1843,
        "PE": 2.5,
        "Book Price": 15.7
      }
    },
    {
      "quarter": "Q1 2011",
      "income status": {
        "Net sales": 44534,
        "Cost of goods sold": 38506,
        "Gross Profit": 6028,
        "Financial expenses": 1545,
        "Of which: Interest expense": 342,
        "Cost of sales": 419,
        "Enterprise cost management": 2191,
        "Total Operating Expenses": 4155,
        "Total revenue financing activities": 422,
        "Net profit from business activities": 2294,
        "Profit": "N/A",
        "Profit before tax": 2294,
        "Present corporate income tax expenses": 574,
        "Deferred income taxes expenses": "N/A",
        "The interests of minority shareholders": "N/A",
        "Total Cost of profits": 574,
        "Profit after tax corporate income": 1721,
        "Volume": 2924550,
        "Close of Quarter": 5.7,
        "EPS": 1752.2,
        "Non-adjusted EPS": 1734,
        "PE": 3.3,
        "Book Price": 15.0
      }
    }
  ]
}