{
  "ticker": "CTB",
  "data": [
    {
      "quarter": "Q4 2016",
      "income status": {
        "Net sales": 96180,
        "Cost of goods sold": 71632,
        "Gross Profit": 24548,
        "Financial expenses": 1407,
        "Of which: Interest expense": 1200,
        "Cost of sales": 9378,
        "Enterprise cost management": 10805,
        "Total Operating Expenses": 21590,
        "Total revenue financing activities": 225,
        "Net profit from business activities": 3182,
        "Profit": 4109,
        "Profit before tax": 7291,
        "Present corporate income tax expenses": 1748,
        "Deferred income taxes expenses": "N/A",
        "The interests of minority shareholders": "N/A",
        "Total Cost of profits": 1748,
        "Profit after tax corporate income": 5543,
        "Volume": 3500000,
        "Close of Quarter": 20,
        "EPS": 3786,
        "Non-adjusted EPS": 3786,
        "PE": 5.3,
        "Book Price": 21.5
      }
    },
    {
      "quarter": "Q3 2016",
      "income status": {
        "Net sales": 84433,
        "Cost of goods sold": 63661,
        "Gross Profit": 20771,
        "Financial expenses": 1293,
        "Of which: Interest expense": 1185,
        "Cost of sales": 7622,
        "Enterprise cost management": 6651,
        "Total Operating Expenses": 15566,
        "Total revenue financing activities": 6,
        "Net profit from business activities": 5211,
        "Profit": -138,
        "Profit before tax": 5073,
        "Present corporate income tax expenses": 1194,
        "Deferred income taxes expenses": "N/A",
        "The interests of minority shareholders": "N/A",
        "Total Cost of profits": 1194,
        "Profit after tax corporate income": 3879,
        "Volume": 3500000,
        "Close of Quarter": 16.6,
        "EPS": 2654,
        "Non-adjusted EPS": 2654,
        "PE": 6.3,
        "Book Price": 22
      }
    },
    {
      "quarter": "Q2 2016",
      "income status": {
        "Net sales": 80655,
        "Cost of goods sold": 61942,
        "Gross Profit": 18712,
        "Financial expenses": 1344,
        "Of which: Interest expense": 1211,
        "Cost of sales": 6261,
        "Enterprise cost management": 7937,
        "Total Operating Expenses": 15542,
        "Total revenue financing activities": 150,
        "Net profit from business activities": 3320,
        "Profit": -47,
        "Profit before tax": 3273,
        "Present corporate income tax expenses": 785,
        "Deferred income taxes expenses": "N/A",
        "The interests of minority shareholders": "N/A",
        "Total Cost of profits": 785,
        "Profit after tax corporate income": 2488,
        "Volume": 3500000,
        "Close of Quarter": 17.6,
        "EPS": 2420,
        "Non-adjusted EPS": 2420,
        "PE": 7.3,
        "Book Price": 22
      }
    },
    {
      "quarter": "Q1 2016",
      "income status": {
        "Net sales": 72812,
        "Cost of goods sold": 56836,
        "Gross Profit": 15976,
        "Financial expenses": 1724,
        "Of which: Interest expense": 1306,
        "Cost of sales": 5672,
        "Enterprise cost management": 6762,
        "Total Operating Expenses": 14158,
        "Total revenue financing activities": 19,
        "Net profit from business activities": 1838,
        "Profit": 100,
        "Profit before tax": 1938,
        "Present corporate income tax expenses": 598,
        "Deferred income taxes expenses": "N/A",
        "The interests of minority shareholders": "N/A",
        "Total Cost of profits": 598,
        "Profit after tax corporate income": 1340,
        "Volume": 3500000,
        "Close of Quarter": 19.6,
        "EPS": 2661,
        "Non-adjusted EPS": 2661,
        "PE": 7.4,
        "Book Price": 21.3
      }
    },
    {
      "quarter": "Q4 2015",
      "income status": {
        "Net sales": 116092,
        "Cost of goods sold": 94931,
        "Gross Profit": 21161,
        "Financial expenses": 1551,
        "Of which: Interest expense": 1484,
        "Cost of sales": 8509,
        "Enterprise cost management": 8905,
        "Total Operating Expenses": 18965,
        "Total revenue financing activities": 106,
        "Net profit from business activities": 2301,
        "Profit": 303,
        "Profit before tax": 2604,
        "Present corporate income tax expenses": 1021,
        "Deferred income taxes expenses": "N/A",
        "The interests of minority shareholders": "N/A",
        "Total Cost of profits": 1021,
        "Profit after tax corporate income": 1583,
        "Volume": 3500000,
        "Close of Quarter": 21.3,
        "EPS": 3003,
        "Non-adjusted EPS": 3003,
        "PE": 7.1,
        "Book Price": 23.1
      }
    },
    {
      "quarter": "Q3 2015",
      "income status": {
        "Net sales": 85687,
        "Cost of goods sold": 65140,
        "Gross Profit": 20547,
        "Financial expenses": 1137,
        "Of which: Interest expense": 1033,
        "Cost of sales": 7207,
        "Enterprise cost management": 9044,
        "Total Operating Expenses": 17388,
        "Total revenue financing activities": 208,
        "Net profit from business activities": 3366,
        "Profit": 554,
        "Profit before tax": 3920,
        "Present corporate income tax expenses": 862,
        "Deferred income taxes expenses": "N/A",
        "The interests of minority shareholders": "N/A",
        "Total Cost of profits": 862,
        "Profit after tax corporate income": 3058,
        "Volume": 3500000,
        "Close of Quarter": 20.2,
        "EPS": 2940,
        "Non-adjusted EPS": 2940,
        "PE": 6.9,
        "Book Price": 22.7
      }
    },
    {
      "quarter": "Q2 2015",
      "income status": {
        "Net sales": 78118,
        "Cost of goods sold": 61563,
        "Gross Profit": 16555,
        "Financial expenses": 1013,
        "Of which: Interest expense": 941,
        "Cost of sales": 3877,
        "Enterprise cost management": 7394,
        "Total Operating Expenses": 12284,
        "Total revenue financing activities": 6,
        "Net profit from business activities": 4278,
        "Profit": -3,
        "Profit before tax": 4275,
        "Present corporate income tax expenses": 940,
        "Deferred income taxes expenses": "N/A",
        "The interests of minority shareholders": "N/A",
        "Total Cost of profits": 940,
        "Profit after tax corporate income": 3334,
        "Volume": 3500000,
        "Close of Quarter": 21.7,
        "EPS": 2741,
        "Non-adjusted EPS": 2741,
        "PE": 7.9,
        "Book Price": 22.8
      }
    },
    {
      "quarter": "Q1 2015",
      "income status": {
        "Net sales": 66940,
        "Cost of goods sold": 49678,
        "Gross Profit": 17262,
        "Financial expenses": 1191,
        "Of which: Interest expense": 877,
        "Cost of sales": 5959,
        "Enterprise cost management": 7020,
        "Total Operating Expenses": 14170,
        "Total revenue financing activities": 115,
        "Net profit from business activities": 3207,
        "Profit": 44,
        "Profit before tax": 3251,
        "Present corporate income tax expenses": 715,
        "Deferred income taxes expenses": "N/A",
        "The interests of minority shareholders": "N/A",
        "Total Cost of profits": 715,
        "Profit after tax corporate income": 2536,
        "Volume": 3500000,
        "Close of Quarter": 20.8,
        "EPS": 2705,
        "Non-adjusted EPS": 2705,
        "PE": 7.7,
        "Book Price": 22.3
      }
    },
    {
      "quarter": "Q4 2014",
      "income status": {
        "Net sales": 54120,
        "Cost of goods sold": 36946,
        "Gross Profit": 17174,
        "Financial expenses": 1372,
        "Of which: Interest expense": 1304,
        "Cost of sales": 6351,
        "Enterprise cost management": 7627,
        "Total Operating Expenses": 15350,
        "Total revenue financing activities": 69,
        "Net profit from business activities": 1892,
        "Profit": -22,
        "Profit before tax": 1870,
        "Present corporate income tax expenses": 507,
        "Deferred income taxes expenses": "N/A",
        "The interests of minority shareholders": "N/A",
        "Total Cost of profits": 507,
        "Profit after tax corporate income": 1363,
        "Volume": 2758680,
        "Close of Quarter": 17.7,
        "EPS": 2690.1,
        "Non-adjusted EPS": 3413,
        "PE": 5.2,
        "Book Price": 19.4
      }
    },
    {
      "quarter": "Q3 2014",
      "income status": {
        "Net sales": 55817,
        "Cost of goods sold": 44073,
        "Gross Profit": 11744,
        "Financial expenses": 1079,
        "Of which: Interest expense": 1031,
        "Cost of sales": 3419,
        "Enterprise cost management": 4249,
        "Total Operating Expenses": 8747,
        "Total revenue financing activities": 90,
        "Net profit from business activities": 3086,
        "Profit": -60,
        "Profit before tax": 3027,
        "Present corporate income tax expenses": 666,
        "Deferred income taxes expenses": "N/A",
        "The interests of minority shareholders": "N/A",
        "Total Cost of profits": 666,
        "Profit after tax corporate income": 2361,
        "Volume": 2758680,
        "Close of Quarter": 16.8,
        "EPS": 2741.3,
        "Non-adjusted EPS": 3478,
        "PE": 4.8,
        "Book Price": 19.9
      }
    },
    {
      "quarter": "Q2 2014",
      "income status": {
        "Net sales": 62693,
        "Cost of goods sold": 45394,
        "Gross Profit": 17299,
        "Financial expenses": 911,
        "Of which: Interest expense": 848,
        "Cost of sales": 6151,
        "Enterprise cost management": 6003,
        "Total Operating Expenses": 13065,
        "Total revenue financing activities": 96,
        "Net profit from business activities": 4330,
        "Profit": -217,
        "Profit before tax": 4113,
        "Present corporate income tax expenses": 802,
        "Deferred income taxes expenses": 103,
        "The interests of minority shareholders": "N/A",
        "Total Cost of profits": 905,
        "Profit after tax corporate income": 3208,
        "Volume": 2758680,
        "Close of Quarter": 16.4,
        "EPS": 2673.6,
        "Non-adjusted EPS": 3392,
        "PE": 4.8,
        "Book Price": 19.1
      }
    },
    {
      "quarter": "Q1 2014",
      "income status": {
        "Net sales": 54538,
        "Cost of goods sold": 42122,
        "Gross Profit": 12416,
        "Financial expenses": 765,
        "Of which: Interest expense": 624,
        "Cost of sales": 5399,
        "Enterprise cost management": 3133,
        "Total Operating Expenses": 9297,
        "Total revenue financing activities": 68,
        "Net profit from business activities": 3188,
        "Profit": -5,
        "Profit before tax": 3183,
        "Present corporate income tax expenses": 700,
        "Deferred income taxes expenses": "N/A",
        "The interests of minority shareholders": "N/A",
        "Total Cost of profits": 700,
        "Profit after tax corporate income": 2482,
        "Volume": 2758680,
        "Close of Quarter": 11.2,
        "EPS": 2528.5,
        "Non-adjusted EPS": 3208,
        "PE": 3.5,
        "Book Price": 15.2
      }
    },
    {
      "quarter": "Q4 2013",
      "income status": {
        "Net sales": 48370,
        "Cost of goods sold": 29012,
        "Gross Profit": 19358,
        "Financial expenses": 1786,
        "Of which: Interest expense": 1394,
        "Cost of sales": 7860,
        "Enterprise cost management": 8561,
        "Total Operating Expenses": 18207,
        "Total revenue financing activities": 169,
        "Net profit from business activities": 1320,
        "Profit": 820,
        "Profit before tax": 2141,
        "Present corporate income tax expenses": 700,
        "Deferred income taxes expenses": -103,
        "The interests of minority shareholders": "N/A",
        "Total Cost of profits": 597,
        "Profit after tax corporate income": 1543,
        "Volume": 2758680,
        "Close of Quarter": 9.6,
        "EPS": 2440.3,
        "Non-adjusted EPS": 3096,
        "PE": 3.1,
        "Book Price": 16.2
      }
    },
    {
      "quarter": "Q3 2013",
      "income status": {
        "Net sales": 51640,
        "Cost of goods sold": 39298,
        "Gross Profit": 12342,
        "Financial expenses": 1091,
        "Of which: Interest expense": 991,
        "Cost of sales": 2923,
        "Enterprise cost management": 5556,
        "Total Operating Expenses": 9570,
        "Total revenue financing activities": 45,
        "Net profit from business activities": 2817,
        "Profit": 70,
        "Profit before tax": 2887,
        "Present corporate income tax expenses": 722,
        "Deferred income taxes expenses": 41,
        "The interests of minority shareholders": "N/A",
        "Total Cost of profits": 763,
        "Profit after tax corporate income": 2124,
        "Volume": 2758680,
        "Close of Quarter": 6.8,
        "EPS": 2432.4,
        "Non-adjusted EPS": 3086,
        "PE": 2.2,
        "Book Price": 15.9
      }
    },
    {
      "quarter": "Q2 2013",
      "income status": {
        "Net sales": 53669,
        "Cost of goods sold": 40073,
        "Gross Profit": 13595,
        "Financial expenses": 895,
        "Of which: Interest expense": 661,
        "Cost of sales": 3839,
        "Enterprise cost management": 5447,
        "Total Operating Expenses": 10181,
        "Total revenue financing activities": 186,
        "Net profit from business activities": 3599,
        "Profit": 3,
        "Profit before tax": 3602,
        "Present corporate income tax expenses": 901,
        "Deferred income taxes expenses": "N/A",
        "The interests of minority shareholders": "N/A",
        "Total Cost of profits": 901,
        "Profit after tax corporate income": 2702,
        "Volume": 2758680,
        "Close of Quarter": 7.6,
        "EPS": 2262.1,
        "Non-adjusted EPS": 2870,
        "PE": 2.7,
        "Book Price": 15.1
      }
    },
    {
      "quarter": "Q1 2013",
      "income status": {
        "Net sales": 46830,
        "Cost of goods sold": 35818,
        "Gross Profit": 11011,
        "Financial expenses": 845,
        "Of which: Interest expense": 731,
        "Cost of sales": 2996,
        "Enterprise cost management": 4326,
        "Total Operating Expenses": 8167,
        "Total revenue financing activities": 64,
        "Net profit from business activities": 2908,
        "Profit": -11,
        "Profit before tax": 2897,
        "Present corporate income tax expenses": 724,
        "Deferred income taxes expenses": "N/A",
        "The interests of minority shareholders": "N/A",
        "Total Cost of profits": 724,
        "Profit after tax corporate income": 2173,
        "Volume": 2758680,
        "Close of Quarter": 7.4,
        "EPS": 2265.3,
        "Non-adjusted EPS": 2874,
        "PE": 2.6,
        "Book Price": 14.4
      }
    },
    {
      "quarter": "Q4 2012",
      "income status": {
        "Net sales": 44771,
        "Cost of goods sold": 33745,
        "Gross Profit": 11026,
        "Financial expenses": 1174,
        "Of which: Interest expense": 1021,
        "Cost of sales": 3619,
        "Enterprise cost management": 4548,
        "Total Operating Expenses": 9341,
        "Total revenue financing activities": 267,
        "Net profit from business activities": 1952,
        "Profit": 149,
        "Profit before tax": 2101,
        "Present corporate income tax expenses": 627,
        "Deferred income taxes expenses": -41,
        "The interests of minority shareholders": "N/A",
        "Total Cost of profits": 586,
        "Profit after tax corporate income": 1515,
        "Volume": 2758680,
        "Close of Quarter": 7.4,
        "EPS": 2242.4,
        "Non-adjusted EPS": 2845,
        "PE": 2.6,
        "Book Price": 14.0
      }
    },
    {
      "quarter": "Q3 2012",
      "income status": {
        "Net sales": 42316,
        "Cost of goods sold": 34190,
        "Gross Profit": 8126,
        "Financial expenses": 829,
        "Of which: Interest expense": 827,
        "Cost of sales": 1278,
        "Enterprise cost management": 4097,
        "Total Operating Expenses": 6204,
        "Total revenue financing activities": 129,
        "Net profit from business activities": 2050,
        "Profit": -13,
        "Profit before tax": 2037,
        "Present corporate income tax expenses": 509,
        "Deferred income taxes expenses": "N/A",
        "The interests of minority shareholders": "N/A",
        "Total Cost of profits": 509,
        "Profit after tax corporate income": 1528,
        "Volume": 2758680,
        "Close of Quarter": 5.8,
        "EPS": 2113.2,
        "Non-adjusted EPS": 2681,
        "PE": 2.2,
        "Book Price": 15.0
      }
    },
    {
      "quarter": "Q2 2012",
      "income status": {
        "Net sales": 48204,
        "Cost of goods sold": 38303,
        "Gross Profit": 9901,
        "Financial expenses": 511,
        "Of which: Interest expense": 398,
        "Cost of sales": 3286,
        "Enterprise cost management": 3388,
        "Total Operating Expenses": 7185,
        "Total revenue financing activities": 1033,
        "Net profit from business activities": 3750,
        "Profit": -132,
        "Profit before tax": 3618,
        "Present corporate income tax expenses": 904,
        "Deferred income taxes expenses": "N/A",
        "The interests of minority shareholders": "N/A",
        "Total Cost of profits": 904,
        "Profit after tax corporate income": 2713,
        "Volume": 2758680,
        "Close of Quarter": 5.9,
        "EPS": 2299.2,
        "Non-adjusted EPS": 2917,
        "PE": 2.0,
        "Book Price": 14.6
      }
    },
    {
      "quarter": "Q1 2012",
      "income status": {
        "Net sales": 40876,
        "Cost of goods sold": 31592,
        "Gross Profit": 9284,
        "Financial expenses": 104,
        "Of which: Interest expense": 97,
        "Cost of sales": 3000,
        "Enterprise cost management": 3448,
        "Total Operating Expenses": 6552,
        "Total revenue financing activities": 54,
        "Net profit from business activities": 2787,
        "Profit": 3,
        "Profit before tax": 2790,
        "Present corporate income tax expenses": 697,
        "Deferred income taxes expenses": "N/A",
        "The interests of minority shareholders": "N/A",
        "Total Cost of profits": 697,
        "Profit after tax corporate income": 2092,
        "Volume": 2758680,
        "Close of Quarter": 6.9,
        "EPS": 2330.7,
        "Non-adjusted EPS": 2957,
        "PE": 2.3,
        "Book Price": 13.8
      }
    },
    {
      "quarter": "Q4 2011",
      "income status": {
        "Net sales": 37877,
        "Cost of goods sold": 28295,
        "Gross Profit": 9582,
        "Financial expenses": 442,
        "Of which: Interest expense": 442,
        "Cost of sales": 2995,
        "Enterprise cost management": 4611,
        "Total Operating Expenses": 8048,
        "Total revenue financing activities": 109,
        "Net profit from business activities": 1643,
        "Profit": 3,
        "Profit before tax": 1646,
        "Present corporate income tax expenses": 583,
        "Deferred income taxes expenses": "N/A",
        "The interests of minority shareholders": "N/A",
        "Total Cost of profits": 583,
        "Profit after tax corporate income": 1063,
        "Volume": 1714330,
        "Close of Quarter": 7.8,
        "EPS": 2250.7,
        "Non-adjusted EPS": 4595,
        "PE": 1.7,
        "Book Price": 15.0
      }
    },
    {
      "quarter": "Q3 2011",
      "income status": {
        "Net sales": 37871,
        "Cost of goods sold": 28271,
        "Gross Profit": 9599,
        "Financial expenses": 238,
        "Of which: Interest expense": 238,
        "Cost of sales": 2427,
        "Enterprise cost management": 4795,
        "Total Operating Expenses": 7460,
        "Total revenue financing activities": 439,
        "Net profit from business activities": 2579,
        "Profit": 324,
        "Profit before tax": 2903,
        "Present corporate income tax expenses": 726,
        "Deferred income taxes expenses": "N/A",
        "The interests of minority shareholders": "N/A",
        "Total Cost of profits": 726,
        "Profit after tax corporate income": 2178,
        "Volume": 1714330,
        "Close of Quarter": 6.9,
        "EPS": 2236.5,
        "Non-adjusted EPS": 4566,
        "PE": 1.5,
        "Book Price": 14.7
      }
    },
    {
      "quarter": "Q2 2011",
      "income status": {
        "Net sales": 42635,
        "Cost of goods sold": 31343,
        "Gross Profit": 11292,
        "Financial expenses": 121,
        "Of which: Interest expense": 121,
        "Cost of sales": 2025,
        "Enterprise cost management": 6025,
        "Total Operating Expenses": 8171,
        "Total revenue financing activities": 647,
        "Net profit from business activities": 3768,
        "Profit": -2,
        "Profit before tax": 3766,
        "Present corporate income tax expenses": 941,
        "Deferred income taxes expenses": "N/A",
        "The interests of minority shareholders": "N/A",
        "Total Cost of profits": 941,
        "Profit after tax corporate income": 2824,
        "Volume": 1714330,
        "Close of Quarter": 6.3,
        "EPS": 2497.5,
        "Non-adjusted EPS": 5099,
        "PE": 1.2,
        "Book Price": 13.1
      }
    },
    {
      "quarter": "Q1 2011",
      "income status": {
        "Net sales": 33057,
        "Cost of goods sold": 25467,
        "Gross Profit": 7589,
        "Financial expenses": 44,
        "Of which: Interest expense": 44,
        "Cost of sales": 2415,
        "Enterprise cost management": 2846,
        "Total Operating Expenses": 5305,
        "Total revenue financing activities": 115,
        "Net profit from business activities": 2400,
        "Profit": 17,
        "Profit before tax": 2417,
        "Present corporate income tax expenses": 604,
        "Deferred income taxes expenses": "N/A",
        "The interests of minority shareholders": "N/A",
        "Total Cost of profits": 604,
        "Profit after tax corporate income": 1813,
        "Volume": 1714330,
        "Close of Quarter": 6.3,
        "EPS": 2315.8,
        "Non-adjusted EPS": 4728,
        "PE": 1.3,
        "Book Price": 9.2
      }
    }
  ]
}