{
  "ticker": "HKB",
  "data": [
    {
      "quarter": "Q4 2016",
      "income status": {
        "Net sales": 301255,
        "Cost of goods sold": 213850,
        "Gross Profit": 87405,
        "Financial expenses": 2757,
        "Of which: Interest expense": 2698,
        "Cost of sales": 1053,
        "Enterprise cost management": 9200,
        "Total Operating Expenses": 13010,
        "Total revenue financing activities": 471,
        "Net profit from business activities": 74866,
        "Profit": -13448,
        "Profit before tax": 61418,
        "Present corporate income tax expenses": 153,
        "Deferred income taxes expenses": "N/A",
        "The interests of minority shareholders": 12702,
        "Total Cost of profits": 12855,
        "Profit after tax corporate income": 48563,
        "Volume": 51599999,
        "Close of Quarter": 2,
        "EPS": 1138,
        "Non-adjusted EPS": 1138,
        "PE": 1.8,
        "Book Price": 11.5
      }
    },
    {
      "quarter": "Q3 2016",
      "income status": {
        "Net sales": 139061,
        "Cost of goods sold": 115421,
        "Gross Profit": 23641,
        "Financial expenses": 4016,
        "Of which: Interest expense": 4016,
        "Cost of sales": 1449,
        "Enterprise cost management": 5981,
        "Total Operating Expenses": 11446,
        "Total revenue financing activities": 6,
        "Net profit from business activities": 12201,
        "Profit": -5,
        "Profit before tax": 12195,
        "Present corporate income tax expenses": 2776,
        "Deferred income taxes expenses": "N/A",
        "The interests of minority shareholders": "N/A",
        "Total Cost of profits": 2776,
        "Profit after tax corporate income": 9420,
        "Volume": 51599999,
        "Close of Quarter": 8.9,
        "EPS": 219,
        "Non-adjusted EPS": 219,
        "PE": 40.6,
        "Book Price": 10.3
      }
    },
    {
      "quarter": "Q2 2016",
      "income status": {
        "Net sales": 206586,
        "Cost of goods sold": 189709,
        "Gross Profit": 16877,
        "Financial expenses": 3772,
        "Of which: Interest expense": 3755,
        "Cost of sales": 5654,
        "Enterprise cost management": 6916,
        "Total Operating Expenses": 16342,
        "Total revenue financing activities": 177,
        "Net profit from business activities": 713,
        "Profit": 1,
        "Profit before tax": 713,
        "Present corporate income tax expenses": 250,
        "Deferred income taxes expenses": "N/A",
        "The interests of minority shareholders": "N/A",
        "Total Cost of profits": 250,
        "Profit after tax corporate income": 463,
        "Volume": 20000000,
        "Close of Quarter": 18.6,
        "EPS": 40.3,
        "Non-adjusted EPS": 104,
        "PE": 178.9,
        "Book Price": 10.1
      }
    },
    {
      "quarter": "Q1 2016",
      "income status": {
        "Net sales": 118158,
        "Cost of goods sold": 113105,
        "Gross Profit": 5053,
        "Financial expenses": 1381,
        "Of which: Interest expense": 1381,
        "Cost of sales": 583,
        "Enterprise cost management": 2728,
        "Total Operating Expenses": 4692,
        "Total revenue financing activities": 128,
        "Net profit from business activities": 490,
        "Profit": -49,
        "Profit before tax": 440,
        "Present corporate income tax expenses": 186,
        "Deferred income taxes expenses": "N/A",
        "The interests of minority shareholders": "N/A",
        "Total Cost of profits": 186,
        "Profit after tax corporate income": 254,
        "Volume": 20000000,
        "Close of Quarter": 18.7,
        "EPS": 35.3,
        "Non-adjusted EPS": 91,
        "PE": 205.5,
        "Book Price": 4.3
      }
    },
    {
      "quarter": "Q4 2015",
      "income status": {
        "Net sales": 183725,
        "Cost of goods sold": 176775,
        "Gross Profit": 6950,
        "Financial expenses": 829,
        "Of which: Interest expense": 829,
        "Cost of sales": 1059,
        "Enterprise cost management": 3512,
        "Total Operating Expenses": 5400,
        "Total revenue financing activities": 25,
        "Net profit from business activities": 1574,
        "Profit": "N/A",
        "Profit before tax": 1574,
        "Present corporate income tax expenses": 420,
        "Deferred income taxes expenses": "N/A",
        "The interests of minority shareholders": "N/A",
        "Total Cost of profits": 420,
        "Profit after tax corporate income": 1154,
        "Volume": 20000000,
        "Close of Quarter": 10.0,
        "EPS": 96.9,
        "Non-adjusted EPS": 250,
        "PE": 40.1,
        "Book Price": 4.3
      }
    },
    {
      "quarter": "Q3 2015",
      "income status": {
        "Net sales": 21014,
        "Cost of goods sold": 18877,
        "Gross Profit": 2137,
        "Financial expenses": 691,
        "Of which: Interest expense": 691,
        "Cost of sales": 185,
        "Enterprise cost management": 1941,
        "Total Operating Expenses": 2817,
        "Total revenue financing activities": 3,
        "Net profit from business activities": -677,
        "Profit": 1066,
        "Profit before tax": 389,
        "Present corporate income tax expenses": 178,
        "Deferred income taxes expenses": "N/A",
        "The interests of minority shareholders": "N/A",
        "Total Cost of profits": 178,
        "Profit after tax corporate income": 211,
        "Volume": 20000000,
        "Close of Quarter": 8.6,
        "EPS": 49.2,
        "Non-adjusted EPS": 127,
        "PE": 67.5,
        "Book Price": 4.3
      }
    },
    {
      "quarter": "Q2 2015",
      "income status": {
        "Net sales": 58930,
        "Cost of goods sold": 51113,
        "Gross Profit": 7817,
        "Financial expenses": 1585,
        "Of which: Interest expense": 1580,
        "Cost of sales": 2759,
        "Enterprise cost management": 2956,
        "Total Operating Expenses": 7300,
        "Total revenue financing activities": 53,
        "Net profit from business activities": 569,
        "Profit": -161,
        "Profit before tax": 409,
        "Present corporate income tax expenses": 216,
        "Deferred income taxes expenses": "N/A",
        "The interests of minority shareholders": "N/A",
        "Total Cost of profits": 216,
        "Profit after tax corporate income": 193,
        "Volume": 20000000,
        "Close of Quarter": 5.7,
        "EPS": 138.0,
        "Non-adjusted EPS": 356,
        "PE": 16.0,
        "Book Price": 4.3
      }
    },
    {
      "quarter": "Q1 2015",
      "income status": {
        "Net sales": 170990,
        "Cost of goods sold": 161665,
        "Gross Profit": 9325,
        "Financial expenses": 1237,
        "Of which: Interest expense": 1237,
        "Cost of sales": 3,
        "Enterprise cost management": 3486,
        "Total Operating Expenses": 4726,
        "Total revenue financing activities": 1,
        "Net profit from business activities": 4600,
        "Profit": -71,
        "Profit before tax": 4529,
        "Present corporate income tax expenses": 1082,
        "Deferred income taxes expenses": "N/A",
        "The interests of minority shareholders": "N/A",
        "Total Cost of profits": 1082,
        "Profit after tax corporate income": 3446,
        "Volume": 20000000,
        "Close of Quarter": "N/A",
        "EPS": 134.1,
        "Non-adjusted EPS": 346,
        "PE": "N/A",
        "Book Price": 4.3
      }
    },
    {
      "quarter": "Q2 2014",
      "income status": {
        "Net sales": 71847,
        "Cost of goods sold": 61759,
        "Gross Profit": 10088,
        "Financial expenses": 1268,
        "Of which: Interest expense": 1268,
        "Cost of sales": 9136,
        "Enterprise cost management": 1050,
        "Total Operating Expenses": 11454,
        "Total revenue financing activities": 59,
        "Net profit from business activities": -1308,
        "Profit": "N/A",
        "Profit before tax": -1308,
        "Present corporate income tax expenses": 6,
        "Deferred income taxes expenses": "N/A",
        "The interests of minority shareholders": "N/A",
        "Total Cost of profits": 6,
        "Profit after tax corporate income": -1314,
        "Volume": 20000000,
        "Close of Quarter": "N/A",
        "EPS": 67.4,
        "Non-adjusted EPS": 174,
        "PE": "N/A",
        "Book Price": "N/A"
      }
    },
    {
      "quarter": "Q1 2014",
      "income status": {
        "Net sales": 193588,
        "Cost of goods sold": 163707,
        "Gross Profit": 29881,
        "Financial expenses": 1929,
        "Of which: Interest expense": 1883,
        "Cost of sales": 21357,
        "Enterprise cost management": 1044,
        "Total Operating Expenses": 24330,
        "Total revenue financing activities": 439,
        "Net profit from business activities": 5989,
        "Profit": 156,
        "Profit before tax": 6145,
        "Present corporate income tax expenses": 1352,
        "Deferred income taxes expenses": "N/A",
        "The interests of minority shareholders": "N/A",
        "Total Cost of profits": 1352,
        "Profit after tax corporate income": 4793,
        "Volume": 20000000,
        "Close of Quarter": "N/A",
        "EPS": 93.0,
        "Non-adjusted EPS": 240,
        "PE": "N/A",
        "Book Price": "N/A"
      }
    }
  ]
}