{
  "ticker": "QTC",
  "data": [
    {
      "quarter": "Q4 2016",
      "income status": {
        "Net sales": 41939,
        "Cost of goods sold": 38506,
        "Gross Profit": 3433,
        "Financial expenses": 61,
        "Of which: Interest expense": "N/A",
        "Cost of sales": 155,
        "Enterprise cost management": 2438,
        "Total Operating Expenses": 2654,
        "Total revenue financing activities": 76,
        "Net profit from business activities": 856,
        "Profit": 1729,
        "Profit before tax": 2585,
        "Present corporate income tax expenses": 955,
        "Deferred income taxes expenses": "N/A",
        "The interests of minority shareholders": "N/A",
        "Total Cost of profits": 955,
        "Profit after tax corporate income": 1630,
        "Volume": 2700000,
        "Close of Quarter": 27,
        "EPS": 3168,
        "Non-adjusted EPS": 3168,
        "PE": 8.5,
        "Book Price": 17.1
      }
    },
    {
      "quarter": "Q3 2016",
      "income status": {
        "Net sales": 26498,
        "Cost of goods sold": 22265,
        "Gross Profit": 4233,
        "Financial expenses": 17,
        "Of which: Interest expense": 12,
        "Cost of sales": 10,
        "Enterprise cost management": 2029,
        "Total Operating Expenses": 2056,
        "Total revenue financing activities": 114,
        "Net profit from business activities": 2291,
        "Profit": -105,
        "Profit before tax": 2185,
        "Present corporate income tax expenses": 499,
        "Deferred income taxes expenses": "N/A",
        "The interests of minority shareholders": "N/A",
        "Total Cost of profits": 499,
        "Profit after tax corporate income": 1687,
        "Volume": 2700000,
        "Close of Quarter": 36.8,
        "EPS": 3787,
        "Non-adjusted EPS": 3787,
        "PE": 9.7,
        "Book Price": 16.5
      }
    },
    {
      "quarter": "Q2 2016",
      "income status": {
        "Net sales": 40842,
        "Cost of goods sold": 33949,
        "Gross Profit": 6893,
        "Financial expenses": 72,
        "Of which: Interest expense": 50,
        "Cost of sales": "N/A",
        "Enterprise cost management": 3158,
        "Total Operating Expenses": 3230,
        "Total revenue financing activities": 275,
        "Net profit from business activities": 3937,
        "Profit": 1091,
        "Profit before tax": 5028,
        "Present corporate income tax expenses": 1070,
        "Deferred income taxes expenses": "N/A",
        "The interests of minority shareholders": "N/A",
        "Total Cost of profits": 1070,
        "Profit after tax corporate income": 3958,
        "Volume": 2700000,
        "Close of Quarter": 24.4,
        "EPS": 4081,
        "Non-adjusted EPS": 4081,
        "PE": 6.0,
        "Book Price": 18.1
      }
    },
    {
      "quarter": "Q1 2016",
      "income status": {
        "Net sales": 29679,
        "Cost of goods sold": 26517,
        "Gross Profit": 3162,
        "Financial expenses": 122,
        "Of which: Interest expense": 102,
        "Cost of sales": "N/A",
        "Enterprise cost management": 1609,
        "Total Operating Expenses": 1731,
        "Total revenue financing activities": 79,
        "Net profit from business activities": 1510,
        "Profit": 132,
        "Profit before tax": 1642,
        "Present corporate income tax expenses": 364,
        "Deferred income taxes expenses": "N/A",
        "The interests of minority shareholders": "N/A",
        "Total Cost of profits": 364,
        "Profit after tax corporate income": 1279,
        "Volume": 2700000,
        "Close of Quarter": 20.4,
        "EPS": 3446,
        "Non-adjusted EPS": 3446,
        "PE": 5.9,
        "Book Price": 17.5
      }
    },
    {
      "quarter": "Q4 2015",
      "income status": {
        "Net sales": 37242,
        "Cost of goods sold": 34508,
        "Gross Profit": 2734,
        "Financial expenses": 134,
        "Of which: Interest expense": "N/A",
        "Cost of sales": "N/A",
        "Enterprise cost management": 2651,
        "Total Operating Expenses": 2785,
        "Total revenue financing activities": 562,
        "Net profit from business activities": 511,
        "Profit": 3893,
        "Profit before tax": 4404,
        "Present corporate income tax expenses": 1103,
        "Deferred income taxes expenses": "N/A",
        "The interests of minority shareholders": "N/A",
        "Total Cost of profits": 1103,
        "Profit after tax corporate income": 3300,
        "Volume": 2700000,
        "Close of Quarter": 20.0,
        "EPS": 3014,
        "Non-adjusted EPS": 3014,
        "PE": 6.6,
        "Book Price": 17
      }
    },
    {
      "quarter": "Q3 2015",
      "income status": {
        "Net sales": 47730,
        "Cost of goods sold": 41675,
        "Gross Profit": 6056,
        "Financial expenses": 162,
        "Of which: Interest expense": 113,
        "Cost of sales": "N/A",
        "Enterprise cost management": 1766,
        "Total Operating Expenses": 1928,
        "Total revenue financing activities": 37,
        "Net profit from business activities": 4165,
        "Profit": -984,
        "Profit before tax": 3181,
        "Present corporate income tax expenses": 700,
        "Deferred income taxes expenses": "N/A",
        "The interests of minority shareholders": "N/A",
        "Total Cost of profits": 700,
        "Profit after tax corporate income": 2481,
        "Volume": 2700000,
        "Close of Quarter": 18.6,
        "EPS": 3096,
        "Non-adjusted EPS": 3096,
        "PE": 6,
        "Book Price": 15.7
      }
    },
    {
      "quarter": "Q2 2015",
      "income status": {
        "Net sales": 30449,
        "Cost of goods sold": 27307,
        "Gross Profit": 3142,
        "Financial expenses": 71,
        "Of which: Interest expense": 23,
        "Cost of sales": "N/A",
        "Enterprise cost management": 2421,
        "Total Operating Expenses": 2492,
        "Total revenue financing activities": 719,
        "Net profit from business activities": 1370,
        "Profit": 1635,
        "Profit before tax": 3005,
        "Present corporate income tax expenses": 761,
        "Deferred income taxes expenses": "N/A",
        "The interests of minority shareholders": "N/A",
        "Total Cost of profits": 761,
        "Profit after tax corporate income": 2244,
        "Volume": 2700000,
        "Close of Quarter": 20.0,
        "EPS": 2963,
        "Non-adjusted EPS": 2963,
        "PE": 6.7,
        "Book Price": 14.8
      }
    },
    {
      "quarter": "Q1 2015",
      "income status": {
        "Net sales": 16242,
        "Cost of goods sold": 14414,
        "Gross Profit": 1828,
        "Financial expenses": 18,
        "Of which: Interest expense": 18,
        "Cost of sales": "N/A",
        "Enterprise cost management": 1694,
        "Total Operating Expenses": 1712,
        "Total revenue financing activities": 136,
        "Net profit from business activities": 252,
        "Profit": -102,
        "Profit before tax": 151,
        "Present corporate income tax expenses": 38,
        "Deferred income taxes expenses": "N/A",
        "The interests of minority shareholders": "N/A",
        "Total Cost of profits": 38,
        "Profit after tax corporate income": 113,
        "Volume": 2700000,
        "Close of Quarter": 23.4,
        "EPS": 2880,
        "Non-adjusted EPS": 2880,
        "PE": 8.1,
        "Book Price": 16
      }
    },
    {
      "quarter": "Q4 2014",
      "income status": {
        "Net sales": 37026,
        "Cost of goods sold": 29859,
        "Gross Profit": 7167,
        "Financial expenses": 31,
        "Of which: Interest expense": 31,
        "Cost of sales": "N/A",
        "Enterprise cost management": 4128,
        "Total Operating Expenses": 4159,
        "Total revenue financing activities": 420,
        "Net profit from business activities": 3428,
        "Profit": 1253,
        "Profit before tax": 4681,
        "Present corporate income tax expenses": 1161,
        "Deferred income taxes expenses": "N/A",
        "The interests of minority shareholders": "N/A",
        "Total Cost of profits": 1161,
        "Profit after tax corporate income": 3521,
        "Volume": 2700000,
        "Close of Quarter": 20.9,
        "EPS": 2860,
        "Non-adjusted EPS": 2860,
        "PE": 7.3,
        "Book Price": 16
      }
    },
    {
      "quarter": "Q3 2014",
      "income status": {
        "Net sales": 29622,
        "Cost of goods sold": 25592,
        "Gross Profit": 4030,
        "Financial expenses": 93,
        "Of which: Interest expense": 93,
        "Cost of sales": 10,
        "Enterprise cost management": 1759,
        "Total Operating Expenses": 1862,
        "Total revenue financing activities": 35,
        "Net profit from business activities": 2203,
        "Profit": 518,
        "Profit before tax": 2721,
        "Present corporate income tax expenses": 599,
        "Deferred income taxes expenses": "N/A",
        "The interests of minority shareholders": "N/A",
        "Total Cost of profits": 599,
        "Profit after tax corporate income": 2122,
        "Volume": 1200000,
        "Close of Quarter": 23.0,
        "EPS": 4241.3,
        "Non-adjusted EPS": 9543,
        "PE": 2.4,
        "Book Price": 14.7
      }
    },
    {
      "quarter": "Q2 2014",
      "income status": {
        "Net sales": 36708,
        "Cost of goods sold": 28580,
        "Gross Profit": 8128,
        "Financial expenses": 123,
        "Of which: Interest expense": 108,
        "Cost of sales": 55,
        "Enterprise cost management": 5040,
        "Total Operating Expenses": 5218,
        "Total revenue financing activities": 398,
        "Net profit from business activities": 3309,
        "Profit": -126,
        "Profit before tax": 3183,
        "Present corporate income tax expenses": 1163,
        "Deferred income taxes expenses": "N/A",
        "The interests of minority shareholders": "N/A",
        "Total Cost of profits": 1163,
        "Profit after tax corporate income": 2020,
        "Volume": 1200000,
        "Close of Quarter": 18.4,
        "EPS": 4378.2,
        "Non-adjusted EPS": 9851,
        "PE": 1.9,
        "Book Price": 16.4
      }
    },
    {
      "quarter": "Q1 2014",
      "income status": {
        "Net sales": 15142,
        "Cost of goods sold": 13143,
        "Gross Profit": 1999,
        "Financial expenses": 305,
        "Of which: Interest expense": 305,
        "Cost of sales": "N/A",
        "Enterprise cost management": 1678,
        "Total Operating Expenses": 1983,
        "Total revenue financing activities": 3,
        "Net profit from business activities": 18,
        "Profit": 58,
        "Profit before tax": 76,
        "Present corporate income tax expenses": 18,
        "Deferred income taxes expenses": "N/A",
        "The interests of minority shareholders": "N/A",
        "Total Cost of profits": 18,
        "Profit after tax corporate income": 58,
        "Volume": 1200000,
        "Close of Quarter": 14.6,
        "EPS": 3743.6,
        "Non-adjusted EPS": 8423,
        "PE": 1.7,
        "Book Price": 16.5
      }
    },
    {
      "quarter": "Q4 2013",
      "income status": {
        "Net sales": 65013,
        "Cost of goods sold": 51882,
        "Gross Profit": 13131,
        "Financial expenses": 102,
        "Of which: Interest expense": 102,
        "Cost of sales": "N/A",
        "Enterprise cost management": 3706,
        "Total Operating Expenses": 3808,
        "Total revenue financing activities": 251,
        "Net profit from business activities": 9575,
        "Profit": 96,
        "Profit before tax": 9671,
        "Present corporate income tax expenses": 2419,
        "Deferred income taxes expenses": "N/A",
        "The interests of minority shareholders": "N/A",
        "Total Cost of profits": 2419,
        "Profit after tax corporate income": 7252,
        "Volume": 1200000,
        "Close of Quarter": 13.2,
        "EPS": 3742.7,
        "Non-adjusted EPS": 8421,
        "PE": 1.6,
        "Book Price": 16.7
      }
    },
    {
      "quarter": "Q3 2013",
      "income status": {
        "Net sales": 58499,
        "Cost of goods sold": 54200,
        "Gross Profit": 4299,
        "Financial expenses": 89,
        "Of which: Interest expense": 89,
        "Cost of sales": "N/A",
        "Enterprise cost management": 1395,
        "Total Operating Expenses": 1484,
        "Total revenue financing activities": 327,
        "Net profit from business activities": 3143,
        "Profit": 179,
        "Profit before tax": 3322,
        "Present corporate income tax expenses": 830,
        "Deferred income taxes expenses": "N/A",
        "The interests of minority shareholders": "N/A",
        "Total Cost of profits": 830,
        "Profit after tax corporate income": 2491,
        "Volume": 1200000,
        "Close of Quarter": 10.6,
        "EPS": 5349.3,
        "Non-adjusted EPS": 12036,
        "PE": 0.9,
        "Book Price": 14
      }
    },
    {
      "quarter": "Q2 2013",
      "income status": {
        "Net sales": 15819,
        "Cost of goods sold": 14467,
        "Gross Profit": 1352,
        "Financial expenses": 65,
        "Of which: Interest expense": 13,
        "Cost of sales": "N/A",
        "Enterprise cost management": 1950,
        "Total Operating Expenses": 2015,
        "Total revenue financing activities": 771,
        "Net profit from business activities": 108,
        "Profit": 275,
        "Profit before tax": 382,
        "Present corporate income tax expenses": 76,
        "Deferred income taxes expenses": "N/A",
        "The interests of minority shareholders": "N/A",
        "Total Cost of profits": 76,
        "Profit after tax corporate income": 306,
        "Volume": 1200000,
        "Close of Quarter": 12.9,
        "EPS": 5059.6,
        "Non-adjusted EPS": 11384,
        "PE": 1.1,
        "Book Price": 13.1
      }
    },
    {
      "quarter": "Q1 2013",
      "income status": {
        "Net sales": 10956,
        "Cost of goods sold": 9546,
        "Gross Profit": 1409,
        "Financial expenses": 16,
        "Of which: Interest expense": 16,
        "Cost of sales": "N/A",
        "Enterprise cost management": 1734,
        "Total Operating Expenses": 1750,
        "Total revenue financing activities": 325,
        "Net profit from business activities": -15,
        "Profit": 119,
        "Profit before tax": 104,
        "Present corporate income tax expenses": 48,
        "Deferred income taxes expenses": "N/A",
        "The interests of minority shareholders": "N/A",
        "Total Cost of profits": 48,
        "Profit after tax corporate income": 56,
        "Volume": 1200000,
        "Close of Quarter": 13.7,
        "EPS": 5588,
        "Non-adjusted EPS": 12573,
        "PE": 1.1,
        "Book Price": 16.4
      }
    },
    {
      "quarter": "Q4 2012",
      "income status": {
        "Net sales": 67231,
        "Cost of goods sold": 51122,
        "Gross Profit": 16109,
        "Financial expenses": 12,
        "Of which: Interest expense": 12,
        "Cost of sales": "N/A",
        "Enterprise cost management": 3046,
        "Total Operating Expenses": 3058,
        "Total revenue financing activities": 596,
        "Net profit from business activities": 13646,
        "Profit": 370,
        "Profit before tax": 14017,
        "Present corporate income tax expenses": 2426,
        "Deferred income taxes expenses": "N/A",
        "The interests of minority shareholders": "N/A",
        "Total Cost of profits": 2426,
        "Profit after tax corporate income": 11590,
        "Volume": 1200000,
        "Close of Quarter": 6.7,
        "EPS": 5586.2,
        "Non-adjusted EPS": 12569,
        "PE": 0.5,
        "Book Price": 16.5
      }
    },
    {
      "quarter": "Q3 2012",
      "income status": {
        "Net sales": 26724,
        "Cost of goods sold": 23813,
        "Gross Profit": 2911,
        "Financial expenses": 52,
        "Of which: Interest expense": 52,
        "Cost of sales": "N/A",
        "Enterprise cost management": 1737,
        "Total Operating Expenses": 1789,
        "Total revenue financing activities": 409,
        "Net profit from business activities": 1530,
        "Profit": 544,
        "Profit before tax": 2074,
        "Present corporate income tax expenses": 364,
        "Deferred income taxes expenses": "N/A",
        "The interests of minority shareholders": "N/A",
        "Total Cost of profits": 364,
        "Profit after tax corporate income": 1709,
        "Volume": 1200000,
        "Close of Quarter": 5.8,
        "EPS": 3648,
        "Non-adjusted EPS": 8208,
        "PE": 0.7,
        "Book Price": 12.2
      }
    },
    {
      "quarter": "Q2 2012",
      "income status": {
        "Net sales": 32151,
        "Cost of goods sold": 28302,
        "Gross Profit": 3849,
        "Financial expenses": 22,
        "Of which: Interest expense": 22,
        "Cost of sales": "N/A",
        "Enterprise cost management": 1737,
        "Total Operating Expenses": 1759,
        "Total revenue financing activities": 532,
        "Net profit from business activities": 2622,
        "Profit": -311,
        "Profit before tax": 2311,
        "Present corporate income tax expenses": 579,
        "Deferred income taxes expenses": "N/A",
        "The interests of minority shareholders": "N/A",
        "Total Cost of profits": 579,
        "Profit after tax corporate income": 1732,
        "Volume": 1200000,
        "Close of Quarter": 6.3,
        "EPS": 3648,
        "Non-adjusted EPS": 8208,
        "PE": 0.8,
        "Book Price": 11.6
      }
    },
    {
      "quarter": "Q1 2012",
      "income status": {
        "Net sales": 13100,
        "Cost of goods sold": 12954,
        "Gross Profit": 145,
        "Financial expenses": 34,
        "Of which: Interest expense": 34,
        "Cost of sales": "N/A",
        "Enterprise cost management": 1143,
        "Total Operating Expenses": 1177,
        "Total revenue financing activities": 570,
        "Net profit from business activities": -463,
        "Profit": 532,
        "Profit before tax": 70,
        "Present corporate income tax expenses": 17,
        "Deferred income taxes expenses": "N/A",
        "The interests of minority shareholders": "N/A",
        "Total Cost of profits": 17,
        "Profit after tax corporate income": 52,
        "Volume": 1200000,
        "Close of Quarter": 4.3,
        "EPS": 3619.1,
        "Non-adjusted EPS": 8143,
        "PE": 0.5,
        "Book Price": 14.1
      }
    },
    {
      "quarter": "Q4 2011",
      "income status": {
        "Net sales": 53701,
        "Cost of goods sold": 45704,
        "Gross Profit": 7997,
        "Financial expenses": 2,
        "Of which: Interest expense": 2,
        "Cost of sales": "N/A",
        "Enterprise cost management": 2279,
        "Total Operating Expenses": 2281,
        "Total revenue financing activities": 979,
        "Net profit from business activities": 6695,
        "Profit": 710,
        "Profit before tax": 7405,
        "Present corporate income tax expenses": 1049,
        "Deferred income taxes expenses": "N/A",
        "The interests of minority shareholders": "N/A",
        "Total Cost of profits": 1049,
        "Profit after tax corporate income": 6356,
        "Volume": 1200000,
        "Close of Quarter": 3.6,
        "EPS": 3612.4,
        "Non-adjusted EPS": 8128,
        "PE": 0.4,
        "Book Price": 13.1
      }
    },
    {
      "quarter": "Q3 2011",
      "income status": {
        "Net sales": 21748,
        "Cost of goods sold": 18839,
        "Gross Profit": 2908,
        "Financial expenses": 18,
        "Of which: Interest expense": 18,
        "Cost of sales": "N/A",
        "Enterprise cost management": 1338,
        "Total Operating Expenses": 1356,
        "Total revenue financing activities": 662,
        "Net profit from business activities": 2215,
        "Profit": 65,
        "Profit before tax": 2280,
        "Present corporate income tax expenses": 570,
        "Deferred income taxes expenses": "N/A",
        "The interests of minority shareholders": "N/A",
        "Total Cost of profits": 570,
        "Profit after tax corporate income": 1710,
        "Volume": 1200000,
        "Close of Quarter": 3.3,
        "EPS": 3158.7,
        "Non-adjusted EPS": 7107,
        "PE": 0.5,
        "Book Price": 10.8
      }
    },
    {
      "quarter": "Q2 2011",
      "income status": {
        "Net sales": 21282,
        "Cost of goods sold": 19206,
        "Gross Profit": 2076,
        "Financial expenses": 29,
        "Of which: Interest expense": 29,
        "Cost of sales": "N/A",
        "Enterprise cost management": 696,
        "Total Operating Expenses": 725,
        "Total revenue financing activities": 650,
        "Net profit from business activities": 2000,
        "Profit": 205,
        "Profit before tax": 2206,
        "Present corporate income tax expenses": 551,
        "Deferred income taxes expenses": "N/A",
        "The interests of minority shareholders": "N/A",
        "Total Cost of profits": 551,
        "Profit after tax corporate income": 1654,
        "Volume": 1200000,
        "Close of Quarter": 4.9,
        "EPS": 3197.3,
        "Non-adjusted EPS": 7194,
        "PE": 0.7,
        "Book Price": 10.2
      }
    },
    {
      "quarter": "Q1 2011",
      "income status": {
        "Net sales": 6777,
        "Cost of goods sold": 6044,
        "Gross Profit": 733,
        "Financial expenses": 63,
        "Of which: Interest expense": 63,
        "Cost of sales": "N/A",
        "Enterprise cost management": 1181,
        "Total Operating Expenses": 1244,
        "Total revenue financing activities": 465,
        "Net profit from business activities": -47,
        "Profit": 90,
        "Profit before tax": 44,
        "Present corporate income tax expenses": 11,
        "Deferred income taxes expenses": "N/A",
        "The interests of minority shareholders": "N/A",
        "Total Cost of profits": 11,
        "Profit after tax corporate income": 33,
        "Volume": 1200000,
        "Close of Quarter": 4.9,
        "EPS": 3214.7,
        "Non-adjusted EPS": 7233,
        "PE": 0.7,
        "Book Price": 11.8
      }
    }
  ]
}