{
  "ticker": "TCS",
  "data": [
    {
      "quarter": "Q4 2016",
      "income status": {
        "Net sales": 875075,
        "Cost of goods sold": 783645,
        "Gross Profit": 91430,
        "Financial expenses": 22239,
        "Of which: Interest expense": 20383,
        "Cost of sales": 7012,
        "Enterprise cost management": 65985,
        "Total Operating Expenses": 95236,
        "Total revenue financing activities": 474,
        "Net profit from business activities": -3332,
        "Profit": 1192,
        "Profit before tax": -2140,
        "Present corporate income tax expenses": "N/A",
        "Deferred income taxes expenses": "N/A",
        "The interests of minority shareholders": "N/A",
        "Total Cost of profits": 0,
        "Profit after tax corporate income": -2140,
        "Volume": 26846773,
        "Close of Quarter": 5.1,
        "EPS": 323,
        "Non-adjusted EPS": 323,
        "PE": 15.8,
        "Book Price": 10.2
      }
    },
    {
      "quarter": "Q3 2016",
      "income status": {
        "Net sales": 1032233,
        "Cost of goods sold": 945399,
        "Gross Profit": 86834,
        "Financial expenses": 21493,
        "Of which: Interest expense": 21493,
        "Cost of sales": 4186,
        "Enterprise cost management": 59703,
        "Total Operating Expenses": 85382,
        "Total revenue financing activities": 463,
        "Net profit from business activities": 1915,
        "Profit": 617,
        "Profit before tax": 2532,
        "Present corporate income tax expenses": 325,
        "Deferred income taxes expenses": "N/A",
        "The interests of minority shareholders": "N/A",
        "Total Cost of profits": 325,
        "Profit after tax corporate income": 2207,
        "Volume": 14999229,
        "Close of Quarter": 4.8,
        "EPS": 197.8,
        "Non-adjusted EPS": 354,
        "PE": 13.6,
        "Book Price": 10.5
      }
    },
    {
      "quarter": "Q2 2016",
      "income status": {
        "Net sales": 783545,
        "Cost of goods sold": 694972,
        "Gross Profit": 88573,
        "Financial expenses": 24162,
        "Of which: Interest expense": 20345,
        "Cost of sales": 3240,
        "Enterprise cost management": 56345,
        "Total Operating Expenses": 83747,
        "Total revenue financing activities": 893,
        "Net profit from business activities": 5720,
        "Profit": 2474,
        "Profit before tax": 8194,
        "Present corporate income tax expenses": 1820,
        "Deferred income taxes expenses": "N/A",
        "The interests of minority shareholders": "N/A",
        "Total Cost of profits": 1820,
        "Profit after tax corporate income": 6374,
        "Volume": 14999229,
        "Close of Quarter": 5.5,
        "EPS": 78.8,
        "Non-adjusted EPS": 141,
        "PE": 38.9,
        "Book Price": 10.5
      }
    },
    {
      "quarter": "Q1 2016",
      "income status": {
        "Net sales": 999849,
        "Cost of goods sold": 921815,
        "Gross Profit": 78034,
        "Financial expenses": 17411,
        "Of which: Interest expense": 17411,
        "Cost of sales": 3473,
        "Enterprise cost management": 56151,
        "Total Operating Expenses": 77035,
        "Total revenue financing activities": 21,
        "Net profit from business activities": 1021,
        "Profit": 1770,
        "Profit before tax": 2790,
        "Present corporate income tax expenses": 558,
        "Deferred income taxes expenses": "N/A",
        "The interests of minority shareholders": "N/A",
        "Total Cost of profits": 558,
        "Profit after tax corporate income": 2232,
        "Volume": 14999229,
        "Close of Quarter": 4.5,
        "EPS": 619.6,
        "Non-adjusted EPS": 1109,
        "PE": 4.1,
        "Book Price": 10.2
      }
    },
    {
      "quarter": "Q4 2015",
      "income status": {
        "Net sales": 1137006,
        "Cost of goods sold": 1016955,
        "Gross Profit": 120051,
        "Financial expenses": 15535,
        "Of which: Interest expense": 15535,
        "Cost of sales": 4488,
        "Enterprise cost management": 110398,
        "Total Operating Expenses": 130421,
        "Total revenue financing activities": 449,
        "Net profit from business activities": -9920,
        "Profit": 4417,
        "Profit before tax": -5504,
        "Present corporate income tax expenses": "N/A",
        "Deferred income taxes expenses": "N/A",
        "The interests of minority shareholders": "N/A",
        "Total Cost of profits": 0,
        "Profit after tax corporate income": -5504,
        "Volume": 14999229,
        "Close of Quarter": 4.8,
        "EPS": 578.8,
        "Non-adjusted EPS": 1036,
        "PE": 4.6,
        "Book Price": 10.6
      }
    },
    {
      "quarter": "Q3 2015",
      "income status": {
        "Net sales": 970578,
        "Cost of goods sold": 908055,
        "Gross Profit": 62523,
        "Financial expenses": 17648,
        "Of which: Interest expense": 17648,
        "Cost of sales": -2373,
        "Enterprise cost management": 51157,
        "Total Operating Expenses": 66432,
        "Total revenue financing activities": 183,
        "Net profit from business activities": -3725,
        "Profit": 2513,
        "Profit before tax": -1212,
        "Present corporate income tax expenses": -231,
        "Deferred income taxes expenses": "N/A",
        "The interests of minority shareholders": "N/A",
        "Total Cost of profits": -231,
        "Profit after tax corporate income": -981,
        "Volume": 14999229,
        "Close of Quarter": 4.4,
        "EPS": 8348.1,
        "Non-adjusted EPS": 14942,
        "PE": 0.3,
        "Book Price": 10.8
      }
    },
    {
      "quarter": "Q2 2015",
      "income status": {
        "Net sales": 1284486,
        "Cost of goods sold": 1173257,
        "Gross Profit": 111229,
        "Financial expenses": 17083,
        "Of which: Interest expense": 15678,
        "Cost of sales": 4509,
        "Enterprise cost management": 67123,
        "Total Operating Expenses": 88715,
        "Total revenue financing activities": 147,
        "Net profit from business activities": 22660,
        "Profit": 3432,
        "Profit before tax": 26092,
        "Present corporate income tax expenses": 5208,
        "Deferred income taxes expenses": "N/A",
        "The interests of minority shareholders": "N/A",
        "Total Cost of profits": 5208,
        "Profit after tax corporate income": 20884,
        "Volume": 14999229,
        "Close of Quarter": 4.8,
        "EPS": 2608.6,
        "Non-adjusted EPS": 4669,
        "PE": 1.0,
        "Book Price": 10.8
      }
    },
    {
      "quarter": "Q1 2015",
      "income status": {
        "Net sales": 1323561,
        "Cost of goods sold": 1239127,
        "Gross Profit": 84434,
        "Financial expenses": 15430,
        "Of which: Interest expense": 15430,
        "Cost of sales": 4270,
        "Enterprise cost management": 66443,
        "Total Operating Expenses": 86143,
        "Total revenue financing activities": 69,
        "Net profit from business activities": -1640,
        "Profit": 3090,
        "Profit before tax": 1450,
        "Present corporate income tax expenses": 317,
        "Deferred income taxes expenses": "N/A",
        "The interests of minority shareholders": "N/A",
        "Total Cost of profits": 317,
        "Profit after tax corporate income": 1134,
        "Volume": 14999229,
        "Close of Quarter": 5.4,
        "EPS": -39.7,
        "Non-adjusted EPS": -71,
        "PE": -75.9,
        "Book Price": 10.1
      }
    },
    {
      "quarter": "Q4 2014",
      "income status": {
        "Net sales": 1323576,
        "Cost of goods sold": 1025795,
        "Gross Profit": 297780,
        "Financial expenses": 14474,
        "Of which: Interest expense": 14474,
        "Cost of sales": 5225,
        "Enterprise cost management": 61204,
        "Total Operating Expenses": 80903,
        "Total revenue financing activities": 42,
        "Net profit from business activities": 216920,
        "Profit": -13846,
        "Profit before tax": 203074,
        "Present corporate income tax expenses": "N/A",
        "Deferred income taxes expenses": "N/A",
        "The interests of minority shareholders": "N/A",
        "Total Cost of profits": 0,
        "Profit after tax corporate income": 203074,
        "Volume": 14999229,
        "Close of Quarter": 5.3,
        "EPS": 3.9,
        "Non-adjusted EPS": 7,
        "PE": 761.4,
        "Book Price": 10.1
      }
    },
    {
      "quarter": "Q3 2014",
      "income status": {
        "Net sales": 746560,
        "Cost of goods sold": 819827,
        "Gross Profit": -73267,
        "Financial expenses": 13276,
        "Of which: Interest expense": 13276,
        "Cost of sales": 15433,
        "Enterprise cost management": 53898,
        "Total Operating Expenses": 82607,
        "Total revenue financing activities": 55,
        "Net profit from business activities": -155818,
        "Profit": 761,
        "Profit before tax": -155058,
        "Present corporate income tax expenses": "N/A",
        "Deferred income taxes expenses": "N/A",
        "The interests of minority shareholders": "N/A",
        "Total Cost of profits": 0,
        "Profit after tax corporate income": -155058,
        "Volume": 14999229,
        "Close of Quarter": 5.9,
        "EPS": -2215.8,
        "Non-adjusted EPS": -3966,
        "PE": -1.5,
        "Book Price": 2.5
      }
    },
    {
      "quarter": "Q2 2014",
      "income status": {
        "Net sales": 1047212,
        "Cost of goods sold": 1024628,
        "Gross Profit": 22584,
        "Financial expenses": 15178,
        "Of which: Interest expense": 15178,
        "Cost of sales": 11897,
        "Enterprise cost management": 53117,
        "Total Operating Expenses": 80192,
        "Total revenue financing activities": 192,
        "Net profit from business activities": -57416,
        "Profit": 7196,
        "Profit before tax": -50221,
        "Present corporate income tax expenses": "N/A",
        "Deferred income taxes expenses": "N/A",
        "The interests of minority shareholders": "N/A",
        "Total Cost of profits": 0,
        "Profit after tax corporate income": -50221,
        "Volume": 14999229,
        "Close of Quarter": 5.6,
        "EPS": 2525.9,
        "Non-adjusted EPS": 4521,
        "PE": 1.2,
        "Book Price": 8.3
      }
    },
    {
      "quarter": "Q1 2014",
      "income status": {
        "Net sales": 973350,
        "Cost of goods sold": 895564,
        "Gross Profit": 77786,
        "Financial expenses": 21334,
        "Of which: Interest expense": 21334,
        "Cost of sales": 10299,
        "Enterprise cost management": 49923,
        "Total Operating Expenses": 81556,
        "Total revenue financing activities": 62,
        "Net profit from business activities": -3708,
        "Profit": 6590,
        "Profit before tax": 2882,
        "Present corporate income tax expenses": 576,
        "Deferred income taxes expenses": "N/A",
        "The interests of minority shareholders": "N/A",
        "Total Cost of profits": 576,
        "Profit after tax corporate income": 2306,
        "Volume": 14999229,
        "Close of Quarter": 6.6,
        "EPS": 1413.5,
        "Non-adjusted EPS": 2530,
        "PE": 2.6,
        "Book Price": 10.1
      }
    },
    {
      "quarter": "Q4 2013",
      "income status": {
        "Net sales": 1158454,
        "Cost of goods sold": 916577,
        "Gross Profit": 241877,
        "Financial expenses": 18342,
        "Of which: Interest expense": 18342,
        "Cost of sales": 33232,
        "Enterprise cost management": 57217,
        "Total Operating Expenses": 108791,
        "Total revenue financing activities": 112,
        "Net profit from business activities": 133198,
        "Profit": 23198,
        "Profit before tax": 156396,
        "Present corporate income tax expenses": 12915,
        "Deferred income taxes expenses": "N/A",
        "The interests of minority shareholders": "N/A",
        "Total Cost of profits": 12915,
        "Profit after tax corporate income": 143482,
        "Volume": 14999229,
        "Close of Quarter": 4.4,
        "EPS": 1823.6,
        "Non-adjusted EPS": 3264,
        "PE": 1.4,
        "Book Price": 11.5
      }
    },
    {
      "quarter": "Q3 2013",
      "income status": {
        "Net sales": 647299,
        "Cost of goods sold": 565659,
        "Gross Profit": 81639,
        "Financial expenses": 15607,
        "Of which: Interest expense": 15463,
        "Cost of sales": 23393,
        "Enterprise cost management": 32966,
        "Total Operating Expenses": 71966,
        "Total revenue financing activities": 116,
        "Net profit from business activities": 9789,
        "Profit": -37540,
        "Profit before tax": -27751,
        "Present corporate income tax expenses": "N/A",
        "Deferred income taxes expenses": "N/A",
        "The interests of minority shareholders": "N/A",
        "Total Cost of profits": 0,
        "Profit after tax corporate income": -27751,
        "Volume": 14999229,
        "Close of Quarter": 4.0,
        "EPS": -3096.9,
        "Non-adjusted EPS": -5543,
        "PE": -0.7,
        "Book Price": 6.1
      }
    },
    {
      "quarter": "Q2 2013",
      "income status": {
        "Net sales": 1039484,
        "Cost of goods sold": 1026765,
        "Gross Profit": 12718,
        "Financial expenses": 27298,
        "Of which: Interest expense": 21163,
        "Cost of sales": 22138,
        "Enterprise cost management": 49212,
        "Total Operating Expenses": 98648,
        "Total revenue financing activities": 238,
        "Net profit from business activities": -85690,
        "Profit": 1806,
        "Profit before tax": -83885,
        "Present corporate income tax expenses": -3798,
        "Deferred income taxes expenses": "N/A",
        "The interests of minority shareholders": "N/A",
        "Total Cost of profits": -3798,
        "Profit after tax corporate income": -80087,
        "Volume": 14999229,
        "Close of Quarter": 5.4,
        "EPS": -2222.5,
        "Non-adjusted EPS": -3978,
        "PE": -1.4,
        "Book Price": 7.2
      }
    },
    {
      "quarter": "Q1 2013",
      "income status": {
        "Net sales": 1006002,
        "Cost of goods sold": 895378,
        "Gross Profit": 110625,
        "Financial expenses": 23862,
        "Of which: Interest expense": 23862,
        "Cost of sales": 17256,
        "Enterprise cost management": 46133,
        "Total Operating Expenses": 87251,
        "Total revenue financing activities": 290,
        "Net profit from business activities": 23663,
        "Profit": -6545,
        "Profit before tax": 17118,
        "Present corporate income tax expenses": 3798,
        "Deferred income taxes expenses": "N/A",
        "The interests of minority shareholders": "N/A",
        "Total Cost of profits": 3798,
        "Profit after tax corporate income": 13320,
        "Volume": 14999229,
        "Close of Quarter": 5.7,
        "EPS": 1709.6,
        "Non-adjusted EPS": 3060,
        "PE": 1.9,
        "Book Price": 10.1
      }
    },
    {
      "quarter": "Q4 2012",
      "income status": {
        "Net sales": 800302,
        "Cost of goods sold": 667731,
        "Gross Profit": 132571,
        "Financial expenses": 23446,
        "Of which: Interest expense": 23437,
        "Cost of sales": 17589,
        "Enterprise cost management": 44937,
        "Total Operating Expenses": 85972,
        "Total revenue financing activities": 231,
        "Net profit from business activities": 46829,
        "Profit": -30988,
        "Profit before tax": 15841,
        "Present corporate income tax expenses": 4470,
        "Deferred income taxes expenses": "N/A",
        "The interests of minority shareholders": "N/A",
        "Total Cost of profits": 4470,
        "Profit after tax corporate income": 11371,
        "Volume": 14999229,
        "Close of Quarter": 5.3,
        "EPS": 2667.2,
        "Non-adjusted EPS": 4774,
        "PE": 1.1,
        "Book Price": 12.6
      }
    },
    {
      "quarter": "Q3 2012",
      "income status": {
        "Net sales": 726072,
        "Cost of goods sold": 658768,
        "Gross Profit": 67304,
        "Financial expenses": 23609,
        "Of which: Interest expense": 23604,
        "Cost of sales": 14227,
        "Enterprise cost management": 35463,
        "Total Operating Expenses": 73299,
        "Total revenue financing activities": 121,
        "Net profit from business activities": -5873,
        "Profit": 1606,
        "Profit before tax": -4267,
        "Present corporate income tax expenses": "N/A",
        "Deferred income taxes expenses": "N/A",
        "The interests of minority shareholders": "N/A",
        "Total Cost of profits": 0,
        "Profit after tax corporate income": -4267,
        "Volume": 14999229,
        "Close of Quarter": 5.6,
        "EPS": 8403.9,
        "Non-adjusted EPS": 15042,
        "PE": 0.4,
        "Book Price": 11.2
      }
    },
    {
      "quarter": "Q2 2012",
      "income status": {
        "Net sales": 823767,
        "Cost of goods sold": 707622,
        "Gross Profit": 116146,
        "Financial expenses": 23668,
        "Of which: Interest expense": 23668,
        "Cost of sales": 25253,
        "Enterprise cost management": 40449,
        "Total Operating Expenses": 89370,
        "Total revenue financing activities": 252,
        "Net profit from business activities": 27028,
        "Profit": 1603,
        "Profit before tax": 28631,
        "Present corporate income tax expenses": 3151,
        "Deferred income taxes expenses": "N/A",
        "The interests of minority shareholders": "N/A",
        "Total Cost of profits": 3151,
        "Profit after tax corporate income": 25480,
        "Volume": 14999229,
        "Close of Quarter": 5.2,
        "EPS": 3712.6,
        "Non-adjusted EPS": 6645,
        "PE": 0.8,
        "Book Price": 11.3
      }
    },
    {
      "quarter": "Q1 2012",
      "income status": {
        "Net sales": 1016853,
        "Cost of goods sold": 863215,
        "Gross Profit": 153639,
        "Financial expenses": 35062,
        "Of which: Interest expense": 35048,
        "Cost of sales": 23118,
        "Enterprise cost management": 45894,
        "Total Operating Expenses": 104074,
        "Total revenue financing activities": 567,
        "Net profit from business activities": 50131,
        "Profit": 1942,
        "Profit before tax": 52074,
        "Present corporate income tax expenses": 13052,
        "Deferred income taxes expenses": "N/A",
        "The interests of minority shareholders": "N/A",
        "Total Cost of profits": 13052,
        "Profit after tax corporate income": 39022,
        "Volume": 14999229,
        "Close of Quarter": 5.0,
        "EPS": 2867.8,
        "Non-adjusted EPS": 5133,
        "PE": 1.0,
        "Book Price": 10.4
      }
    },
    {
      "quarter": "Q4 2011",
      "income status": {
        "Net sales": 1420134,
        "Cost of goods sold": 1122143,
        "Gross Profit": 297990,
        "Financial expenses": 42383,
        "Of which: Interest expense": 41011,
        "Cost of sales": 26632,
        "Enterprise cost management": 70840,
        "Total Operating Expenses": 139855,
        "Total revenue financing activities": 283,
        "Net profit from business activities": 158418,
        "Profit": 10766,
        "Profit before tax": 89802,
        "Present corporate income tax expenses": 3796,
        "Deferred income taxes expenses": "N/A",
        "The interests of minority shareholders": "N/A",
        "Total Cost of profits": 3796,
        "Profit after tax corporate income": 165388,
        "Volume": 14999229,
        "Close of Quarter": 3.2,
        "EPS": 2958.3,
        "Non-adjusted EPS": 5295,
        "PE": 0.6,
        "Book Price": 10.7
      }
    },
    {
      "quarter": "Q3 2011",
      "income status": {
        "Net sales": 602595,
        "Cost of goods sold": 651285,
        "Gross Profit": -48690,
        "Financial expenses": 35551,
        "Of which: Interest expense": 35114,
        "Cost of sales": 20064,
        "Enterprise cost management": 33756,
        "Total Operating Expenses": 89371,
        "Total revenue financing activities": 2353,
        "Net profit from business activities": -135707,
        "Profit": 5493,
        "Profit before tax": -130214,
        "Present corporate income tax expenses": "N/A",
        "Deferred income taxes expenses": "N/A",
        "The interests of minority shareholders": "N/A",
        "Total Cost of profits": 0,
        "Profit after tax corporate income": -130214,
        "Volume": 10000000,
        "Close of Quarter": 4.5,
        "EPS": -2318.0,
        "Non-adjusted EPS": -6223,
        "PE": -0.7,
        "Book Price": 4.5
      }
    },
    {
      "quarter": "Q2 2011",
      "income status": {
        "Net sales": 911827,
        "Cost of goods sold": 802856,
        "Gross Profit": 108971,
        "Financial expenses": 33630,
        "Of which: Interest expense": 31121,
        "Cost of sales": 26985,
        "Enterprise cost management": 45298,
        "Total Operating Expenses": 105913,
        "Total revenue financing activities": 240,
        "Net profit from business activities": 3298,
        "Profit": -172,
        "Profit before tax": 3126,
        "Present corporate income tax expenses": 326,
        "Deferred income taxes expenses": "N/A",
        "The interests of minority shareholders": "N/A",
        "Total Cost of profits": 326,
        "Profit after tax corporate income": 2800,
        "Volume": 10000000,
        "Close of Quarter": 4.9,
        "EPS": 3284.6,
        "Non-adjusted EPS": 8818,
        "PE": 0.6,
        "Book Price": 9.4
      }
    },
    {
      "quarter": "Q1 2011",
      "income status": {
        "Net sales": 669944,
        "Cost of goods sold": 538991,
        "Gross Profit": 130953,
        "Financial expenses": 26154,
        "Of which: Interest expense": 24932,
        "Cost of sales": 25204,
        "Enterprise cost management": 34481,
        "Total Operating Expenses": 85839,
        "Total revenue financing activities": 261,
        "Net profit from business activities": 45375,
        "Profit": 689,
        "Profit before tax": 46063,
        "Present corporate income tax expenses": 4614,
        "Deferred income taxes expenses": "N/A",
        "The interests of minority shareholders": "N/A",
        "Total Cost of profits": 4614,
        "Profit after tax corporate income": 41450,
        "Volume": 10000000,
        "Close of Quarter": 4.6,
        "EPS": 3696.2,
        "Non-adjusted EPS": 9923,
        "PE": 0.5,
        "Book Price": 9.2
      }
    }
  ]
}