{
  "ticker": "SFI",
  "data": [
    {
      "quarter": "Q4 2016",
      "income status": {
        "Net sales": 149760,
        "Cost of goods sold": 111520,
        "Gross Profit": 38240,
        "Financial expenses": -1879,
        "Of which: Interest expense": "N/A",
        "Cost of sales": 14652,
        "Enterprise cost management": 28716,
        "Total Operating Expenses": 41489,
        "Total revenue financing activities": 10053,
        "Net profit from business activities": -2402,
        "Profit": 2664,
        "Profit before tax": 262,
        "Present corporate income tax expenses": 52,
        "Deferred income taxes expenses": "N/A",
        "The interests of minority shareholders": -4582,
        "Total Cost of profits": -4530,
        "Profit after tax corporate income": 4792,
        "Volume": 11368242,
        "Close of Quarter": 28.3,
        "EPS": 4607,
        "Non-adjusted EPS": 4607,
        "PE": 6.2,
        "Book Price": 29.9
      }
    },
    {
      "quarter": "Q3 2016",
      "income status": {
        "Net sales": 148854,
        "Cost of goods sold": 101565,
        "Gross Profit": 47289,
        "Financial expenses": 2477,
        "Of which: Interest expense": "N/A",
        "Cost of sales": 12021,
        "Enterprise cost management": 14947,
        "Total Operating Expenses": 29445,
        "Total revenue financing activities": 2982,
        "Net profit from business activities": 23625,
        "Profit": 579,
        "Profit before tax": 24204,
        "Present corporate income tax expenses": 4260,
        "Deferred income taxes expenses": "N/A",
        "The interests of minority shareholders": 2094,
        "Total Cost of profits": 6354,
        "Profit after tax corporate income": 17850,
        "Volume": 11368242,
        "Close of Quarter": 32.3,
        "EPS": 4606,
        "Non-adjusted EPS": 4606,
        "PE": 7.0,
        "Book Price": 29.4
      }
    },
    {
      "quarter": "Q2 2016",
      "income status": {
        "Net sales": 135253,
        "Cost of goods sold": 88477,
        "Gross Profit": 46777,
        "Financial expenses": 628,
        "Of which: Interest expense": "N/A",
        "Cost of sales": 7934,
        "Enterprise cost management": 15483,
        "Total Operating Expenses": 24045,
        "Total revenue financing activities": 8817,
        "Net profit from business activities": 26087,
        "Profit": -37,
        "Profit before tax": 26049,
        "Present corporate income tax expenses": 4947,
        "Deferred income taxes expenses": "N/A",
        "The interests of minority shareholders": 3136,
        "Total Cost of profits": 8083,
        "Profit after tax corporate income": 17966,
        "Volume": 11368242,
        "Close of Quarter": 25.1,
        "EPS": 4161,
        "Non-adjusted EPS": 4161,
        "PE": 6.0,
        "Book Price": 27.7
      }
    },
    {
      "quarter": "Q1 2016",
      "income status": {
        "Net sales": 132445,
        "Cost of goods sold": 91278,
        "Gross Profit": 41166,
        "Financial expenses": "N/A",
        "Of which: Interest expense": "N/A",
        "Cost of sales": 11762,
        "Enterprise cost management": 16241,
        "Total Operating Expenses": 28003,
        "Total revenue financing activities": 217,
        "Net profit from business activities": 15368,
        "Profit": 20,
        "Profit before tax": 15388,
        "Present corporate income tax expenses": 2712,
        "Deferred income taxes expenses": "N/A",
        "The interests of minority shareholders": 914,
        "Total Cost of profits": 3626,
        "Profit after tax corporate income": 11761,
        "Volume": 11368242,
        "Close of Quarter": 26.6,
        "EPS": 3865,
        "Non-adjusted EPS": 3865,
        "PE": 6.9,
        "Book Price": 27.6
      }
    },
    {
      "quarter": "Q4 2015",
      "income status": {
        "Net sales": 151697,
        "Cost of goods sold": 109205,
        "Gross Profit": 42492,
        "Financial expenses": 19,
        "Of which: Interest expense": "N/A",
        "Cost of sales": 19556,
        "Enterprise cost management": 22516,
        "Total Operating Expenses": 42091,
        "Total revenue financing activities": 3221,
        "Net profit from business activities": 5591,
        "Profit": -287,
        "Profit before tax": 5304,
        "Present corporate income tax expenses": 1011,
        "Deferred income taxes expenses": "N/A",
        "The interests of minority shareholders": -493,
        "Total Cost of profits": 518,
        "Profit after tax corporate income": 4786,
        "Volume": 10833089,
        "Close of Quarter": 28.8,
        "EPS": 3566.8,
        "Non-adjusted EPS": 3743,
        "PE": 7.7,
        "Book Price": 26.6
      }
    },
    {
      "quarter": "Q3 2015",
      "income status": {
        "Net sales": 138008,
        "Cost of goods sold": 95172,
        "Gross Profit": 42836,
        "Financial expenses": 644,
        "Of which: Interest expense": "N/A",
        "Cost of sales": 13049,
        "Enterprise cost management": 15773,
        "Total Operating Expenses": 29466,
        "Total revenue financing activities": 316,
        "Net profit from business activities": 17461,
        "Profit": 195,
        "Profit before tax": 17657,
        "Present corporate income tax expenses": 2822,
        "Deferred income taxes expenses": "N/A",
        "The interests of minority shareholders": 2045,
        "Total Cost of profits": 4867,
        "Profit after tax corporate income": 12790,
        "Volume": 10833089,
        "Close of Quarter": 25.1,
        "EPS": 3478.2,
        "Non-adjusted EPS": 3650,
        "PE": 6.9,
        "Book Price": 26.2
      }
    },
    {
      "quarter": "Q2 2015",
      "income status": {
        "Net sales": 137870,
        "Cost of goods sold": 79518,
        "Gross Profit": 58353,
        "Financial expenses": 2704,
        "Of which: Interest expense": "N/A",
        "Cost of sales": 7395,
        "Enterprise cost management": 27472,
        "Total Operating Expenses": 37571,
        "Total revenue financing activities": 2276,
        "Net profit from business activities": 23247,
        "Profit": -586,
        "Profit before tax": 22661,
        "Present corporate income tax expenses": 5105,
        "Deferred income taxes expenses": "N/A",
        "The interests of minority shareholders": 2958,
        "Total Cost of profits": 8063,
        "Profit after tax corporate income": 14599,
        "Volume": 10317704,
        "Close of Quarter": 23.5,
        "EPS": 5118.8,
        "Non-adjusted EPS": 5640,
        "PE": 4.2,
        "Book Price": 25.7
      }
    },
    {
      "quarter": "Q1 2015",
      "income status": {
        "Net sales": 137981,
        "Cost of goods sold": 88004,
        "Gross Profit": 49976,
        "Financial expenses": 1022,
        "Of which: Interest expense": "N/A",
        "Cost of sales": 10449,
        "Enterprise cost management": 27663,
        "Total Operating Expenses": 39134,
        "Total revenue financing activities": 1063,
        "Net profit from business activities": 11734,
        "Profit": 839,
        "Profit before tax": 12572,
        "Present corporate income tax expenses": 3237,
        "Deferred income taxes expenses": "N/A",
        "The interests of minority shareholders": 959,
        "Total Cost of profits": 4196,
        "Profit after tax corporate income": 8376,
        "Volume": 10317704,
        "Close of Quarter": 25.5,
        "EPS": 4361.0,
        "Non-adjusted EPS": 4805,
        "PE": 5.3,
        "Book Price": 24.2
      }
    },
    {
      "quarter": "Q4 2014",
      "income status": {
        "Net sales": 156803,
        "Cost of goods sold": 104564,
        "Gross Profit": 52239,
        "Financial expenses": 1190,
        "Of which: Interest expense": 1190,
        "Cost of sales": 20221,
        "Enterprise cost management": 28249,
        "Total Operating Expenses": 49660,
        "Total revenue financing activities": 3492,
        "Net profit from business activities": 6092,
        "Profit": 31,
        "Profit before tax": 6123,
        "Present corporate income tax expenses": 497,
        "Deferred income taxes expenses": "N/A",
        "The interests of minority shareholders": 1846,
        "Total Cost of profits": 2343,
        "Profit after tax corporate income": 3780,
        "Volume": 10317704,
        "Close of Quarter": 23.8,
        "EPS": 4197.6,
        "Non-adjusted EPS": 4625,
        "PE": 5.1,
        "Book Price": 23.9
      }
    },
    {
      "quarter": "Q3 2014",
      "income status": {
        "Net sales": 177616,
        "Cost of goods sold": 121818,
        "Gross Profit": 55798,
        "Financial expenses": 1484,
        "Of which: Interest expense": "N/A",
        "Cost of sales": 12392,
        "Enterprise cost management": 29872,
        "Total Operating Expenses": 43748,
        "Total revenue financing activities": 3690,
        "Net profit from business activities": 36704,
        "Profit": 373,
        "Profit before tax": 37077,
        "Present corporate income tax expenses": 3628,
        "Deferred income taxes expenses": "N/A",
        "The interests of minority shareholders": 2016,
        "Total Cost of profits": 5644,
        "Profit after tax corporate income": 31433,
        "Volume": 10317704,
        "Close of Quarter": 25.4,
        "EPS": 4394.6,
        "Non-adjusted EPS": 4842,
        "PE": 5.3,
        "Book Price": 25.2
      }
    },
    {
      "quarter": "Q2 2014",
      "income status": {
        "Net sales": 128479,
        "Cost of goods sold": 83538,
        "Gross Profit": 44941,
        "Financial expenses": 1483,
        "Of which: Interest expense": 900,
        "Cost of sales": 10799,
        "Enterprise cost management": 24296,
        "Total Operating Expenses": 36578,
        "Total revenue financing activities": 3464,
        "Net profit from business activities": 11222,
        "Profit": 84,
        "Profit before tax": 11305,
        "Present corporate income tax expenses": 3110,
        "Deferred income taxes expenses": "N/A",
        "The interests of minority shareholders": 2207,
        "Total Cost of profits": 5317,
        "Profit after tax corporate income": 5989,
        "Volume": 8704480,
        "Close of Quarter": 23.4,
        "EPS": 2333.0,
        "Non-adjusted EPS": 3047,
        "PE": 7.7,
        "Book Price": 23.5
      }
    },
    {
      "quarter": "Q1 2014",
      "income status": {
        "Net sales": 153092,
        "Cost of goods sold": 107407,
        "Gross Profit": 45685,
        "Financial expenses": 78,
        "Of which: Interest expense": 55,
        "Cost of sales": 11687,
        "Enterprise cost management": 29128,
        "Total Operating Expenses": 40893,
        "Total revenue financing activities": 1803,
        "Net profit from business activities": 9627,
        "Profit": 60,
        "Profit before tax": 9687,
        "Present corporate income tax expenses": 1853,
        "Deferred income taxes expenses": "N/A",
        "The interests of minority shareholders": 1315,
        "Total Cost of profits": 3168,
        "Profit after tax corporate income": 6519,
        "Volume": 8704480,
        "Close of Quarter": 26.8,
        "EPS": 2594.1,
        "Non-adjusted EPS": 3388,
        "PE": 7.9,
        "Book Price": 23.8
      }
    },
    {
      "quarter": "Q4 2013",
      "income status": {
        "Net sales": 128415,
        "Cost of goods sold": 93958,
        "Gross Profit": 34457,
        "Financial expenses": 206,
        "Of which: Interest expense": 203,
        "Cost of sales": 639,
        "Enterprise cost management": 33038,
        "Total Operating Expenses": 33883,
        "Total revenue financing activities": 18034,
        "Net profit from business activities": 18608,
        "Profit": -183,
        "Profit before tax": 9677,
        "Present corporate income tax expenses": 2035,
        "Deferred income taxes expenses": "N/A",
        "The interests of minority shareholders": 1628,
        "Total Cost of profits": 3663,
        "Profit after tax corporate income": 6014,
        "Volume": 8704480,
        "Close of Quarter": 24.2,
        "EPS": 2551.3,
        "Non-adjusted EPS": 3332,
        "PE": 7.3,
        "Book Price": 21.6
      }
    },
    {
      "quarter": "Q3 2013",
      "income status": {
        "Net sales": 123148,
        "Cost of goods sold": 86837,
        "Gross Profit": 36311,
        "Financial expenses": 1101,
        "Of which: Interest expense": 279,
        "Cost of sales": "N/A",
        "Enterprise cost management": 27260,
        "Total Operating Expenses": 28361,
        "Total revenue financing activities": 2460,
        "Net profit from business activities": 10411,
        "Profit": 200,
        "Profit before tax": 13440,
        "Present corporate income tax expenses": 3881,
        "Deferred income taxes expenses": "N/A",
        "The interests of minority shareholders": 1561,
        "Total Cost of profits": 5442,
        "Profit after tax corporate income": 7998,
        "Volume": 8704480,
        "Close of Quarter": 17.0,
        "EPS": 3072.7,
        "Non-adjusted EPS": 4013,
        "PE": 4.2,
        "Book Price": 21.1
      }
    },
    {
      "quarter": "Q2 2013",
      "income status": {
        "Net sales": 114972,
        "Cost of goods sold": 81231,
        "Gross Profit": 33741,
        "Financial expenses": 1688,
        "Of which: Interest expense": 407,
        "Cost of sales": "N/A",
        "Enterprise cost management": 22689,
        "Total Operating Expenses": 24377,
        "Total revenue financing activities": 2073,
        "Net profit from business activities": 11437,
        "Profit": -12,
        "Profit before tax": 14429,
        "Present corporate income tax expenses": 3199,
        "Deferred income taxes expenses": "N/A",
        "The interests of minority shareholders": 2266,
        "Total Cost of profits": 5465,
        "Profit after tax corporate income": 8963,
        "Volume": 8289981,
        "Close of Quarter": 15.4,
        "EPS": 3080.2,
        "Non-adjusted EPS": 4224,
        "PE": 3.7,
        "Book Price": 21.5
      }
    },
    {
      "quarter": "Q1 2013",
      "income status": {
        "Net sales": 93358,
        "Cost of goods sold": 66349,
        "Gross Profit": 27009,
        "Financial expenses": 448,
        "Of which: Interest expense": 105,
        "Cost of sales": "N/A",
        "Enterprise cost management": 21100,
        "Total Operating Expenses": 21548,
        "Total revenue financing activities": 1723,
        "Net profit from business activities": 7184,
        "Profit": -203,
        "Profit before tax": 9336,
        "Present corporate income tax expenses": 2125,
        "Deferred income taxes expenses": "N/A",
        "The interests of minority shareholders": 1180,
        "Total Cost of profits": 3305,
        "Profit after tax corporate income": 6030,
        "Volume": 8289981,
        "Close of Quarter": 15.3,
        "EPS": 3059.8,
        "Non-adjusted EPS": 4196,
        "PE": 3.7,
        "Book Price": 20.7
      }
    },
    {
      "quarter": "Q4 2012",
      "income status": {
        "Net sales": 105697,
        "Cost of goods sold": 56722,
        "Gross Profit": 48975,
        "Financial expenses": 298,
        "Of which: Interest expense": 154,
        "Cost of sales": "N/A",
        "Enterprise cost management": 46244,
        "Total Operating Expenses": 46542,
        "Total revenue financing activities": 9552,
        "Net profit from business activities": 11986,
        "Profit": 192,
        "Profit before tax": 17318,
        "Present corporate income tax expenses": 2297,
        "Deferred income taxes expenses": "N/A",
        "The interests of minority shareholders": 3079,
        "Total Cost of profits": 5376,
        "Profit after tax corporate income": 11943,
        "Volume": 8289981,
        "Close of Quarter": 11.6,
        "EPS": 3336.9,
        "Non-adjusted EPS": 4576,
        "PE": 2.5,
        "Book Price": 20.2
      }
    },
    {
      "quarter": "Q3 2012",
      "income status": {
        "Net sales": 95939,
        "Cost of goods sold": 56082,
        "Gross Profit": 39857,
        "Financial expenses": 76,
        "Of which: Interest expense": 39,
        "Cost of sales": "N/A",
        "Enterprise cost management": 34307,
        "Total Operating Expenses": 34383,
        "Total revenue financing activities": 2750,
        "Net profit from business activities": 8223,
        "Profit": 517,
        "Profit before tax": 11452,
        "Present corporate income tax expenses": 2445,
        "Deferred income taxes expenses": "N/A",
        "The interests of minority shareholders": 928,
        "Total Cost of profits": 3373,
        "Profit after tax corporate income": 8079,
        "Volume": 8289981,
        "Close of Quarter": 10.6,
        "EPS": 3124.7,
        "Non-adjusted EPS": 4285,
        "PE": 2.5,
        "Book Price": 19.1
      }
    },
    {
      "quarter": "Q2 2012",
      "income status": {
        "Net sales": 71711,
        "Cost of goods sold": 39664,
        "Gross Profit": 32048,
        "Financial expenses": 460,
        "Of which: Interest expense": "N/A",
        "Cost of sales": "N/A",
        "Enterprise cost management": 27871,
        "Total Operating Expenses": 28331,
        "Total revenue financing activities": 5833,
        "Net profit from business activities": 9550,
        "Profit": 6,
        "Profit before tax": 12324,
        "Present corporate income tax expenses": 2230,
        "Deferred income taxes expenses": "N/A",
        "The interests of minority shareholders": 1360,
        "Total Cost of profits": 3590,
        "Profit after tax corporate income": 8734,
        "Volume": 8289981,
        "Close of Quarter": 11.0,
        "EPS": 3161.2,
        "Non-adjusted EPS": 4335,
        "PE": 2.5,
        "Book Price": 18.1
      }
    },
    {
      "quarter": "Q1 2012",
      "income status": {
        "Net sales": 59661,
        "Cost of goods sold": 34004,
        "Gross Profit": 25657,
        "Financial expenses": 1020,
        "Of which: Interest expense": "N/A",
        "Cost of sales": "N/A",
        "Enterprise cost management": 20709,
        "Total Operating Expenses": 21729,
        "Total revenue financing activities": 4271,
        "Net profit from business activities": 8198,
        "Profit": 7,
        "Profit before tax": 12388,
        "Present corporate income tax expenses": 2114,
        "Deferred income taxes expenses": "N/A",
        "The interests of minority shareholders": 1095,
        "Total Cost of profits": 3209,
        "Profit after tax corporate income": 9179,
        "Volume": 8289981,
        "Close of Quarter": 9.6,
        "EPS": 2872.4,
        "Non-adjusted EPS": 3939,
        "PE": 2.4,
        "Book Price": 18.6
      }
    },
    {
      "quarter": "Q4 2011",
      "income status": {
        "Net sales": 60164,
        "Cost of goods sold": 38068,
        "Gross Profit": 22097,
        "Financial expenses": 1420,
        "Of which: Interest expense": "N/A",
        "Cost of sales": "N/A",
        "Enterprise cost management": 20930,
        "Total Operating Expenses": 22350,
        "Total revenue financing activities": 3786,
        "Net profit from business activities": 3533,
        "Profit": 304,
        "Profit before tax": 10419,
        "Present corporate income tax expenses": 746,
        "Deferred income taxes expenses": "N/A",
        "The interests of minority shareholders": 144,
        "Total Cost of profits": 890,
        "Profit after tax corporate income": 9529,
        "Volume": 8289981,
        "Close of Quarter": 7.5,
        "EPS": 2689.4,
        "Non-adjusted EPS": 3688,
        "PE": 2.0,
        "Book Price": 18.2
      }
    },
    {
      "quarter": "Q3 2011",
      "income status": {
        "Net sales": 55753,
        "Cost of goods sold": 35110,
        "Gross Profit": 20643,
        "Financial expenses": 431,
        "Of which: Interest expense": "N/A",
        "Cost of sales": "N/A",
        "Enterprise cost management": 18321,
        "Total Operating Expenses": 18752,
        "Total revenue financing activities": 4300,
        "Net profit from business activities": 6191,
        "Profit": 5,
        "Profit before tax": 10822,
        "Present corporate income tax expenses": 1671,
        "Deferred income taxes expenses": "N/A",
        "The interests of minority shareholders": 655,
        "Total Cost of profits": 2326,
        "Profit after tax corporate income": 8496,
        "Volume": 8289981,
        "Close of Quarter": 7.7,
        "EPS": 2491.0,
        "Non-adjusted EPS": 3416,
        "PE": 2.3,
        "Book Price": 17.0
      }
    },
    {
      "quarter": "Q2 2011",
      "income status": {
        "Net sales": 51167,
        "Cost of goods sold": 31147,
        "Gross Profit": 20019,
        "Financial expenses": 1725,
        "Of which: Interest expense": "N/A",
        "Cost of sales": "N/A",
        "Enterprise cost management": 17319,
        "Total Operating Expenses": 19044,
        "Total revenue financing activities": 3931,
        "Net profit from business activities": 4907,
        "Profit": 85,
        "Profit before tax": 7459,
        "Present corporate income tax expenses": 1025,
        "Deferred income taxes expenses": "N/A",
        "The interests of minority shareholders": 987,
        "Total Cost of profits": 2012,
        "Profit after tax corporate income": 5447,
        "Volume": 8289981,
        "Close of Quarter": 7.8,
        "EPS": 2525.3,
        "Non-adjusted EPS": 3463,
        "PE": 2.3,
        "Book Price": 16.3
      }
    },
    {
      "quarter": "Q1 2011",
      "income status": {
        "Net sales": 44244,
        "Cost of goods sold": 25942,
        "Gross Profit": 18302,
        "Financial expenses": 3771,
        "Of which: Interest expense": "N/A",
        "Cost of sales": "N/A",
        "Enterprise cost management": 14038,
        "Total Operating Expenses": 17809,
        "Total revenue financing activities": 3980,
        "Net profit from business activities": 4473,
        "Profit": 655,
        "Profit before tax": 8180,
        "Present corporate income tax expenses": 1600,
        "Deferred income taxes expenses": "N/A",
        "The interests of minority shareholders": -523,
        "Total Cost of profits": 1077,
        "Profit after tax corporate income": 7103,
        "Volume": 8289981,
        "Close of Quarter": 8.6,
        "EPS": 2938.0,
        "Non-adjusted EPS": 4029,
        "PE": 2.1,
        "Book Price": 17.1
      }
    }
  ]
}