{
  "ticker": "DBC",
  "data": [
    {
      "quarter": "Q4 2016",
      "income status": {
        "Net sales": 1808679,
        "Cost of goods sold": 1611137,
        "Gross Profit": 197542,
        "Financial expenses": 30240,
        "Of which: Interest expense": 28715,
        "Cost of sales": 55341,
        "Enterprise cost management": 56725,
        "Total Operating Expenses": 142306,
        "Total revenue financing activities": 14771,
        "Net profit from business activities": 70007,
        "Profit": 895,
        "Profit before tax": 70902,
        "Present corporate income tax expenses": 11463,
        "Deferred income taxes expenses": "N/A",
        "The interests of minority shareholders": "N/A",
        "Total Cost of profits": 11463,
        "Profit after tax corporate income": 59439,
        "Volume": 75289959,
        "Close of Quarter": 33.6,
        "EPS": 5448.2,
        "Non-adjusted EPS": 5993,
        "PE": 5.6,
        "Book Price": 28.3
      }
    },
    {
      "quarter": "Q3 2016",
      "income status": {
        "Net sales": 1588393,
        "Cost of goods sold": 1337287,
        "Gross Profit": 251106,
        "Financial expenses": 24236,
        "Of which: Interest expense": 24236,
        "Cost of sales": 45609,
        "Enterprise cost management": 51501,
        "Total Operating Expenses": 121346,
        "Total revenue financing activities": 12397,
        "Net profit from business activities": 142157,
        "Profit": 506,
        "Profit before tax": 142663,
        "Present corporate income tax expenses": 12896,
        "Deferred income taxes expenses": "N/A",
        "The interests of minority shareholders": "N/A",
        "Total Cost of profits": 12896,
        "Profit after tax corporate income": 129767,
        "Volume": 75289959,
        "Close of Quarter": 35.6,
        "EPS": 5569.1,
        "Non-adjusted EPS": 6126,
        "PE": 5.8,
        "Book Price": 27.6
      }
    },
    {
      "quarter": "Q2 2016",
      "income status": {
        "Net sales": 1591673,
        "Cost of goods sold": 1399737,
        "Gross Profit": 191936,
        "Financial expenses": 30671,
        "Of which: Interest expense": 30663,
        "Cost of sales": 43394,
        "Enterprise cost management": 44543,
        "Total Operating Expenses": 118608,
        "Total revenue financing activities": 13808,
        "Net profit from business activities": 87137,
        "Profit": 148953,
        "Profit before tax": 236091,
        "Present corporate income tax expenses": 36790,
        "Deferred income taxes expenses": "N/A",
        "The interests of minority shareholders": "N/A",
        "Total Cost of profits": 36790,
        "Profit after tax corporate income": 199301,
        "Volume": 75289959,
        "Close of Quarter": 34.3,
        "EPS": 4884.6,
        "Non-adjusted EPS": 5373,
        "PE": 6.4,
        "Book Price": 26.4
      }
    },
    {
      "quarter": "Q1 2016",
      "income status": {
        "Net sales": 1267178,
        "Cost of goods sold": 1092828,
        "Gross Profit": 174350,
        "Financial expenses": 27649,
        "Of which: Interest expense": 27286,
        "Cost of sales": 38165,
        "Enterprise cost management": 39151,
        "Total Operating Expenses": 104965,
        "Total revenue financing activities": 3167,
        "Net profit from business activities": 72551,
        "Profit": 544,
        "Profit before tax": 73095,
        "Present corporate income tax expenses": 10384,
        "Deferred income taxes expenses": "N/A",
        "The interests of minority shareholders": "N/A",
        "Total Cost of profits": 10384,
        "Profit after tax corporate income": 62711,
        "Volume": 62741923,
        "Close of Quarter": 26.0,
        "EPS": 3120.5,
        "Non-adjusted EPS": 4119,
        "PE": 6.3,
        "Book Price": 24.0
      }
    },
    {
      "quarter": "Q4 2015",
      "income status": {
        "Net sales": 1429479,
        "Cost of goods sold": 1249158,
        "Gross Profit": 180321,
        "Financial expenses": 33537,
        "Of which: Interest expense": 25718,
        "Cost of sales": 39309,
        "Enterprise cost management": 46449,
        "Total Operating Expenses": 119295,
        "Total revenue financing activities": 5973,
        "Net profit from business activities": 66999,
        "Profit": 563,
        "Profit before tax": 67562,
        "Present corporate income tax expenses": -1908,
        "Deferred income taxes expenses": "N/A",
        "The interests of minority shareholders": "N/A",
        "Total Cost of profits": -1908,
        "Profit after tax corporate income": 69470,
        "Volume": 62741923,
        "Close of Quarter": 19.7,
        "EPS": 3053.0,
        "Non-adjusted EPS": 4030,
        "PE": 4.9,
        "Book Price": 23.5
      }
    },
    {
      "quarter": "Q3 2015",
      "income status": {
        "Net sales": 1564596,
        "Cost of goods sold": 1372006,
        "Gross Profit": 192590,
        "Financial expenses": 31074,
        "Of which: Interest expense": 19068,
        "Cost of sales": 39475,
        "Enterprise cost management": 44431,
        "Total Operating Expenses": 114980,
        "Total revenue financing activities": 2940,
        "Net profit from business activities": 80550,
        "Profit": 156,
        "Profit before tax": 80706,
        "Present corporate income tax expenses": 7623,
        "Deferred income taxes expenses": "N/A",
        "The interests of minority shareholders": "N/A",
        "Total Cost of profits": 7623,
        "Profit after tax corporate income": 73083,
        "Volume": 62741923,
        "Close of Quarter": 18.0,
        "EPS": 3547.0,
        "Non-adjusted EPS": 4682,
        "PE": 3.9,
        "Book Price": 23.0
      }
    },
    {
      "quarter": "Q2 2015",
      "income status": {
        "Net sales": 1499288,
        "Cost of goods sold": 1332764,
        "Gross Profit": 166524,
        "Financial expenses": 32042,
        "Of which: Interest expense": 26504,
        "Cost of sales": 37289,
        "Enterprise cost management": 37678,
        "Total Operating Expenses": 107009,
        "Total revenue financing activities": 5636,
        "Net profit from business activities": 65151,
        "Profit": 25,
        "Profit before tax": 65176,
        "Present corporate income tax expenses": 11989,
        "Deferred income taxes expenses": "N/A",
        "The interests of minority shareholders": "N/A",
        "Total Cost of profits": 11989,
        "Profit after tax corporate income": 53187,
        "Volume": 62741923,
        "Close of Quarter": 17.7,
        "EPS": 3184.1,
        "Non-adjusted EPS": 4203,
        "PE": 4.2,
        "Book Price": 22.2
      }
    },
    {
      "quarter": "Q1 2015",
      "income status": {
        "Net sales": 1245940,
        "Cost of goods sold": 1086237,
        "Gross Profit": 159703,
        "Financial expenses": 26381,
        "Of which: Interest expense": 22856,
        "Cost of sales": 32064,
        "Enterprise cost management": 35497,
        "Total Operating Expenses": 93942,
        "Total revenue financing activities": 2837,
        "Net profit from business activities": 68598,
        "Profit": 1575,
        "Profit before tax": 70173,
        "Present corporate income tax expenses": 13078,
        "Deferred income taxes expenses": "N/A",
        "The interests of minority shareholders": "N/A",
        "Total Cost of profits": 13078,
        "Profit after tax corporate income": 57095,
        "Volume": 62741923,
        "Close of Quarter": 21.2,
        "EPS": 2792.4,
        "Non-adjusted EPS": 3686,
        "PE": 5.8,
        "Book Price": 21.7
      }
    },
    {
      "quarter": "Q4 2014",
      "income status": {
        "Net sales": 1434874,
        "Cost of goods sold": 1222670,
        "Gross Profit": 212205,
        "Financial expenses": 24404,
        "Of which: Interest expense": 20250,
        "Cost of sales": 31548,
        "Enterprise cost management": 37731,
        "Total Operating Expenses": 93683,
        "Total revenue financing activities": 5169,
        "Net profit from business activities": 123692,
        "Profit": 3914,
        "Profit before tax": 127606,
        "Present corporate income tax expenses": 17230,
        "Deferred income taxes expenses": "N/A",
        "The interests of minority shareholders": "N/A",
        "Total Cost of profits": 17230,
        "Profit after tax corporate income": 110375,
        "Volume": 62741923,
        "Close of Quarter": 20.2,
        "EPS": 2484.9,
        "Non-adjusted EPS": 3280,
        "PE": 6.2,
        "Book Price": 22.1
      }
    },
    {
      "quarter": "Q3 2014",
      "income status": {
        "Net sales": 1274196,
        "Cost of goods sold": 1137081,
        "Gross Profit": 137115,
        "Financial expenses": 28278,
        "Of which: Interest expense": 28272,
        "Cost of sales": 28460,
        "Enterprise cost management": 35494,
        "Total Operating Expenses": 92232,
        "Total revenue financing activities": 3121,
        "Net profit from business activities": 48004,
        "Profit": 2057,
        "Profit before tax": 50061,
        "Present corporate income tax expenses": 7012,
        "Deferred income taxes expenses": "N/A",
        "The interests of minority shareholders": "N/A",
        "Total Cost of profits": 7012,
        "Profit after tax corporate income": 43049,
        "Volume": 62741923,
        "Close of Quarter": 19.5,
        "EPS": 2274.3,
        "Non-adjusted EPS": 3002,
        "PE": 6.5,
        "Book Price": 20.8
      }
    },
    {
      "quarter": "Q2 2014",
      "income status": {
        "Net sales": 1200240,
        "Cost of goods sold": 1083860,
        "Gross Profit": 116380,
        "Financial expenses": 38783,
        "Of which: Interest expense": 37916,
        "Cost of sales": 25154,
        "Enterprise cost management": 28422,
        "Total Operating Expenses": 92359,
        "Total revenue financing activities": 4258,
        "Net profit from business activities": 28280,
        "Profit": 216,
        "Profit before tax": 28496,
        "Present corporate income tax expenses": 7750,
        "Deferred income taxes expenses": "N/A",
        "The interests of minority shareholders": "N/A",
        "Total Cost of profits": 7750,
        "Profit after tax corporate income": 20745,
        "Volume": 62741923,
        "Close of Quarter": 15.0,
        "EPS": 2420.5,
        "Non-adjusted EPS": 3195,
        "PE": 4.7,
        "Book Price": 20.2
      }
    },
    {
      "quarter": "Q1 2014",
      "income status": {
        "Net sales": 1209461,
        "Cost of goods sold": 1087092,
        "Gross Profit": 122369,
        "Financial expenses": 31480,
        "Of which: Interest expense": 30956,
        "Cost of sales": 25674,
        "Enterprise cost management": 30927,
        "Total Operating Expenses": 88081,
        "Total revenue financing activities": 5243,
        "Net profit from business activities": 39530,
        "Profit": 3464,
        "Profit before tax": 42994,
        "Present corporate income tax expenses": 11391,
        "Deferred income taxes expenses": "N/A",
        "The interests of minority shareholders": "N/A",
        "Total Cost of profits": 11391,
        "Profit after tax corporate income": 31603,
        "Volume": 62741923,
        "Close of Quarter": 16.2,
        "EPS": 2413.7,
        "Non-adjusted EPS": 3186,
        "PE": 5.1,
        "Book Price": 21.2
      }
    },
    {
      "quarter": "Q4 2013",
      "income status": {
        "Net sales": 1313605,
        "Cost of goods sold": 1139235,
        "Gross Profit": 174371,
        "Financial expenses": 30208,
        "Of which: Interest expense": 26140,
        "Cost of sales": 24885,
        "Enterprise cost management": 20387,
        "Total Operating Expenses": 75480,
        "Total revenue financing activities": 8664,
        "Net profit from business activities": 107553,
        "Profit": 4918,
        "Profit before tax": 112471,
        "Present corporate income tax expenses": 19539,
        "Deferred income taxes expenses": "N/A",
        "The interests of minority shareholders": "N/A",
        "Total Cost of profits": 19539,
        "Profit after tax corporate income": 92933,
        "Volume": 62741923,
        "Close of Quarter": 13.3,
        "EPS": 2308.3,
        "Non-adjusted EPS": 3047,
        "PE": 4.4,
        "Book Price": 20.8
      }
    },
    {
      "quarter": "Q3 2013",
      "income status": {
        "Net sales": 1150558,
        "Cost of goods sold": 1006506,
        "Gross Profit": 144052,
        "Financial expenses": 26525,
        "Of which: Interest expense": 25901,
        "Cost of sales": 24751,
        "Enterprise cost management": 32047,
        "Total Operating Expenses": 83323,
        "Total revenue financing activities": 6221,
        "Net profit from business activities": 66950,
        "Profit": 2178,
        "Profit before tax": 69128,
        "Present corporate income tax expenses": 13970,
        "Deferred income taxes expenses": "N/A",
        "The interests of minority shareholders": "N/A",
        "Total Cost of profits": 13970,
        "Profit after tax corporate income": 55158,
        "Volume": 62741923,
        "Close of Quarter": 11.0,
        "EPS": 1028.0,
        "Non-adjusted EPS": 1357,
        "PE": 8.1,
        "Book Price": 19.7
      }
    },
    {
      "quarter": "Q2 2013",
      "income status": {
        "Net sales": 1101448,
        "Cost of goods sold": 1009469,
        "Gross Profit": 91979,
        "Financial expenses": 35630,
        "Of which: Interest expense": -96969,
        "Cost of sales": 21387,
        "Enterprise cost management": 28969,
        "Total Operating Expenses": 85986,
        "Total revenue financing activities": 8698,
        "Net profit from business activities": 14691,
        "Profit": 14316,
        "Profit before tax": 29007,
        "Present corporate income tax expenses": 8804,
        "Deferred income taxes expenses": "N/A",
        "The interests of minority shareholders": "N/A",
        "Total Cost of profits": 8804,
        "Profit after tax corporate income": 20203,
        "Volume": 62741923,
        "Close of Quarter": 12.3,
        "EPS": 575.8,
        "Non-adjusted EPS": 760,
        "PE": 16.2,
        "Book Price": 19.0
      }
    },
    {
      "quarter": "Q1 2013",
      "income status": {
        "Net sales": 1138668,
        "Cost of goods sold": 1039454,
        "Gross Profit": 99214,
        "Financial expenses": 33703,
        "Of which: Interest expense": 31909,
        "Cost of sales": 21007,
        "Enterprise cost management": 26250,
        "Total Operating Expenses": 80960,
        "Total revenue financing activities": 7226,
        "Net profit from business activities": 25479,
        "Profit": 4482,
        "Profit before tax": 29962,
        "Present corporate income tax expenses": 7105,
        "Deferred income taxes expenses": "N/A",
        "The interests of minority shareholders": "N/A",
        "Total Cost of profits": 7105,
        "Profit after tax corporate income": 22856,
        "Volume": 48409960,
        "Close of Quarter": 14.5,
        "EPS": 827.1,
        "Non-adjusted EPS": 1415,
        "PE": 10.3,
        "Book Price": 18.8
      }
    },
    {
      "quarter": "Q4 2012",
      "income status": {
        "Net sales": 708524,
        "Cost of goods sold": 671666,
        "Gross Profit": 36858,
        "Financial expenses": 26332,
        "Of which: Interest expense": 26327,
        "Cost of sales": 21131,
        "Enterprise cost management": 39855,
        "Total Operating Expenses": 87318,
        "Total revenue financing activities": 15122,
        "Net profit from business activities": -35337,
        "Profit": 2419,
        "Profit before tax": -32918,
        "Present corporate income tax expenses": -19847,
        "Deferred income taxes expenses": "N/A",
        "The interests of minority shareholders": "N/A",
        "Total Cost of profits": -19847,
        "Profit after tax corporate income": -13071,
        "Volume": 48409960,
        "Close of Quarter": 13.3,
        "EPS": 3015.6,
        "Non-adjusted EPS": 5159,
        "PE": 2.6,
        "Book Price": 16.6
      }
    },
    {
      "quarter": "Q3 2012",
      "income status": {
        "Net sales": 1089853,
        "Cost of goods sold": 1009582,
        "Gross Profit": 80271,
        "Financial expenses": 23836,
        "Of which: Interest expense": 23836,
        "Cost of sales": 20238,
        "Enterprise cost management": 25674,
        "Total Operating Expenses": 69748,
        "Total revenue financing activities": 7269,
        "Net profit from business activities": 17792,
        "Profit": 3042,
        "Profit before tax": 20834,
        "Present corporate income tax expenses": 3128,
        "Deferred income taxes expenses": "N/A",
        "The interests of minority shareholders": "N/A",
        "Total Cost of profits": 3128,
        "Profit after tax corporate income": 17706,
        "Volume": 48409960,
        "Close of Quarter": 12.4,
        "EPS": 3857.3,
        "Non-adjusted EPS": 6599,
        "PE": 1.9,
        "Book Price": 17.5
      }
    },
    {
      "quarter": "Q2 2012",
      "income status": {
        "Net sales": 910025,
        "Cost of goods sold": 754658,
        "Gross Profit": 155367,
        "Financial expenses": 40735,
        "Of which: Interest expense": 37719,
        "Cost of sales": 21851,
        "Enterprise cost management": 23718,
        "Total Operating Expenses": 86304,
        "Total revenue financing activities": 21510,
        "Net profit from business activities": 90574,
        "Profit": 1653,
        "Profit before tax": 92226,
        "Present corporate income tax expenses": 51231,
        "Deferred income taxes expenses": "N/A",
        "The interests of minority shareholders": "N/A",
        "Total Cost of profits": 51231,
        "Profit after tax corporate income": 40995,
        "Volume": 48409960,
        "Close of Quarter": 13.9,
        "EPS": 5094.7,
        "Non-adjusted EPS": 8716,
        "PE": 1.6,
        "Book Price": 17.2
      }
    },
    {
      "quarter": "Q1 2012",
      "income status": {
        "Net sales": 2065949,
        "Cost of goods sold": 1771840,
        "Gross Profit": 294109,
        "Financial expenses": 50777,
        "Of which: Interest expense": 50408,
        "Cost of sales": 17707,
        "Enterprise cost management": 23025,
        "Total Operating Expenses": 91509,
        "Total revenue financing activities": 13340,
        "Net profit from business activities": 215940,
        "Profit": 9538,
        "Profit before tax": 225478,
        "Present corporate income tax expenses": 21369,
        "Deferred income taxes expenses": "N/A",
        "The interests of minority shareholders": "N/A",
        "Total Cost of profits": 21369,
        "Profit after tax corporate income": 204109,
        "Volume": 43611100,
        "Close of Quarter": 11.7,
        "EPS": 4976.2,
        "Non-adjusted EPS": 9450,
        "PE": 1.2,
        "Book Price": 16.8
      }
    },
    {
      "quarter": "Q4 2011",
      "income status": {
        "Net sales": 1203320,
        "Cost of goods sold": 1088421,
        "Gross Profit": 114899,
        "Financial expenses": 35000,
        "Of which: Interest expense": 29456,
        "Cost of sales": 20082,
        "Enterprise cost management": 33212,
        "Total Operating Expenses": 88294,
        "Total revenue financing activities": 19658,
        "Net profit from business activities": 46262,
        "Profit": 8150,
        "Profit before tax": 54413,
        "Present corporate income tax expenses": -2221,
        "Deferred income taxes expenses": "N/A",
        "The interests of minority shareholders": "N/A",
        "Total Cost of profits": -2221,
        "Profit after tax corporate income": 56634,
        "Volume": 43611100,
        "Close of Quarter": 7.6,
        "EPS": 2661.4,
        "Non-adjusted EPS": 5054,
        "PE": 1.5,
        "Book Price": 14.9
      }
    },
    {
      "quarter": "Q3 2011",
      "income status": {
        "Net sales": 1173127,
        "Cost of goods sold": 986968,
        "Gross Profit": 186159,
        "Financial expenses": 29245,
        "Of which: Interest expense": 28655,
        "Cost of sales": 18877,
        "Enterprise cost management": 25346,
        "Total Operating Expenses": 73468,
        "Total revenue financing activities": 19629,
        "Net profit from business activities": 132320,
        "Profit": 3651,
        "Profit before tax": 135971,
        "Present corporate income tax expenses": 15773,
        "Deferred income taxes expenses": "N/A",
        "The interests of minority shareholders": "N/A",
        "Total Cost of profits": 15773,
        "Profit after tax corporate income": 120199,
        "Volume": 43611100,
        "Close of Quarter": 8.3,
        "EPS": 2341.2,
        "Non-adjusted EPS": 4446,
        "PE": 1.9,
        "Book Price": 14.3
      }
    },
    {
      "quarter": "Q2 2011",
      "income status": {
        "Net sales": 856602,
        "Cost of goods sold": 764752,
        "Gross Profit": 91850,
        "Financial expenses": 47068,
        "Of which: Interest expense": 35562,
        "Cost of sales": 14603,
        "Enterprise cost management": 19214,
        "Total Operating Expenses": 80885,
        "Total revenue financing activities": 19638,
        "Net profit from business activities": 30604,
        "Profit": 3204,
        "Profit before tax": 33808,
        "Present corporate income tax expenses": 2623,
        "Deferred income taxes expenses": "N/A",
        "The interests of minority shareholders": "N/A",
        "Total Cost of profits": 2623,
        "Profit after tax corporate income": 31185,
        "Volume": 43611100,
        "Close of Quarter": 8.0,
        "EPS": 1411.2,
        "Non-adjusted EPS": 2680,
        "PE": 3,
        "Book Price": 12.7
      }
    },
    {
      "quarter": "Q1 2011",
      "income status": {
        "Net sales": 684937,
        "Cost of goods sold": 628540,
        "Gross Profit": 56397,
        "Financial expenses": 28368,
        "Of which: Interest expense": 26994,
        "Cost of sales": 11959,
        "Enterprise cost management": 14896,
        "Total Operating Expenses": 55223,
        "Total revenue financing activities": 9400,
        "Net profit from business activities": 10575,
        "Profit": 2993,
        "Profit before tax": 13568,
        "Present corporate income tax expenses": 1155,
        "Deferred income taxes expenses": "N/A",
        "The interests of minority shareholders": "N/A",
        "Total Cost of profits": 1155,
        "Profit after tax corporate income": 12413,
        "Volume": 25446660,
        "Close of Quarter": 9.1,
        "EPS": 2209.2,
        "Non-adjusted EPS": 7190,
        "PE": 1.3,
        "Book Price": 12.3
      }
    }
  ]
}