{
  "ticker": "TV4",
  "data": [
    {
      "quarter": "Q4 2016",
      "income status": {
        "Net sales": 69234,
        "Cost of goods sold": 47838,
        "Gross Profit": 21396,
        "Financial expenses": 51,
        "Of which: Interest expense": 51,
        "Cost of sales": "N/A",
        "Enterprise cost management": 11857,
        "Total Operating Expenses": 11908,
        "Total revenue financing activities": 8326,
        "Net profit from business activities": 17815,
        "Profit": -2,
        "Profit before tax": 17813,
        "Present corporate income tax expenses": 1901,
        "Deferred income taxes expenses": "N/A",
        "The interests of minority shareholders": "N/A",
        "Total Cost of profits": 1901,
        "Profit after tax corporate income": 15912,
        "Volume": 14535466,
        "Close of Quarter": 13.6,
        "EPS": 1587,
        "Non-adjusted EPS": 1587,
        "PE": 8.6,
        "Book Price": 12.5
      }
    },
    {
      "quarter": "Q3 2016",
      "income status": {
        "Net sales": 34676,
        "Cost of goods sold": 27570,
        "Gross Profit": 7106,
        "Financial expenses": 55,
        "Of which: Interest expense": 55,
        "Cost of sales": 5,
        "Enterprise cost management": 4130,
        "Total Operating Expenses": 4190,
        "Total revenue financing activities": 26,
        "Net profit from business activities": 2941,
        "Profit": 11,
        "Profit before tax": 2952,
        "Present corporate income tax expenses": 590,
        "Deferred income taxes expenses": "N/A",
        "The interests of minority shareholders": "N/A",
        "Total Cost of profits": 590,
        "Profit after tax corporate income": 2361,
        "Volume": 14535466,
        "Close of Quarter": 12.0,
        "EPS": 1290,
        "Non-adjusted EPS": 1290,
        "PE": 9.3,
        "Book Price": 12.1
      }
    },
    {
      "quarter": "Q2 2016",
      "income status": {
        "Net sales": 39752,
        "Cost of goods sold": 24652,
        "Gross Profit": 15100,
        "Financial expenses": 66,
        "Of which: Interest expense": 66,
        "Cost of sales": "N/A",
        "Enterprise cost management": 11730,
        "Total Operating Expenses": 11796,
        "Total revenue financing activities": 93,
        "Net profit from business activities": 3398,
        "Profit": "N/A",
        "Profit before tax": 3398,
        "Present corporate income tax expenses": 680,
        "Deferred income taxes expenses": "N/A",
        "The interests of minority shareholders": "N/A",
        "Total Cost of profits": 680,
        "Profit after tax corporate income": 2718,
        "Volume": 14535466,
        "Close of Quarter": 12.6,
        "EPS": 1263,
        "Non-adjusted EPS": 1263,
        "PE": 10.0,
        "Book Price": 12.2
      }
    },
    {
      "quarter": "Q1 2016",
      "income status": {
        "Net sales": 30261,
        "Cost of goods sold": 21679,
        "Gross Profit": 8582,
        "Financial expenses": 64,
        "Of which: Interest expense": 64,
        "Cost of sales": "N/A",
        "Enterprise cost management": 6078,
        "Total Operating Expenses": 6142,
        "Total revenue financing activities": 106,
        "Net profit from business activities": 2545,
        "Profit": 52,
        "Profit before tax": 2597,
        "Present corporate income tax expenses": 519,
        "Deferred income taxes expenses": "N/A",
        "The interests of minority shareholders": "N/A",
        "Total Cost of profits": 519,
        "Profit after tax corporate income": 2078,
        "Volume": 14535466,
        "Close of Quarter": 11.9,
        "EPS": 1527,
        "Non-adjusted EPS": 1527,
        "PE": 7.8,
        "Book Price": 12.1
      }
    },
    {
      "quarter": "Q4 2015",
      "income status": {
        "Net sales": 45663,
        "Cost of goods sold": 28433,
        "Gross Profit": 17230,
        "Financial expenses": 45,
        "Of which: Interest expense": 35,
        "Cost of sales": "N/A",
        "Enterprise cost management": 11216,
        "Total Operating Expenses": 11261,
        "Total revenue financing activities": 6944,
        "Net profit from business activities": 12913,
        "Profit": 42,
        "Profit before tax": 12955,
        "Present corporate income tax expenses": 1365,
        "Deferred income taxes expenses": "N/A",
        "The interests of minority shareholders": "N/A",
        "Total Cost of profits": 1365,
        "Profit after tax corporate income": 11590,
        "Volume": 14535466,
        "Close of Quarter": 11.2,
        "EPS": 1551,
        "Non-adjusted EPS": 1551,
        "PE": 7.2,
        "Book Price": 12.4
      }
    },
    {
      "quarter": "Q3 2015",
      "income status": {
        "Net sales": 32942,
        "Cost of goods sold": 23904,
        "Gross Profit": 9037,
        "Financial expenses": 79,
        "Of which: Interest expense": 79,
        "Cost of sales": "N/A",
        "Enterprise cost management": 6553,
        "Total Operating Expenses": 6632,
        "Total revenue financing activities": 144,
        "Net profit from business activities": 2550,
        "Profit": -15,
        "Profit before tax": 2535,
        "Present corporate income tax expenses": 558,
        "Deferred income taxes expenses": "N/A",
        "The interests of minority shareholders": "N/A",
        "Total Cost of profits": 558,
        "Profit after tax corporate income": 1977,
        "Volume": 14535466,
        "Close of Quarter": 11.3,
        "EPS": 1340,
        "Non-adjusted EPS": 1340,
        "PE": 8.5,
        "Book Price": 11.6
      }
    },
    {
      "quarter": "Q2 2015",
      "income status": {
        "Net sales": 22290,
        "Cost of goods sold": 15769,
        "Gross Profit": 6521,
        "Financial expenses": 88,
        "Of which: Interest expense": 82,
        "Cost of sales": "N/A",
        "Enterprise cost management": 4764,
        "Total Operating Expenses": 4852,
        "Total revenue financing activities": 5289,
        "Net profit from business activities": 6958,
        "Profit": -18,
        "Profit before tax": 6940,
        "Present corporate income tax expenses": 385,
        "Deferred income taxes expenses": "N/A",
        "The interests of minority shareholders": "N/A",
        "Total Cost of profits": 385,
        "Profit after tax corporate income": 6556,
        "Volume": 14535466,
        "Close of Quarter": 11.3,
        "EPS": 2013,
        "Non-adjusted EPS": 2013,
        "PE": 5.6,
        "Book Price": 12
      }
    },
    {
      "quarter": "Q1 2015",
      "income status": {
        "Net sales": 39647,
        "Cost of goods sold": 29611,
        "Gross Profit": 10037,
        "Financial expenses": 76,
        "Of which: Interest expense": 74,
        "Cost of sales": "N/A",
        "Enterprise cost management": 6925,
        "Total Operating Expenses": 7001,
        "Total revenue financing activities": 118,
        "Net profit from business activities": 3154,
        "Profit": -48,
        "Profit before tax": 3106,
        "Present corporate income tax expenses": 683,
        "Deferred income taxes expenses": "N/A",
        "The interests of minority shareholders": "N/A",
        "Total Cost of profits": 683,
        "Profit after tax corporate income": 2423,
        "Volume": 14535466,
        "Close of Quarter": 11.8,
        "EPS": 1605,
        "Non-adjusted EPS": 1605,
        "PE": 7.3,
        "Book Price": 11.6
      }
    },
    {
      "quarter": "Q4 2014",
      "income status": {
        "Net sales": 51536,
        "Cost of goods sold": 37541,
        "Gross Profit": 13994,
        "Financial expenses": -36,
        "Of which: Interest expense": -53,
        "Cost of sales": "N/A",
        "Enterprise cost management": 9910,
        "Total Operating Expenses": 9874,
        "Total revenue financing activities": 5263,
        "Net profit from business activities": 9383,
        "Profit": 80,
        "Profit before tax": 9463,
        "Present corporate income tax expenses": 940,
        "Deferred income taxes expenses": "N/A",
        "The interests of minority shareholders": "N/A",
        "Total Cost of profits": 940,
        "Profit after tax corporate income": 8524,
        "Volume": 14535466,
        "Close of Quarter": 11,
        "EPS": 1537,
        "Non-adjusted EPS": 1537,
        "PE": 7.2,
        "Book Price": 11.9
      }
    },
    {
      "quarter": "Q3 2014",
      "income status": {
        "Net sales": 33684,
        "Cost of goods sold": 26253,
        "Gross Profit": 7431,
        "Financial expenses": 290,
        "Of which: Interest expense": 290,
        "Cost of sales": "N/A",
        "Enterprise cost management": 5508,
        "Total Operating Expenses": 5798,
        "Total revenue financing activities": 10392,
        "Net profit from business activities": 12024,
        "Profit": 129,
        "Profit before tax": 12153,
        "Present corporate income tax expenses": 389,
        "Deferred income taxes expenses": "N/A",
        "The interests of minority shareholders": "N/A",
        "Total Cost of profits": 389,
        "Profit after tax corporate income": 11764,
        "Volume": 14535466,
        "Close of Quarter": 9.3,
        "EPS": 709,
        "Non-adjusted EPS": 709,
        "PE": 13.1,
        "Book Price": 11.8
      }
    },
    {
      "quarter": "Q2 2014",
      "income status": {
        "Net sales": 17191,
        "Cost of goods sold": 12280,
        "Gross Profit": 4911,
        "Financial expenses": 345,
        "Of which: Interest expense": 304,
        "Cost of sales": "N/A",
        "Enterprise cost management": 3805,
        "Total Operating Expenses": 4150,
        "Total revenue financing activities": 35,
        "Net profit from business activities": 797,
        "Profit": 3,
        "Profit before tax": 800,
        "Present corporate income tax expenses": 176,
        "Deferred income taxes expenses": "N/A",
        "The interests of minority shareholders": "N/A",
        "Total Cost of profits": 176,
        "Profit after tax corporate income": 624,
        "Volume": 14535466,
        "Close of Quarter": 7.2,
        "EPS": 145,
        "Non-adjusted EPS": 145,
        "PE": 49.7,
        "Book Price": 11.3
      }
    },
    {
      "quarter": "Q1 2014",
      "income status": {
        "Net sales": 18136,
        "Cost of goods sold": 12176,
        "Gross Profit": 5960,
        "Financial expenses": 309,
        "Of which: Interest expense": 308,
        "Cost of sales": "N/A",
        "Enterprise cost management": 3850,
        "Total Operating Expenses": 4159,
        "Total revenue financing activities": 24,
        "Net profit from business activities": 1825,
        "Profit": 1,
        "Profit before tax": 1826,
        "Present corporate income tax expenses": 402,
        "Deferred income taxes expenses": "N/A",
        "The interests of minority shareholders": "N/A",
        "Total Cost of profits": 402,
        "Profit after tax corporate income": 1424,
        "Volume": 14535466,
        "Close of Quarter": 6.7,
        "EPS": 142,
        "Non-adjusted EPS": 142,
        "PE": 47.5,
        "Book Price": 11.3
      }
    },
    {
      "quarter": "Q4 2013",
      "income status": {
        "Net sales": 35121,
        "Cost of goods sold": 23422,
        "Gross Profit": 11698,
        "Financial expenses": 1069,
        "Of which: Interest expense": 883,
        "Cost of sales": "N/A",
        "Enterprise cost management": 14460,
        "Total Operating Expenses": 15529,
        "Total revenue financing activities": 9,
        "Net profit from business activities": -3822,
        "Profit": 321,
        "Profit before tax": -3501,
        "Present corporate income tax expenses": "N/A",
        "Deferred income taxes expenses": "N/A",
        "The interests of minority shareholders": "N/A",
        "Total Cost of profits": 0,
        "Profit after tax corporate income": -3501,
        "Volume": 10891568,
        "Close of Quarter": 6.6,
        "EPS": 263.0,
        "Non-adjusted EPS": 351,
        "PE": 18.8,
        "Book Price": 11.2
      }
    },
    {
      "quarter": "Q3 2013",
      "income status": {
        "Net sales": 33016,
        "Cost of goods sold": 21220,
        "Gross Profit": 11796,
        "Financial expenses": 1397,
        "Of which: Interest expense": 1134,
        "Cost of sales": 13,
        "Enterprise cost management": 5369,
        "Total Operating Expenses": 6779,
        "Total revenue financing activities": 8,
        "Net profit from business activities": 5025,
        "Profit": -19,
        "Profit before tax": 5006,
        "Present corporate income tax expenses": 1443,
        "Deferred income taxes expenses": "N/A",
        "The interests of minority shareholders": "N/A",
        "Total Cost of profits": 1443,
        "Profit after tax corporate income": 3563,
        "Volume": 10891568,
        "Close of Quarter": 6.4,
        "EPS": 1279.1,
        "Non-adjusted EPS": 1707,
        "PE": 3.7,
        "Book Price": 9.6
      }
    },
    {
      "quarter": "Q2 2013",
      "income status": {
        "Net sales": 12021,
        "Cost of goods sold": 6515,
        "Gross Profit": 5506,
        "Financial expenses": 1169,
        "Of which: Interest expense": 1166,
        "Cost of sales": "N/A",
        "Enterprise cost management": 3315,
        "Total Operating Expenses": 4484,
        "Total revenue financing activities": 30,
        "Net profit from business activities": 1052,
        "Profit": -23,
        "Profit before tax": 1029,
        "Present corporate income tax expenses": 454,
        "Deferred income taxes expenses": "N/A",
        "The interests of minority shareholders": "N/A",
        "Total Cost of profits": 454,
        "Profit after tax corporate income": 574,
        "Volume": 9076307,
        "Close of Quarter": 6.9,
        "EPS": 1330.7,
        "Non-adjusted EPS": 2131,
        "PE": 3.2,
        "Book Price": 9.4
      }
    },
    {
      "quarter": "Q1 2013",
      "income status": {
        "Net sales": 25001,
        "Cost of goods sold": 15258,
        "Gross Profit": 9743,
        "Financial expenses": 1100,
        "Of which: Interest expense": 1095,
        "Cost of sales": "N/A",
        "Enterprise cost management": 4245,
        "Total Operating Expenses": 5345,
        "Total revenue financing activities": 111,
        "Net profit from business activities": 4509,
        "Profit": "N/A",
        "Profit before tax": 4509,
        "Present corporate income tax expenses": 1316,
        "Deferred income taxes expenses": "N/A",
        "The interests of minority shareholders": "N/A",
        "Total Cost of profits": 1316,
        "Profit after tax corporate income": 3192,
        "Volume": 6041794,
        "Close of Quarter": 6.4,
        "EPS": 1312.2,
        "Non-adjusted EPS": 3157,
        "PE": 2.0,
        "Book Price": 9.4
      }
    },
    {
      "quarter": "Q4 2012",
      "income status": {
        "Net sales": 97297,
        "Cost of goods sold": 69261,
        "Gross Profit": 28036,
        "Financial expenses": 1568,
        "Of which: Interest expense": 1568,
        "Cost of sales": "N/A",
        "Enterprise cost management": 11699,
        "Total Operating Expenses": 13267,
        "Total revenue financing activities": 42,
        "Net profit from business activities": 14812,
        "Profit": 582,
        "Profit before tax": 15394,
        "Present corporate income tax expenses": 4129,
        "Deferred income taxes expenses": "N/A",
        "The interests of minority shareholders": "N/A",
        "Total Cost of profits": 4129,
        "Profit after tax corporate income": 11265,
        "Volume": 6041794,
        "Close of Quarter": 4.8,
        "EPS": 1390.8,
        "Non-adjusted EPS": 3346,
        "PE": 1.4,
        "Book Price": 9.2
      }
    },
    {
      "quarter": "Q3 2012",
      "income status": {
        "Net sales": 42503,
        "Cost of goods sold": 28143,
        "Gross Profit": 14361,
        "Financial expenses": 2083,
        "Of which: Interest expense": 2083,
        "Cost of sales": "N/A",
        "Enterprise cost management": 6233,
        "Total Operating Expenses": 8316,
        "Total revenue financing activities": 160,
        "Net profit from business activities": 6205,
        "Profit": 29,
        "Profit before tax": 6234,
        "Present corporate income tax expenses": 1924,
        "Deferred income taxes expenses": "N/A",
        "The interests of minority shareholders": "N/A",
        "Total Cost of profits": 1924,
        "Profit after tax corporate income": 4310,
        "Volume": 6041794,
        "Close of Quarter": 4.7,
        "EPS": 1037.1,
        "Non-adjusted EPS": 2495,
        "PE": 1.9,
        "Book Price": 6.7
      }
    },
    {
      "quarter": "Q2 2012",
      "income status": {
        "Net sales": 12554,
        "Cost of goods sold": 6639,
        "Gross Profit": 5915,
        "Financial expenses": 2068,
        "Of which: Interest expense": 4261,
        "Cost of sales": "N/A",
        "Enterprise cost management": 2941,
        "Total Operating Expenses": 5009,
        "Total revenue financing activities": 128,
        "Net profit from business activities": 1033,
        "Profit": -106,
        "Profit before tax": 928,
        "Present corporate income tax expenses": 619,
        "Deferred income taxes expenses": "N/A",
        "The interests of minority shareholders": "N/A",
        "Total Cost of profits": 619,
        "Profit after tax corporate income": 309,
        "Volume": 5040346,
        "Close of Quarter": 5.3,
        "EPS": 1041.3,
        "Non-adjusted EPS": 3003,
        "PE": 1.8,
        "Book Price": 6.4
      }
    },
    {
      "quarter": "Q1 2012",
      "income status": {
        "Net sales": 30061,
        "Cost of goods sold": 16278,
        "Gross Profit": 13784,
        "Financial expenses": 2692,
        "Of which: Interest expense": 497,
        "Cost of sales": 4,
        "Enterprise cost management": 4831,
        "Total Operating Expenses": 7527,
        "Total revenue financing activities": 267,
        "Net profit from business activities": 6524,
        "Profit": -4,
        "Profit before tax": 6520,
        "Present corporate income tax expenses": 2188,
        "Deferred income taxes expenses": "N/A",
        "The interests of minority shareholders": "N/A",
        "Total Cost of profits": 2188,
        "Profit after tax corporate income": 4331,
        "Volume": 5040346,
        "Close of Quarter": 5.5,
        "EPS": 1348.9,
        "Non-adjusted EPS": 3890,
        "PE": 1.4,
        "Book Price": 6.5
      }
    },
    {
      "quarter": "Q4 2011",
      "income status": {
        "Net sales": 82418,
        "Cost of goods sold": 63891,
        "Gross Profit": 18527,
        "Financial expenses": 1857,
        "Of which: Interest expense": 1854,
        "Cost of sales": "N/A",
        "Enterprise cost management": 8508,
        "Total Operating Expenses": 10365,
        "Total revenue financing activities": 569,
        "Net profit from business activities": 8732,
        "Profit": -129,
        "Profit before tax": 8603,
        "Present corporate income tax expenses": 2477,
        "Deferred income taxes expenses": "N/A",
        "The interests of minority shareholders": "N/A",
        "Total Cost of profits": 2477,
        "Profit after tax corporate income": 6126,
        "Volume": 5040346,
        "Close of Quarter": 3.1,
        "EPS": 1351.3,
        "Non-adjusted EPS": 3897,
        "PE": 0.8,
        "Book Price": 6.2
      }
    },
    {
      "quarter": "Q3 2011",
      "income status": {
        "Net sales": 29882,
        "Cost of goods sold": 15742,
        "Gross Profit": 14140,
        "Financial expenses": 2449,
        "Of which: Interest expense": 2449,
        "Cost of sales": 16,
        "Enterprise cost management": 5280,
        "Total Operating Expenses": 7745,
        "Total revenue financing activities": 106,
        "Net profit from business activities": 6502,
        "Profit": 2,
        "Profit before tax": 6503,
        "Present corporate income tax expenses": 2131,
        "Deferred income taxes expenses": "N/A",
        "The interests of minority shareholders": "N/A",
        "Total Cost of profits": 2131,
        "Profit after tax corporate income": 4372,
        "Volume": 5040346,
        "Close of Quarter": 4.1,
        "EPS": 1317.7,
        "Non-adjusted EPS": 3800,
        "PE": 1.1,
        "Book Price": 5.8
      }
    },
    {
      "quarter": "Q2 2011",
      "income status": {
        "Net sales": 39417,
        "Cost of goods sold": 25485,
        "Gross Profit": 13931,
        "Financial expenses": 2374,
        "Of which: Interest expense": 3370,
        "Cost of sales": 4,
        "Enterprise cost management": 5135,
        "Total Operating Expenses": 7513,
        "Total revenue financing activities": 516,
        "Net profit from business activities": 6935,
        "Profit": 95,
        "Profit before tax": 7030,
        "Present corporate income tax expenses": 2254,
        "Deferred income taxes expenses": "N/A",
        "The interests of minority shareholders": "N/A",
        "Total Cost of profits": 2254,
        "Profit after tax corporate income": 4776,
        "Volume": 4203888,
        "Close of Quarter": 4.8,
        "EPS": 1300.6,
        "Non-adjusted EPS": 4497,
        "PE": 1.1,
        "Book Price": 4.9
      }
    },
    {
      "quarter": "Q1 2011",
      "income status": {
        "Net sales": 30107,
        "Cost of goods sold": 16960,
        "Gross Profit": 13147,
        "Financial expenses": 2331,
        "Of which: Interest expense": 2331,
        "Cost of sales": 36,
        "Enterprise cost management": 4521,
        "Total Operating Expenses": 6888,
        "Total revenue financing activities": 144,
        "Net profit from business activities": 6403,
        "Profit": 75,
        "Profit before tax": 6478,
        "Present corporate income tax expenses": 2110,
        "Deferred income taxes expenses": "N/A",
        "The interests of minority shareholders": "N/A",
        "Total Cost of profits": 2110,
        "Profit after tax corporate income": 4368,
        "Volume": 4206023,
        "Close of Quarter": 5.6,
        "EPS": 1285.6,
        "Non-adjusted EPS": 4443,
        "PE": 1.3,
        "Book Price": 5.2
      }
    }
  ]
}