{
  "ticker": "PHH",
  "data": [
    {
      "quarter": "Q4 2016",
      "income status": {
        "Net sales": 237122,
        "Cost of goods sold": 219741,
        "Gross Profit": 17380,
        "Financial expenses": 623,
        "Of which: Interest expense": 623,
        "Cost of sales": 22,
        "Enterprise cost management": 13963,
        "Total Operating Expenses": 14608,
        "Total revenue financing activities": 1067,
        "Net profit from business activities": 3840,
        "Profit": 3509,
        "Profit before tax": 7349,
        "Present corporate income tax expenses": 4143,
        "Deferred income taxes expenses": "N/A",
        "The interests of minority shareholders": -81,
        "Total Cost of profits": 4062,
        "Profit after tax corporate income": 3286,
        "Volume": 18214000,
        "Close of Quarter": 10.2,
        "EPS": 1117,
        "Non-adjusted EPS": 1117,
        "PE": 9.1,
        "Book Price": 19.6
      }
    },
    {
      "quarter": "Q3 2016",
      "income status": {
        "Net sales": 85963,
        "Cost of goods sold": 78548,
        "Gross Profit": 7415,
        "Financial expenses": 888,
        "Of which: Interest expense": 888,
        "Cost of sales": 40,
        "Enterprise cost management": 5704,
        "Total Operating Expenses": 6632,
        "Total revenue financing activities": 1452,
        "Net profit from business activities": 2235,
        "Profit": 10,
        "Profit before tax": 2245,
        "Present corporate income tax expenses": 462,
        "Deferred income taxes expenses": "N/A",
        "The interests of minority shareholders": 496,
        "Total Cost of profits": 958,
        "Profit after tax corporate income": 1287,
        "Volume": 18214000,
        "Close of Quarter": 10.6,
        "EPS": 1550,
        "Non-adjusted EPS": 1550,
        "PE": 6.8,
        "Book Price": 19.2
      }
    },
    {
      "quarter": "Q2 2016",
      "income status": {
        "Net sales": 240650,
        "Cost of goods sold": 208238,
        "Gross Profit": 32412,
        "Financial expenses": 414,
        "Of which: Interest expense": 414,
        "Cost of sales": 180,
        "Enterprise cost management": 15727,
        "Total Operating Expenses": 16321,
        "Total revenue financing activities": 1348,
        "Net profit from business activities": 17440,
        "Profit": 177,
        "Profit before tax": 17617,
        "Present corporate income tax expenses": 1030,
        "Deferred income taxes expenses": 2050,
        "The interests of minority shareholders": 2688,
        "Total Cost of profits": 5768,
        "Profit after tax corporate income": 11849,
        "Volume": 18214000,
        "Close of Quarter": 7.5,
        "EPS": 1526,
        "Non-adjusted EPS": 1526,
        "PE": 4.9,
        "Book Price": 19.2
      }
    },
    {
      "quarter": "Q1 2016",
      "income status": {
        "Net sales": 189725,
        "Cost of goods sold": 175800,
        "Gross Profit": 13925,
        "Financial expenses": 399,
        "Of which: Interest expense": 399,
        "Cost of sales": 50,
        "Enterprise cost management": 5307,
        "Total Operating Expenses": 5756,
        "Total revenue financing activities": 1139,
        "Net profit from business activities": 9309,
        "Profit": -13,
        "Profit before tax": 9296,
        "Present corporate income tax expenses": 1322,
        "Deferred income taxes expenses": -66,
        "The interests of minority shareholders": 4124,
        "Total Cost of profits": 5380,
        "Profit after tax corporate income": 3916,
        "Volume": 18214000,
        "Close of Quarter": 5.7,
        "EPS": 864,
        "Non-adjusted EPS": 864,
        "PE": 6.6,
        "Book Price": 19.7
      }
    },
    {
      "quarter": "Q4 2015",
      "income status": {
        "Net sales": 610927,
        "Cost of goods sold": 557663,
        "Gross Profit": 53264,
        "Financial expenses": 1054,
        "Of which: Interest expense": 1044,
        "Cost of sales": 405,
        "Enterprise cost management": 41373,
        "Total Operating Expenses": 42832,
        "Total revenue financing activities": -4937,
        "Net profit from business activities": 5495,
        "Profit": 1534,
        "Profit before tax": 7029,
        "Present corporate income tax expenses": 3430,
        "Deferred income taxes expenses": -1782,
        "The interests of minority shareholders": -5801,
        "Total Cost of profits": -4153,
        "Profit after tax corporate income": 11183,
        "Volume": 18214000,
        "Close of Quarter": 6.9,
        "EPS": 663,
        "Non-adjusted EPS": 663,
        "PE": 10.4,
        "Book Price": 18.9
      }
    },
    {
      "quarter": "Q3 2015",
      "income status": {
        "Net sales": 257396,
        "Cost of goods sold": 226051,
        "Gross Profit": 31345,
        "Financial expenses": 2224,
        "Of which: Interest expense": 2214,
        "Cost of sales": "N/A",
        "Enterprise cost management": 38327,
        "Total Operating Expenses": 40551,
        "Total revenue financing activities": 9816,
        "Net profit from business activities": 610,
        "Profit": 867,
        "Profit before tax": 1477,
        "Present corporate income tax expenses": 311,
        "Deferred income taxes expenses": -2,
        "The interests of minority shareholders": 316,
        "Total Cost of profits": 625,
        "Profit after tax corporate income": 852,
        "Volume": 18214000,
        "Close of Quarter": 6.5,
        "EPS": 436,
        "Non-adjusted EPS": 436,
        "PE": 14.9,
        "Book Price": "N/A"
      }
    },
    {
      "quarter": "Q2 2015",
      "income status": {
        "Net sales": 76723,
        "Cost of goods sold": 64589,
        "Gross Profit": 12134,
        "Financial expenses": 2155,
        "Of which: Interest expense": 2155,
        "Cost of sales": 3,
        "Enterprise cost management": 11551,
        "Total Operating Expenses": 13709,
        "Total revenue financing activities": 1028,
        "Net profit from business activities": -547,
        "Profit": 485,
        "Profit before tax": -62,
        "Present corporate income tax expenses": 96,
        "Deferred income taxes expenses": -16,
        "The interests of minority shareholders": 62,
        "Total Cost of profits": 142,
        "Profit after tax corporate income": -205,
        "Volume": 18214000,
        "Close of Quarter": 6,
        "EPS": 486,
        "Non-adjusted EPS": 486,
        "PE": 12.4,
        "Book Price": 17.5
      }
    },
    {
      "quarter": "Q1 2015",
      "income status": {
        "Net sales": 73555,
        "Cost of goods sold": 64603,
        "Gross Profit": 8953,
        "Financial expenses": 1427,
        "Of which: Interest expense": 1427,
        "Cost of sales": "N/A",
        "Enterprise cost management": 7536,
        "Total Operating Expenses": 8963,
        "Total revenue financing activities": 181,
        "Net profit from business activities": 171,
        "Profit": 170,
        "Profit before tax": 341,
        "Present corporate income tax expenses": 61,
        "Deferred income taxes expenses": -10,
        "The interests of minority shareholders": 37,
        "Total Cost of profits": 88,
        "Profit after tax corporate income": 253,
        "Volume": 18214000,
        "Close of Quarter": 6.2,
        "EPS": 536,
        "Non-adjusted EPS": 536,
        "PE": 11.6,
        "Book Price": 17.5
      }
    },
    {
      "quarter": "Q4 2014",
      "income status": {
        "Net sales": 174924,
        "Cost of goods sold": 156404,
        "Gross Profit": 18520,
        "Financial expenses": 2275,
        "Of which: Interest expense": 2188,
        "Cost of sales": 176,
        "Enterprise cost management": 11337,
        "Total Operating Expenses": 13788,
        "Total revenue financing activities": 816,
        "Net profit from business activities": 5548,
        "Profit": 4013,
        "Profit before tax": 9561,
        "Present corporate income tax expenses": 2180,
        "Deferred income taxes expenses": -179,
        "The interests of minority shareholders": 512,
        "Total Cost of profits": 2513,
        "Profit after tax corporate income": 7048,
        "Volume": 18214000,
        "Close of Quarter": 6.2,
        "EPS": 558,
        "Non-adjusted EPS": 558,
        "PE": 11.1,
        "Book Price": 18.1
      }
    },
    {
      "quarter": "Q3 2014",
      "income status": {
        "Net sales": 112417,
        "Cost of goods sold": 100923,
        "Gross Profit": 11495,
        "Financial expenses": 2154,
        "Of which: Interest expense": 2154,
        "Cost of sales": "N/A",
        "Enterprise cost management": 7379,
        "Total Operating Expenses": 9533,
        "Total revenue financing activities": 53,
        "Net profit from business activities": 2015,
        "Profit": "N/A",
        "Profit before tax": 2015,
        "Present corporate income tax expenses": 154,
        "Deferred income taxes expenses": "N/A",
        "The interests of minority shareholders": 96,
        "Total Cost of profits": 250,
        "Profit after tax corporate income": 1764,
        "Volume": 18214000,
        "Close of Quarter": 6.7,
        "EPS": 826,
        "Non-adjusted EPS": 826,
        "PE": 8.1,
        "Book Price": 17.7
      }
    },
    {
      "quarter": "Q2 2014",
      "income status": {
        "Net sales": 176243,
        "Cost of goods sold": 161457,
        "Gross Profit": 14786,
        "Financial expenses": 3527,
        "Of which: Interest expense": 3527,
        "Cost of sales": 15,
        "Enterprise cost management": 10251,
        "Total Operating Expenses": 13793,
        "Total revenue financing activities": 204,
        "Net profit from business activities": 1197,
        "Profit": 54,
        "Profit before tax": 1251,
        "Present corporate income tax expenses": 334,
        "Deferred income taxes expenses": "N/A",
        "The interests of minority shareholders": 227,
        "Total Cost of profits": 561,
        "Profit after tax corporate income": 689,
        "Volume": 18214000,
        "Close of Quarter": 7.4,
        "EPS": 753,
        "Non-adjusted EPS": 753,
        "PE": 9.8,
        "Book Price": 17.6
      }
    },
    {
      "quarter": "Q1 2014",
      "income status": {
        "Net sales": 112753,
        "Cost of goods sold": 100580,
        "Gross Profit": 12173,
        "Financial expenses": 3410,
        "Of which: Interest expense": 3410,
        "Cost of sales": "N/A",
        "Enterprise cost management": 6801,
        "Total Operating Expenses": 10211,
        "Total revenue financing activities": 133,
        "Net profit from business activities": 2095,
        "Profit": -1175,
        "Profit before tax": 919,
        "Present corporate income tax expenses": 143,
        "Deferred income taxes expenses": "N/A",
        "The interests of minority shareholders": 115,
        "Total Cost of profits": 258,
        "Profit after tax corporate income": 661,
        "Volume": 18214000,
        "Close of Quarter": 10.8,
        "EPS": 720,
        "Non-adjusted EPS": 720,
        "PE": 15,
        "Book Price": 17.5
      }
    },
    {
      "quarter": "Q4 2013",
      "income status": {
        "Net sales": 434925,
        "Cost of goods sold": 401474,
        "Gross Profit": 33451,
        "Financial expenses": 4513,
        "Of which: Interest expense": 4513,
        "Cost of sales": 159,
        "Enterprise cost management": 11699,
        "Total Operating Expenses": 16371,
        "Total revenue financing activities": 314,
        "Net profit from business activities": 17394,
        "Profit": 1982,
        "Profit before tax": 15654,
        "Present corporate income tax expenses": 3173,
        "Deferred income taxes expenses": "N/A",
        "The interests of minority shareholders": 552,
        "Total Cost of profits": 3725,
        "Profit after tax corporate income": 11929,
        "Volume": 18214000,
        "Close of Quarter": 4,
        "EPS": 707,
        "Non-adjusted EPS": 707,
        "PE": 5.7,
        "Book Price": 14.4
      }
    },
    {
      "quarter": "Q3 2013",
      "income status": {
        "Net sales": 144949,
        "Cost of goods sold": 135093,
        "Gross Profit": 9856,
        "Financial expenses": 3263,
        "Of which: Interest expense": 3263,
        "Cost of sales": "N/A",
        "Enterprise cost management": 7929,
        "Total Operating Expenses": 11192,
        "Total revenue financing activities": 526,
        "Net profit from business activities": -810,
        "Profit": 1474,
        "Profit before tax": 663,
        "Present corporate income tax expenses": 143,
        "Deferred income taxes expenses": "N/A",
        "The interests of minority shareholders": 86,
        "Total Cost of profits": 229,
        "Profit after tax corporate income": 434,
        "Volume": 18214000,
        "Close of Quarter": 3,
        "EPS": 163,
        "Non-adjusted EPS": 163,
        "PE": 18.4,
        "Book Price": 13.7
      }
    },
    {
      "quarter": "Q2 2013",
      "income status": {
        "Net sales": 146179,
        "Cost of goods sold": 130416,
        "Gross Profit": 15763,
        "Financial expenses": 3191,
        "Of which: Interest expense": 3191,
        "Cost of sales": 23,
        "Enterprise cost management": 12563,
        "Total Operating Expenses": 15777,
        "Total revenue financing activities": 453,
        "Net profit from business activities": 439,
        "Profit": 88,
        "Profit before tax": 527,
        "Present corporate income tax expenses": 267,
        "Deferred income taxes expenses": "N/A",
        "The interests of minority shareholders": 161,
        "Total Cost of profits": 428,
        "Profit after tax corporate income": 98,
        "Volume": 18214000,
        "Close of Quarter": 3.6,
        "EPS": 338,
        "Non-adjusted EPS": 338,
        "PE": 10.7,
        "Book Price": 13.7
      }
    },
    {
      "quarter": "Q1 2013",
      "income status": {
        "Net sales": 125045,
        "Cost of goods sold": 117792,
        "Gross Profit": 7252,
        "Financial expenses": 2505,
        "Of which: Interest expense": 2505,
        "Cost of sales": "N/A",
        "Enterprise cost management": 4958,
        "Total Operating Expenses": 7463,
        "Total revenue financing activities": 272,
        "Net profit from business activities": 62,
        "Profit": 580,
        "Profit before tax": 643,
        "Present corporate income tax expenses": 158,
        "Deferred income taxes expenses": "N/A",
        "The interests of minority shareholders": 62,
        "Total Cost of profits": 220,
        "Profit after tax corporate income": 422,
        "Volume": 18214000,
        "Close of Quarter": 4.0,
        "EPS": 450,
        "Non-adjusted EPS": 450,
        "PE": 8.8,
        "Book Price": 13.8
      }
    },
    {
      "quarter": "Q4 2012",
      "income status": {
        "Net sales": 248974,
        "Cost of goods sold": 230112,
        "Gross Profit": 18862,
        "Financial expenses": 3088,
        "Of which: Interest expense": 3088,
        "Cost of sales": "N/A",
        "Enterprise cost management": 10749,
        "Total Operating Expenses": 13837,
        "Total revenue financing activities": 790,
        "Net profit from business activities": 5815,
        "Profit": -1154,
        "Profit before tax": 4660,
        "Present corporate income tax expenses": 2138,
        "Deferred income taxes expenses": "N/A",
        "The interests of minority shareholders": 502,
        "Total Cost of profits": 2640,
        "Profit after tax corporate income": 2020,
        "Volume": 18214000,
        "Close of Quarter": 3.7,
        "EPS": 774,
        "Non-adjusted EPS": 774,
        "PE": 4.8,
        "Book Price": 14.6
      }
    },
    {
      "quarter": "Q3 2012",
      "income status": {
        "Net sales": 164117,
        "Cost of goods sold": 149507,
        "Gross Profit": 14610,
        "Financial expenses": 3004,
        "Of which: Interest expense": 3004,
        "Cost of sales": "N/A",
        "Enterprise cost management": 8041,
        "Total Operating Expenses": 11045,
        "Total revenue financing activities": 652,
        "Net profit from business activities": 4217,
        "Profit": 13,
        "Profit before tax": 4230,
        "Present corporate income tax expenses": 430,
        "Deferred income taxes expenses": "N/A",
        "The interests of minority shareholders": 186,
        "Total Cost of profits": 616,
        "Profit after tax corporate income": 3614,
        "Volume": 18214000,
        "Close of Quarter": 3.6,
        "EPS": 699,
        "Non-adjusted EPS": 699,
        "PE": 5.2,
        "Book Price": 14.3
      }
    },
    {
      "quarter": "Q2 2012",
      "income status": {
        "Net sales": 215518,
        "Cost of goods sold": 198459,
        "Gross Profit": 17060,
        "Financial expenses": 4322,
        "Of which: Interest expense": 13722,
        "Cost of sales": "N/A",
        "Enterprise cost management": 10954,
        "Total Operating Expenses": 15276,
        "Total revenue financing activities": 489,
        "Net profit from business activities": 2272,
        "Profit": 345,
        "Profit before tax": 2618,
        "Present corporate income tax expenses": 330,
        "Deferred income taxes expenses": "N/A",
        "The interests of minority shareholders": 155,
        "Total Cost of profits": 485,
        "Profit after tax corporate income": 2133,
        "Volume": 18214000,
        "Close of Quarter": 4.9,
        "EPS": 604,
        "Non-adjusted EPS": 604,
        "PE": 8.1,
        "Book Price": 14.1
      }
    },
    {
      "quarter": "Q1 2012",
      "income status": {
        "Net sales": 172336,
        "Cost of goods sold": 165983,
        "Gross Profit": 6354,
        "Financial expenses": 15708,
        "Of which: Interest expense": 6308,
        "Cost of sales": 5,
        "Enterprise cost management": 7729,
        "Total Operating Expenses": 23442,
        "Total revenue financing activities": 24252,
        "Net profit from business activities": 7165,
        "Profit": -664,
        "Profit before tax": 6500,
        "Present corporate income tax expenses": 113,
        "Deferred income taxes expenses": "N/A",
        "The interests of minority shareholders": 53,
        "Total Cost of profits": 166,
        "Profit after tax corporate income": 6334,
        "Volume": 18214000,
        "Close of Quarter": 4.8,
        "EPS": 59,
        "Non-adjusted EPS": 59,
        "PE": 81.4,
        "Book Price": 14.5
      }
    },
    {
      "quarter": "Q4 2011",
      "income status": {
        "Net sales": 314011,
        "Cost of goods sold": 276959,
        "Gross Profit": 37053,
        "Financial expenses": 15886,
        "Of which: Interest expense": 15101,
        "Cost of sales": "N/A",
        "Enterprise cost management": 12526,
        "Total Operating Expenses": 28412,
        "Total revenue financing activities": 348,
        "Net profit from business activities": 8989,
        "Profit": "N/A",
        "Profit before tax": 8988,
        "Present corporate income tax expenses": 8112,
        "Deferred income taxes expenses": -69,
        "The interests of minority shareholders": 298,
        "Total Cost of profits": 8341,
        "Profit after tax corporate income": 647,
        "Volume": 18214000,
        "Close of Quarter": 3.2,
        "EPS": -155,
        "Non-adjusted EPS": -155,
        "PE": -20.5,
        "Book Price": 13.6
      }
    },
    {
      "quarter": "Q3 2011",
      "income status": {
        "Net sales": 163567,
        "Cost of goods sold": 149881,
        "Gross Profit": 13686,
        "Financial expenses": 3752,
        "Of which: Interest expense": 3752,
        "Cost of sales": "N/A",
        "Enterprise cost management": 7995,
        "Total Operating Expenses": 11747,
        "Total revenue financing activities": 494,
        "Net profit from business activities": 2432,
        "Profit": 495,
        "Profit before tax": 2927,
        "Present corporate income tax expenses": 947,
        "Deferred income taxes expenses": 13,
        "The interests of minority shareholders": 73,
        "Total Cost of profits": 1033,
        "Profit after tax corporate income": 1894,
        "Volume": 18214000,
        "Close of Quarter": 6.2,
        "EPS": 167,
        "Non-adjusted EPS": 167,
        "PE": 37.4,
        "Book Price": 13.5
      }
    },
    {
      "quarter": "Q2 2011",
      "income status": {
        "Net sales": 96553,
        "Cost of goods sold": 101949,
        "Gross Profit": -5397,
        "Financial expenses": 10609,
        "Of which: Interest expense": 10609,
        "Cost of sales": "N/A",
        "Enterprise cost management": 12808,
        "Total Operating Expenses": 23417,
        "Total revenue financing activities": 15401,
        "Net profit from business activities": -13413,
        "Profit": 3771,
        "Profit before tax": -9643,
        "Present corporate income tax expenses": -2778,
        "Deferred income taxes expenses": 819,
        "The interests of minority shareholders": 116,
        "Total Cost of profits": -1843,
        "Profit after tax corporate income": -7800,
        "Volume": 19000000,
        "Close of Quarter": 6.6,
        "EPS": 343.2,
        "Non-adjusted EPS": 329,
        "PE": 20.1,
        "Book Price": 13.6
      }
    },
    {
      "quarter": "Q1 2011",
      "income status": {
        "Net sales": 126625,
        "Cost of goods sold": 116519,
        "Gross Profit": 10106,
        "Financial expenses": 2902,
        "Of which: Interest expense": 2902,
        "Cost of sales": 7,
        "Enterprise cost management": 9214,
        "Total Operating Expenses": 12123,
        "Total revenue financing activities": 4733,
        "Net profit from business activities": 2717,
        "Profit": 343,
        "Profit before tax": 3059,
        "Present corporate income tax expenses": 554,
        "Deferred income taxes expenses": "N/A",
        "The interests of minority shareholders": 64,
        "Total Cost of profits": 618,
        "Profit after tax corporate income": 2441,
        "Volume": 19000000,
        "Close of Quarter": 9.7,
        "EPS": 1124.5,
        "Non-adjusted EPS": 1078,
        "PE": 9.0,
        "Book Price": 15.2
      }
    }
  ]
}