{
  "ticker": "SJS",
  "data": [
    {
      "quarter": "Q4 2016",
      "income status": {
        "Net sales": 18300,
        "Cost of goods sold": 14706,
        "Gross Profit": 3594,
        "Financial expenses": -14099,
        "Of which: Interest expense": "N/A",
        "Cost of sales": 2439,
        "Enterprise cost management": -4173,
        "Total Operating Expenses": -15833,
        "Total revenue financing activities": 2321,
        "Net profit from business activities": 19747,
        "Profit": -4615,
        "Profit before tax": 15132,
        "Present corporate income tax expenses": 2665,
        "Deferred income taxes expenses": 1127,
        "The interests of minority shareholders": 264,
        "Total Cost of profits": 4056,
        "Profit after tax corporate income": 11076,
        "Volume": 99041940,
        "Close of Quarter": 23.0,
        "EPS": 1785,
        "Non-adjusted EPS": 1785,
        "PE": 12.9,
        "Book Price": 21.3
      }
    },
    {
      "quarter": "Q3 2016",
      "income status": {
        "Net sales": 16145,
        "Cost of goods sold": 13802,
        "Gross Profit": 2343,
        "Financial expenses": -408,
        "Of which: Interest expense": "N/A",
        "Cost of sales": 1257,
        "Enterprise cost management": 5314,
        "Total Operating Expenses": 6163,
        "Total revenue financing activities": 2042,
        "Net profit from business activities": -1778,
        "Profit": 4920,
        "Profit before tax": 3142,
        "Present corporate income tax expenses": 111,
        "Deferred income taxes expenses": "N/A",
        "The interests of minority shareholders": 818,
        "Total Cost of profits": 929,
        "Profit after tax corporate income": 2213,
        "Volume": 99041940,
        "Close of Quarter": 27.9,
        "EPS": 2811,
        "Non-adjusted EPS": 2811,
        "PE": 9.9,
        "Book Price": 21.2
      }
    },
    {
      "quarter": "Q2 2016",
      "income status": {
        "Net sales": 472617,
        "Cost of goods sold": 246437,
        "Gross Profit": 226180,
        "Financial expenses": -730,
        "Of which: Interest expense": "N/A",
        "Cost of sales": 1461,
        "Enterprise cost management": 38736,
        "Total Operating Expenses": 39467,
        "Total revenue financing activities": -255,
        "Net profit from business activities": 185860,
        "Profit": 24,
        "Profit before tax": 185884,
        "Present corporate income tax expenses": 37483,
        "Deferred income taxes expenses": -260,
        "The interests of minority shareholders": 177,
        "Total Cost of profits": 37400,
        "Profit after tax corporate income": 148484,
        "Volume": 99041940,
        "Close of Quarter": 20.9,
        "EPS": 3533,
        "Non-adjusted EPS": 3533,
        "PE": 5.9,
        "Book Price": 21.2
      }
    },
    {
      "quarter": "Q1 2016",
      "income status": {
        "Net sales": 15872,
        "Cost of goods sold": -2143,
        "Gross Profit": 18015,
        "Financial expenses": -4082,
        "Of which: Interest expense": "N/A",
        "Cost of sales": 1117,
        "Enterprise cost management": 8789,
        "Total Operating Expenses": 5824,
        "Total revenue financing activities": 4661,
        "Net profit from business activities": 16853,
        "Profit": -79,
        "Profit before tax": 16774,
        "Present corporate income tax expenses": 1741,
        "Deferred income taxes expenses": "N/A",
        "The interests of minority shareholders": 38,
        "Total Cost of profits": 1779,
        "Profit after tax corporate income": 14995,
        "Volume": 99041940,
        "Close of Quarter": 18.9,
        "EPS": 2292,
        "Non-adjusted EPS": 2292,
        "PE": 8.2,
        "Book Price": 20.3
      }
    },
    {
      "quarter": "Q4 2015",
      "income status": {
        "Net sales": 386421,
        "Cost of goods sold": 169294,
        "Gross Profit": 217127,
        "Financial expenses": -530,
        "Of which: Interest expense": -2840,
        "Cost of sales": 2217,
        "Enterprise cost management": 47130,
        "Total Operating Expenses": 48817,
        "Total revenue financing activities": 937,
        "Net profit from business activities": 168011,
        "Profit": -11316,
        "Profit before tax": 156694,
        "Present corporate income tax expenses": 43048,
        "Deferred income taxes expenses": -457,
        "The interests of minority shareholders": 1354,
        "Total Cost of profits": 43945,
        "Profit after tax corporate income": 112749,
        "Volume": 99041940,
        "Close of Quarter": 23.0,
        "EPS": 2236,
        "Non-adjusted EPS": 2236,
        "PE": 10.3,
        "Book Price": 20.1
      }
    },
    {
      "quarter": "Q3 2015",
      "income status": {
        "Net sales": 258319,
        "Cost of goods sold": 219475,
        "Gross Profit": 38844,
        "Financial expenses": -65948,
        "Of which: Interest expense": 218,
        "Cost of sales": 1626,
        "Enterprise cost management": 25857,
        "Total Operating Expenses": -38465,
        "Total revenue financing activities": 3521,
        "Net profit from business activities": 80831,
        "Profit": -119,
        "Profit before tax": 80712,
        "Present corporate income tax expenses": 6944,
        "Deferred income taxes expenses": "N/A",
        "The interests of minority shareholders": 105,
        "Total Cost of profits": 7049,
        "Profit after tax corporate income": 73663,
        "Volume": 99041940,
        "Close of Quarter": 19.8,
        "EPS": 2391,
        "Non-adjusted EPS": 2391,
        "PE": 8.3,
        "Book Price": 18.9
      }
    },
    {
      "quarter": "Q2 2015",
      "income status": {
        "Net sales": 169219,
        "Cost of goods sold": 119296,
        "Gross Profit": 49922,
        "Financial expenses": 2652,
        "Of which: Interest expense": 2631,
        "Cost of sales": 2010,
        "Enterprise cost management": 7939,
        "Total Operating Expenses": 12601,
        "Total revenue financing activities": 1757,
        "Net profit from business activities": 37079,
        "Profit": -174,
        "Profit before tax": 36905,
        "Present corporate income tax expenses": 11939,
        "Deferred income taxes expenses": "N/A",
        "The interests of minority shareholders": -668,
        "Total Cost of profits": 11271,
        "Profit after tax corporate income": 25634,
        "Volume": 99041940,
        "Close of Quarter": 21.7,
        "EPS": 1744,
        "Non-adjusted EPS": 1744,
        "PE": 12.5,
        "Book Price": 18.2
      }
    },
    {
      "quarter": "Q1 2015",
      "income status": {
        "Net sales": 41322,
        "Cost of goods sold": 16350,
        "Gross Profit": 24972,
        "Financial expenses": 3371,
        "Of which: Interest expense": "N/A",
        "Cost of sales": 1566,
        "Enterprise cost management": 7617,
        "Total Operating Expenses": 12554,
        "Total revenue financing activities": 204,
        "Net profit from business activities": 12622,
        "Profit": -29,
        "Profit before tax": 12592,
        "Present corporate income tax expenses": 3124,
        "Deferred income taxes expenses": "N/A",
        "The interests of minority shareholders": 31,
        "Total Cost of profits": 3155,
        "Profit after tax corporate income": 9438,
        "Volume": 99041940,
        "Close of Quarter": 22.8,
        "EPS": 1621,
        "Non-adjusted EPS": 1621,
        "PE": 14.1,
        "Book Price": 17.9
      }
    },
    {
      "quarter": "Q4 2014",
      "income status": {
        "Net sales": 1141840,
        "Cost of goods sold": 839629,
        "Gross Profit": 302211,
        "Financial expenses": 20355,
        "Of which: Interest expense": 7725,
        "Cost of sales": 186,
        "Enterprise cost management": 98849,
        "Total Operating Expenses": 119390,
        "Total revenue financing activities": 1096,
        "Net profit from business activities": 164194,
        "Profit": 840,
        "Profit before tax": 165034,
        "Present corporate income tax expenses": 53391,
        "Deferred income taxes expenses": -214,
        "The interests of minority shareholders": -16244,
        "Total Cost of profits": 36933,
        "Profit after tax corporate income": 128102,
        "Volume": 99041940,
        "Close of Quarter": 24.6,
        "EPS": 1571,
        "Non-adjusted EPS": 1571,
        "PE": 15.6,
        "Book Price": 17.8
      }
    },
    {
      "quarter": "Q3 2014",
      "income status": {
        "Net sales": 37499,
        "Cost of goods sold": 22134,
        "Gross Profit": 15365,
        "Financial expenses": -3161,
        "Of which: Interest expense": "N/A",
        "Cost of sales": 382,
        "Enterprise cost management": 8334,
        "Total Operating Expenses": 5555,
        "Total revenue financing activities": 29,
        "Net profit from business activities": 9839,
        "Profit": -119,
        "Profit before tax": 9719,
        "Present corporate income tax expenses": 63,
        "Deferred income taxes expenses": "N/A",
        "The interests of minority shareholders": 59,
        "Total Cost of profits": 122,
        "Profit after tax corporate income": 9598,
        "Volume": 99041940,
        "Close of Quarter": 23.9,
        "EPS": 647,
        "Non-adjusted EPS": 647,
        "PE": 36.9,
        "Book Price": 16.7
      }
    },
    {
      "quarter": "Q2 2014",
      "income status": {
        "Net sales": 39565,
        "Cost of goods sold": 30127,
        "Gross Profit": 9439,
        "Financial expenses": 29850,
        "Of which: Interest expense": 5060,
        "Cost of sales": 348,
        "Enterprise cost management": 26147,
        "Total Operating Expenses": 56345,
        "Total revenue financing activities": 10884,
        "Net profit from business activities": -38161,
        "Profit": 50134,
        "Profit before tax": 11973,
        "Present corporate income tax expenses": 32,
        "Deferred income taxes expenses": "N/A",
        "The interests of minority shareholders": -1484,
        "Total Cost of profits": -1452,
        "Profit after tax corporate income": 13425,
        "Volume": 99041940,
        "Close of Quarter": 17.5,
        "EPS": 642,
        "Non-adjusted EPS": 642,
        "PE": 27.3,
        "Book Price": 16.6
      }
    },
    {
      "quarter": "Q1 2014",
      "income status": {
        "Net sales": 7051,
        "Cost of goods sold": 2134,
        "Gross Profit": 4917,
        "Financial expenses": -15530,
        "Of which: Interest expense": "N/A",
        "Cost of sales": 205,
        "Enterprise cost management": 15906,
        "Total Operating Expenses": 581,
        "Total revenue financing activities": 162,
        "Net profit from business activities": 4499,
        "Profit": 10,
        "Profit before tax": 4509,
        "Present corporate income tax expenses": 15,
        "Deferred income taxes expenses": "N/A",
        "The interests of minority shareholders": 8,
        "Total Cost of profits": 23,
        "Profit after tax corporate income": 4486,
        "Volume": 99041940,
        "Close of Quarter": 26.4,
        "EPS": 597,
        "Non-adjusted EPS": 597,
        "PE": 44.3,
        "Book Price": 16.5
      }
    },
    {
      "quarter": "Q4 2013",
      "income status": {
        "Net sales": 419861,
        "Cost of goods sold": 273981,
        "Gross Profit": 145880,
        "Financial expenses": 26489,
        "Of which: Interest expense": "N/A",
        "Cost of sales": 2717,
        "Enterprise cost management": 71306,
        "Total Operating Expenses": 100512,
        "Total revenue financing activities": 874,
        "Net profit from business activities": 46243,
        "Profit": 48,
        "Profit before tax": 39567,
        "Present corporate income tax expenses": 1020,
        "Deferred income taxes expenses": 1079,
        "The interests of minority shareholders": 932,
        "Total Cost of profits": 3031,
        "Profit after tax corporate income": 36536,
        "Volume": 99041940,
        "Close of Quarter": 18.1,
        "EPS": 712,
        "Non-adjusted EPS": 712,
        "PE": 25.4,
        "Book Price": 16.2
      }
    },
    {
      "quarter": "Q3 2013",
      "income status": {
        "Net sales": 58372,
        "Cost of goods sold": 29604,
        "Gross Profit": 28768,
        "Financial expenses": 5813,
        "Of which: Interest expense": "N/A",
        "Cost of sales": 398,
        "Enterprise cost management": 14117,
        "Total Operating Expenses": 20328,
        "Total revenue financing activities": 747,
        "Net profit from business activities": 9187,
        "Profit": "N/A",
        "Profit before tax": 9187,
        "Present corporate income tax expenses": 31,
        "Deferred income taxes expenses": "N/A",
        "The interests of minority shareholders": 52,
        "Total Cost of profits": 83,
        "Profit after tax corporate income": 9104,
        "Volume": 99041940,
        "Close of Quarter": 11.0,
        "EPS": -1433,
        "Non-adjusted EPS": -1433,
        "PE": -7.7,
        "Book Price": 15.8
      }
    },
    {
      "quarter": "Q2 2013",
      "income status": {
        "Net sales": 107344,
        "Cost of goods sold": 50258,
        "Gross Profit": 57086,
        "Financial expenses": 12237,
        "Of which: Interest expense": 816,
        "Cost of sales": 1727,
        "Enterprise cost management": 32455,
        "Total Operating Expenses": 46419,
        "Total revenue financing activities": 330,
        "Net profit from business activities": 10997,
        "Profit": 297,
        "Profit before tax": 10427,
        "Present corporate income tax expenses": 16,
        "Deferred income taxes expenses": 1439,
        "The interests of minority shareholders": -51,
        "Total Cost of profits": 1404,
        "Profit after tax corporate income": 9024,
        "Volume": 99041940,
        "Close of Quarter": 13.7,
        "EPS": -1832,
        "Non-adjusted EPS": -1832,
        "PE": -7.5,
        "Book Price": 15.7
      }
    },
    {
      "quarter": "Q1 2013",
      "income status": {
        "Net sales": 47088,
        "Cost of goods sold": 20468,
        "Gross Profit": 26620,
        "Financial expenses": -2486,
        "Of which: Interest expense": "N/A",
        "Cost of sales": 844,
        "Enterprise cost management": 13235,
        "Total Operating Expenses": 11593,
        "Total revenue financing activities": 837,
        "Net profit from business activities": 15864,
        "Profit": -27,
        "Profit before tax": 15837,
        "Present corporate income tax expenses": 18,
        "Deferred income taxes expenses": "N/A",
        "The interests of minority shareholders": -34,
        "Total Cost of profits": -16,
        "Profit after tax corporate income": 15852,
        "Volume": 99041940,
        "Close of Quarter": 19.1,
        "EPS": -2929,
        "Non-adjusted EPS": -2929,
        "PE": -6.5,
        "Book Price": 15.6
      }
    },
    {
      "quarter": "Q4 2012",
      "income status": {
        "Net sales": 30810,
        "Cost of goods sold": 170961,
        "Gross Profit": -140150,
        "Financial expenses": -3555,
        "Of which: Interest expense": "N/A",
        "Cost of sales": 813,
        "Enterprise cost management": 37765,
        "Total Operating Expenses": 35023,
        "Total revenue financing activities": 953,
        "Net profit from business activities": -174221,
        "Profit": 33,
        "Profit before tax": -174187,
        "Present corporate income tax expenses": 882,
        "Deferred income taxes expenses": "N/A",
        "The interests of minority shareholders": 790,
        "Total Cost of profits": 1672,
        "Profit after tax corporate income": -175859,
        "Volume": 99041940,
        "Close of Quarter": 21.3,
        "EPS": -3036,
        "Non-adjusted EPS": -3036,
        "PE": -7.0,
        "Book Price": 15.4
      }
    },
    {
      "quarter": "Q3 2012",
      "income status": {
        "Net sales": 12013,
        "Cost of goods sold": 15265,
        "Gross Profit": -3252,
        "Financial expenses": 9116,
        "Of which: Interest expense": 1560,
        "Cost of sales": 822,
        "Enterprise cost management": 19528,
        "Total Operating Expenses": 29466,
        "Total revenue financing activities": 1143,
        "Net profit from business activities": -31575,
        "Profit": -47,
        "Profit before tax": -31622,
        "Present corporate income tax expenses": "N/A",
        "Deferred income taxes expenses": "N/A",
        "The interests of minority shareholders": -1132,
        "Total Cost of profits": -1132,
        "Profit after tax corporate income": -30490,
        "Volume": 99041940,
        "Close of Quarter": 22.3,
        "EPS": -1991,
        "Non-adjusted EPS": -1991,
        "PE": -11.2,
        "Book Price": 17.2
      }
    },
    {
      "quarter": "Q2 2012",
      "income status": {
        "Net sales": 4446,
        "Cost of goods sold": 3860,
        "Gross Profit": 586,
        "Financial expenses": 47819,
        "Of which: Interest expense": 1615,
        "Cost of sales": 885,
        "Enterprise cost management": 50694,
        "Total Operating Expenses": 99398,
        "Total revenue financing activities": 3625,
        "Net profit from business activities": -95188,
        "Profit": 213,
        "Profit before tax": -102242,
        "Present corporate income tax expenses": 311,
        "Deferred income taxes expenses": "N/A",
        "The interests of minority shareholders": -3002,
        "Total Cost of profits": -2691,
        "Profit after tax corporate income": -99552,
        "Volume": 99041940,
        "Close of Quarter": 35.1,
        "EPS": -1799,
        "Non-adjusted EPS": -1799,
        "PE": -19.5,
        "Book Price": 17.5
      }
    },
    {
      "quarter": "Q1 2012",
      "income status": {
        "Net sales": 24657,
        "Cost of goods sold": 28153,
        "Gross Profit": -3496,
        "Financial expenses": -22997,
        "Of which: Interest expense": 143,
        "Cost of sales": 807,
        "Enterprise cost management": 13396,
        "Total Operating Expenses": -8794,
        "Total revenue financing activities": 1409,
        "Net profit from business activities": 6708,
        "Profit": "N/A",
        "Profit before tax": 6708,
        "Present corporate income tax expenses": 127,
        "Deferred income taxes expenses": "N/A",
        "The interests of minority shareholders": 1376,
        "Total Cost of profits": 1503,
        "Profit after tax corporate income": 5205,
        "Volume": 99041940,
        "Close of Quarter": 30.8,
        "EPS": -660,
        "Non-adjusted EPS": -660,
        "PE": -46.7,
        "Book Price": 18.6
      }
    },
    {
      "quarter": "Q4 2011",
      "income status": {
        "Net sales": 37225,
        "Cost of goods sold": 18586,
        "Gross Profit": 18639,
        "Financial expenses": 50226,
        "Of which: Interest expense": "N/A",
        "Cost of sales": 2133,
        "Enterprise cost management": 28703,
        "Total Operating Expenses": 81062,
        "Total revenue financing activities": 1164,
        "Net profit from business activities": -61260,
        "Profit": 2334,
        "Profit before tax": -73113,
        "Present corporate income tax expenses": -1797,
        "Deferred income taxes expenses": 19,
        "The interests of minority shareholders": 1031,
        "Total Cost of profits": -747,
        "Profit after tax corporate income": -72366,
        "Volume": 99041940,
        "Close of Quarter": 22.3,
        "EPS": -703,
        "Non-adjusted EPS": -703,
        "PE": -31.7,
        "Book Price": 18.7
      }
    },
    {
      "quarter": "Q3 2011",
      "income status": {
        "Net sales": 10238,
        "Cost of goods sold": 9400,
        "Gross Profit": 837,
        "Financial expenses": 143,
        "Of which: Interest expense": "N/A",
        "Cost of sales": 667,
        "Enterprise cost management": 13154,
        "Total Operating Expenses": 13964,
        "Total revenue financing activities": 2014,
        "Net profit from business activities": -11114,
        "Profit": -80,
        "Profit before tax": -11194,
        "Present corporate income tax expenses": 265,
        "Deferred income taxes expenses": "N/A",
        "The interests of minority shareholders": 23,
        "Total Cost of profits": 288,
        "Profit after tax corporate income": -11482,
        "Volume": 99041940,
        "Close of Quarter": 27.8,
        "EPS": 1530,
        "Non-adjusted EPS": 1530,
        "PE": 18.2,
        "Book Price": 19.4
      }
    },
    {
      "quarter": "Q2 2011",
      "income status": {
        "Net sales": 77818,
        "Cost of goods sold": 69055,
        "Gross Profit": 8763,
        "Financial expenses": -22797,
        "Of which: Interest expense": 1451,
        "Cost of sales": 1505,
        "Enterprise cost management": 20437,
        "Total Operating Expenses": -855,
        "Total revenue financing activities": 798,
        "Net profit from business activities": 10415,
        "Profit": -141,
        "Profit before tax": 10274,
        "Present corporate income tax expenses": 8959,
        "Deferred income taxes expenses": -11989,
        "The interests of minority shareholders": "N/A",
        "Total Cost of profits": -3030,
        "Profit after tax corporate income": 13304,
        "Volume": 99041940,
        "Close of Quarter": 30.8,
        "EPS": 2402,
        "Non-adjusted EPS": 2402,
        "PE": 12.8,
        "Book Price": 19.5
      }
    },
    {
      "quarter": "Q1 2011",
      "income status": {
        "Net sales": 12152,
        "Cost of goods sold": 10291,
        "Gross Profit": 1861,
        "Financial expenses": 84,
        "Of which: Interest expense": "N/A",
        "Cost of sales": 15,
        "Enterprise cost management": 1595,
        "Total Operating Expenses": 1694,
        "Total revenue financing activities": 882,
        "Net profit from business activities": 1049,
        "Profit": 142,
        "Profit before tax": 1190,
        "Present corporate income tax expenses": 262,
        "Deferred income taxes expenses": "N/A",
        "The interests of minority shareholders": "N/A",
        "Total Cost of profits": 262,
        "Profit after tax corporate income": 928,
        "Volume": 99041940,
        "Close of Quarter": 48.9,
        "EPS": 4442,
        "Non-adjusted EPS": 4442,
        "PE": 11.0,
        "Book Price": 21
      }
    }
  ]
}