{
  "ticker": "S33",
  "data": [
    {
      "quarter": "Q3 2015",
      "income status": {
        "Net sales": 31837,
        "Cost of goods sold": 28809,
        "Gross Profit": 3028,
        "Financial expenses": 1563,
        "Of which: Interest expense": 1563,
        "Cost of sales": 67,
        "Enterprise cost management": "N/A",
        "Total Operating Expenses": 1630,
        "Total revenue financing activities": 1557,
        "Net profit from business activities": 2955,
        "Profit": 154,
        "Profit before tax": 3109,
        "Present corporate income tax expenses": "N/A",
        "Deferred income taxes expenses": "N/A",
        "The interests of minority shareholders": "N/A",
        "Total Cost of profits": 0,
        "Profit after tax corporate income": 3109,
        "Volume": 8331409,
        "Close of Quarter": 21.8,
        "EPS": 5582,
        "Non-adjusted EPS": 5582,
        "PE": 3.9,
        "Book Price": 26.9
      }
    },
    {
      "quarter": "Q2 2015",
      "income status": {
        "Net sales": 225995,
        "Cost of goods sold": 178930,
        "Gross Profit": 47065,
        "Financial expenses": 11741,
        "Of which: Interest expense": 11741,
        "Cost of sales": 107,
        "Enterprise cost management": 8372,
        "Total Operating Expenses": 20220,
        "Total revenue financing activities": 1840,
        "Net profit from business activities": 28685,
        "Profit": 26,
        "Profit before tax": 28711,
        "Present corporate income tax expenses": 217,
        "Deferred income taxes expenses": "N/A",
        "The interests of minority shareholders": "N/A",
        "Total Cost of profits": 217,
        "Profit after tax corporate income": 28494,
        "Volume": 8331409,
        "Close of Quarter": 23.7,
        "EPS": 6328,
        "Non-adjusted EPS": 6328,
        "PE": 3.7,
        "Book Price": 26.5
      }
    },
    {
      "quarter": "Q1 2015",
      "income status": {
        "Net sales": 200649,
        "Cost of goods sold": 184318,
        "Gross Profit": 16330,
        "Financial expenses": 6981,
        "Of which: Interest expense": 6981,
        "Cost of sales": 66,
        "Enterprise cost management": 4399,
        "Total Operating Expenses": 11446,
        "Total revenue financing activities": 2925,
        "Net profit from business activities": 7809,
        "Profit": 40,
        "Profit before tax": 7849,
        "Present corporate income tax expenses": 392,
        "Deferred income taxes expenses": "N/A",
        "The interests of minority shareholders": "N/A",
        "Total Cost of profits": 392,
        "Profit after tax corporate income": 7456,
        "Volume": 8331409,
        "Close of Quarter": 23.7,
        "EPS": 3763,
        "Non-adjusted EPS": 3763,
        "PE": 6.3,
        "Book Price": 26.7
      }
    },
    {
      "quarter": "Q3 2014",
      "income status": {
        "Net sales": 114315,
        "Cost of goods sold": 100904,
        "Gross Profit": 13411,
        "Financial expenses": 6738,
        "Of which: Interest expense": 6738,
        "Cost of sales": 63,
        "Enterprise cost management": 2072,
        "Total Operating Expenses": 8873,
        "Total revenue financing activities": 3487,
        "Net profit from business activities": 8025,
        "Profit": 247,
        "Profit before tax": 8272,
        "Present corporate income tax expenses": 827,
        "Deferred income taxes expenses": "N/A",
        "The interests of minority shareholders": "N/A",
        "Total Cost of profits": 827,
        "Profit after tax corporate income": 7445,
        "Volume": 8331409,
        "Close of Quarter": 14.0,
        "EPS": 3487,
        "Non-adjusted EPS": 3487,
        "PE": 4,
        "Book Price": 25.7
      }
    },
    {
      "quarter": "Q2 2014",
      "income status": {
        "Net sales": 182891,
        "Cost of goods sold": 159134,
        "Gross Profit": 23757,
        "Financial expenses": 11176,
        "Of which: Interest expense": 11176,
        "Cost of sales": 167,
        "Enterprise cost management": 5980,
        "Total Operating Expenses": 17323,
        "Total revenue financing activities": 4337,
        "Net profit from business activities": 10772,
        "Profit": 3,
        "Profit before tax": 10775,
        "Present corporate income tax expenses": 1453,
        "Deferred income taxes expenses": "N/A",
        "The interests of minority shareholders": "N/A",
        "Total Cost of profits": 1453,
        "Profit after tax corporate income": 9322,
        "Volume": 8331409,
        "Close of Quarter": 14.0,
        "EPS": 3911,
        "Non-adjusted EPS": 3911,
        "PE": 3.6,
        "Book Price": 24.8
      }
    },
    {
      "quarter": "Q1 2014",
      "income status": {
        "Net sales": 214155,
        "Cost of goods sold": 190112,
        "Gross Profit": 24043,
        "Financial expenses": 13523,
        "Of which: Interest expense": 13523,
        "Cost of sales": 1757,
        "Enterprise cost management": 3850,
        "Total Operating Expenses": 19130,
        "Total revenue financing activities": 2605,
        "Net profit from business activities": 7518,
        "Profit": -17,
        "Profit before tax": 7501,
        "Present corporate income tax expenses": 375,
        "Deferred income taxes expenses": "N/A",
        "The interests of minority shareholders": "N/A",
        "Total Cost of profits": 375,
        "Profit after tax corporate income": 7126,
        "Volume": 8331409,
        "Close of Quarter": 14.0,
        "EPS": 2792,
        "Non-adjusted EPS": 2792,
        "PE": 5,
        "Book Price": 23.7
      }
    },
    {
      "quarter": "Q3 2013",
      "income status": {
        "Net sales": 57543,
        "Cost of goods sold": 51984,
        "Gross Profit": 5559,
        "Financial expenses": 3607,
        "Of which: Interest expense": 3607,
        "Cost of sales": 29,
        "Enterprise cost management": 1920,
        "Total Operating Expenses": 5556,
        "Total revenue financing activities": 5696,
        "Net profit from business activities": 5698,
        "Profit": 34,
        "Profit before tax": 5732,
        "Present corporate income tax expenses": 573,
        "Deferred income taxes expenses": "N/A",
        "The interests of minority shareholders": "N/A",
        "Total Cost of profits": 573,
        "Profit after tax corporate income": 5159,
        "Volume": 8331409,
        "Close of Quarter": 14.0,
        "EPS": 1937,
        "Non-adjusted EPS": 1937,
        "PE": 7.2,
        "Book Price": 22.4
      }
    },
    {
      "quarter": "Q2 2013",
      "income status": {
        "Net sales": 181591,
        "Cost of goods sold": 154051,
        "Gross Profit": 27540,
        "Financial expenses": 15330,
        "Of which: Interest expense": 15330,
        "Cost of sales": 38,
        "Enterprise cost management": 5158,
        "Total Operating Expenses": 20526,
        "Total revenue financing activities": 5153,
        "Net profit from business activities": 12168,
        "Profit": 27,
        "Profit before tax": 12195,
        "Present corporate income tax expenses": 1219,
        "Deferred income taxes expenses": "N/A",
        "The interests of minority shareholders": "N/A",
        "Total Cost of profits": 1219,
        "Profit after tax corporate income": 10975,
        "Volume": 8331409,
        "Close of Quarter": 14.0,
        "EPS": 1317,
        "Non-adjusted EPS": 1317,
        "PE": 10.6,
        "Book Price": "N/A"
      }
    }
  ]
}