{
  "ticker": "DRC",
  "data": [
    {
      "quarter": "Q4 2016",
      "income status": {
        "Net sales": 930144,
        "Cost of goods sold": 737831,
        "Gross Profit": 192313,
        "Financial expenses": 24003,
        "Of which: Interest expense": 10393,
        "Cost of sales": 28773,
        "Enterprise cost management": 14118,
        "Total Operating Expenses": 66894,
        "Total revenue financing activities": 2275,
        "Net profit from business activities": 127694,
        "Profit": 13933,
        "Profit before tax": 141626,
        "Present corporate income tax expenses": 28373,
        "Deferred income taxes expenses": "N/A",
        "The interests of minority shareholders": "N/A",
        "Total Cost of profits": 28373,
        "Profit after tax corporate income": 113254,
        "Volume": 118792605,
        "Close of Quarter": 30.8,
        "EPS": 3326,
        "Non-adjusted EPS": 3326,
        "PE": 9.3,
        "Book Price": 13.3
      }
    },
    {
      "quarter": "Q3 2016",
      "income status": {
        "Net sales": 794866,
        "Cost of goods sold": 644146,
        "Gross Profit": 150720,
        "Financial expenses": 17748,
        "Of which: Interest expense": 10482,
        "Cost of sales": 14260,
        "Enterprise cost management": 17052,
        "Total Operating Expenses": 49060,
        "Total revenue financing activities": 1838,
        "Net profit from business activities": 103498,
        "Profit": 491,
        "Profit before tax": 103989,
        "Present corporate income tax expenses": 20772,
        "Deferred income taxes expenses": "N/A",
        "The interests of minority shareholders": "N/A",
        "Total Cost of profits": 20772,
        "Profit after tax corporate income": 83218,
        "Volume": 118792605,
        "Close of Quarter": 38.6,
        "EPS": 3435,
        "Non-adjusted EPS": 3435,
        "PE": 11.2,
        "Book Price": 13.9
      }
    },
    {
      "quarter": "Q2 2016",
      "income status": {
        "Net sales": 887656,
        "Cost of goods sold": 685632,
        "Gross Profit": 202024,
        "Financial expenses": 19440,
        "Of which: Interest expense": 11362,
        "Cost of sales": 26776,
        "Enterprise cost management": 24709,
        "Total Operating Expenses": 70925,
        "Total revenue financing activities": 5109,
        "Net profit from business activities": 136208,
        "Profit": 1633,
        "Profit before tax": 137842,
        "Present corporate income tax expenses": 27604,
        "Deferred income taxes expenses": "N/A",
        "The interests of minority shareholders": "N/A",
        "Total Cost of profits": 27604,
        "Profit after tax corporate income": 110238,
        "Volume": 91380003,
        "Close of Quarter": 36.2,
        "EPS": 3448.5,
        "Non-adjusted EPS": 4483,
        "PE": 8.1,
        "Book Price": 13.2
      }
    },
    {
      "quarter": "Q1 2016",
      "income status": {
        "Net sales": 745933,
        "Cost of goods sold": 592601,
        "Gross Profit": 153332,
        "Financial expenses": 18888,
        "Of which: Interest expense": 10394,
        "Cost of sales": 15143,
        "Enterprise cost management": 17406,
        "Total Operating Expenses": 51437,
        "Total revenue financing activities": 6950,
        "Net profit from business activities": 108845,
        "Profit": 1600,
        "Profit before tax": 110445,
        "Present corporate income tax expenses": 22106,
        "Deferred income taxes expenses": "N/A",
        "The interests of minority shareholders": "N/A",
        "Total Cost of profits": 22106,
        "Profit after tax corporate income": 88339,
        "Volume": 91380003,
        "Close of Quarter": 29.6,
        "EPS": 3499.3,
        "Non-adjusted EPS": 4549,
        "PE": 6.5,
        "Book Price": 14.9
      }
    },
    {
      "quarter": "Q4 2015",
      "income status": {
        "Net sales": 854978,
        "Cost of goods sold": 638988,
        "Gross Profit": 215990,
        "Financial expenses": 19723,
        "Of which: Interest expense": 12882,
        "Cost of sales": 19957,
        "Enterprise cost management": 19248,
        "Total Operating Expenses": 58928,
        "Total revenue financing activities": 3127,
        "Net profit from business activities": 160189,
        "Profit": 1595,
        "Profit before tax": 161784,
        "Present corporate income tax expenses": 35583,
        "Deferred income taxes expenses": "N/A",
        "The interests of minority shareholders": "N/A",
        "Total Cost of profits": 35583,
        "Profit after tax corporate income": 126201,
        "Volume": 91380003,
        "Close of Quarter": 29.0,
        "EPS": 3492.4,
        "Non-adjusted EPS": 4540,
        "PE": 6.4,
        "Book Price": 14.1
      }
    },
    {
      "quarter": "Q3 2015",
      "income status": {
        "Net sales": 785766,
        "Cost of goods sold": 610789,
        "Gross Profit": 174977,
        "Financial expenses": 44325,
        "Of which: Interest expense": 12766,
        "Cost of sales": 11180,
        "Enterprise cost management": 14970,
        "Total Operating Expenses": 70475,
        "Total revenue financing activities": 2565,
        "Net profit from business activities": 107068,
        "Profit": 1740,
        "Profit before tax": 108809,
        "Present corporate income tax expenses": 23940,
        "Deferred income taxes expenses": "N/A",
        "The interests of minority shareholders": "N/A",
        "Total Cost of profits": 23940,
        "Profit after tax corporate income": 84869,
        "Volume": 91380003,
        "Close of Quarter": 30.8,
        "EPS": 3293.1,
        "Non-adjusted EPS": 4281,
        "PE": 7.2,
        "Book Price": 13
      }
    },
    {
      "quarter": "Q2 2015",
      "income status": {
        "Net sales": 910666,
        "Cost of goods sold": 674359,
        "Gross Profit": 236307,
        "Financial expenses": 28035,
        "Of which: Interest expense": 14622,
        "Cost of sales": 29149,
        "Enterprise cost management": 35697,
        "Total Operating Expenses": 92881,
        "Total revenue financing activities": 3552,
        "Net profit from business activities": 146978,
        "Profit": 2164,
        "Profit before tax": 149142,
        "Present corporate income tax expenses": 32892,
        "Deferred income taxes expenses": "N/A",
        "The interests of minority shareholders": "N/A",
        "Total Cost of profits": 32892,
        "Profit after tax corporate income": 116250,
        "Volume": 83073849,
        "Close of Quarter": 35.3,
        "EPS": 3122.5,
        "Non-adjusted EPS": 4465,
        "PE": 7.9,
        "Book Price": 12.3
      }
    },
    {
      "quarter": "Q1 2015",
      "income status": {
        "Net sales": 766278,
        "Cost of goods sold": 594133,
        "Gross Profit": 172145,
        "Financial expenses": 31702,
        "Of which: Interest expense": 14467,
        "Cost of sales": 15496,
        "Enterprise cost management": 14857,
        "Total Operating Expenses": 62055,
        "Total revenue financing activities": 1081,
        "Net profit from business activities": 111170,
        "Profit": 1142,
        "Profit before tax": 112312,
        "Present corporate income tax expenses": 24735,
        "Deferred income taxes expenses": "N/A",
        "The interests of minority shareholders": "N/A",
        "Total Cost of profits": 24735,
        "Profit after tax corporate income": 87577,
        "Volume": 83073849,
        "Close of Quarter": 34.9,
        "EPS": 2978.4,
        "Non-adjusted EPS": 4259,
        "PE": 8.2,
        "Book Price": 13.6
      }
    },
    {
      "quarter": "Q4 2014",
      "income status": {
        "Net sales": 914169,
        "Cost of goods sold": 645500,
        "Gross Profit": 268669,
        "Financial expenses": 36579,
        "Of which: Interest expense": 18315,
        "Cost of sales": 91493,
        "Enterprise cost management": 15463,
        "Total Operating Expenses": 143535,
        "Total revenue financing activities": 1840,
        "Net profit from business activities": 126974,
        "Profit": 5427,
        "Profit before tax": 132401,
        "Present corporate income tax expenses": 29905,
        "Deferred income taxes expenses": "N/A",
        "The interests of minority shareholders": "N/A",
        "Total Cost of profits": 29905,
        "Profit after tax corporate income": 102496,
        "Volume": 83073849,
        "Close of Quarter": 32.3,
        "EPS": 2963.7,
        "Non-adjusted EPS": 4238,
        "PE": 7.6,
        "Book Price": 12.9
      }
    },
    {
      "quarter": "Q3 2014",
      "income status": {
        "Net sales": 791567,
        "Cost of goods sold": 632159,
        "Gross Profit": 159408,
        "Financial expenses": 29792,
        "Of which: Interest expense": 19161,
        "Cost of sales": 28462,
        "Enterprise cost management": 24581,
        "Total Operating Expenses": 82835,
        "Total revenue financing activities": 5151,
        "Net profit from business activities": 81725,
        "Profit": 1067,
        "Profit before tax": 82792,
        "Present corporate income tax expenses": 18223,
        "Deferred income taxes expenses": "N/A",
        "The interests of minority shareholders": "N/A",
        "Total Cost of profits": 18223,
        "Profit after tax corporate income": 64569,
        "Volume": 83073849,
        "Close of Quarter": 35.1,
        "EPS": 2909.2,
        "Non-adjusted EPS": 4160,
        "PE": 8.5,
        "Book Price": 12.0
      }
    },
    {
      "quarter": "Q2 2014",
      "income status": {
        "Net sales": 867637,
        "Cost of goods sold": 665398,
        "Gross Profit": 202239,
        "Financial expenses": 42847,
        "Of which: Interest expense": 24770,
        "Cost of sales": 23906,
        "Enterprise cost management": 13778,
        "Total Operating Expenses": 80531,
        "Total revenue financing activities": 2324,
        "Net profit from business activities": 124033,
        "Profit": 3137,
        "Profit before tax": 127170,
        "Present corporate income tax expenses": 27960,
        "Deferred income taxes expenses": "N/A",
        "The interests of minority shareholders": "N/A",
        "Total Cost of profits": 27960,
        "Profit after tax corporate income": 99210,
        "Volume": 83073849,
        "Close of Quarter": 29.1,
        "EPS": 3127.4,
        "Non-adjusted EPS": 4472,
        "PE": 6.5,
        "Book Price": 11.5
      }
    },
    {
      "quarter": "Q1 2014",
      "income status": {
        "Net sales": 677994,
        "Cost of goods sold": 504392,
        "Gross Profit": 173602,
        "Financial expenses": 33587,
        "Of which: Interest expense": 22368,
        "Cost of sales": 17511,
        "Enterprise cost management": 14264,
        "Total Operating Expenses": 65362,
        "Total revenue financing activities": 712,
        "Net profit from business activities": 108952,
        "Profit": 1008,
        "Profit before tax": 109960,
        "Present corporate income tax expenses": 24209,
        "Deferred income taxes expenses": "N/A",
        "The interests of minority shareholders": "N/A",
        "Total Cost of profits": 24209,
        "Profit after tax corporate income": 85751,
        "Volume": 83073849,
        "Close of Quarter": 24.9,
        "EPS": 3223.2,
        "Non-adjusted EPS": 4609,
        "PE": 5.4,
        "Book Price": 12.3
      }
    },
    {
      "quarter": "Q4 2013",
      "income status": {
        "Net sales": 790827,
        "Cost of goods sold": 584969,
        "Gross Profit": 205858,
        "Financial expenses": 38435,
        "Of which: Interest expense": 25620,
        "Cost of sales": 27405,
        "Enterprise cost management": 13876,
        "Total Operating Expenses": 79716,
        "Total revenue financing activities": 764,
        "Net profit from business activities": 126907,
        "Profit": 1183,
        "Profit before tax": 128090,
        "Present corporate income tax expenses": 32041,
        "Deferred income taxes expenses": "N/A",
        "The interests of minority shareholders": "N/A",
        "Total Cost of profits": 32041,
        "Profit after tax corporate income": 96049,
        "Volume": 83073849,
        "Close of Quarter": 21.5,
        "EPS": 3159.5,
        "Non-adjusted EPS": 4518,
        "PE": 4.8,
        "Book Price": 11.6
      }
    },
    {
      "quarter": "Q3 2013",
      "income status": {
        "Net sales": 629784,
        "Cost of goods sold": 461556,
        "Gross Profit": 168227,
        "Financial expenses": 21650,
        "Of which: Interest expense": 1134,
        "Cost of sales": 18177,
        "Enterprise cost management": 14242,
        "Total Operating Expenses": 54069,
        "Total revenue financing activities": 5806,
        "Net profit from business activities": 119964,
        "Profit": 676,
        "Profit before tax": 120640,
        "Present corporate income tax expenses": 30182,
        "Deferred income taxes expenses": "N/A",
        "The interests of minority shareholders": "N/A",
        "Total Cost of profits": 30182,
        "Profit after tax corporate income": 90458,
        "Volume": 83073849,
        "Close of Quarter": 22.5,
        "EPS": 3149.0,
        "Non-adjusted EPS": 4503,
        "PE": 5,
        "Book Price": 10.8
      }
    },
    {
      "quarter": "Q2 2013",
      "income status": {
        "Net sales": 770318,
        "Cost of goods sold": 573862,
        "Gross Profit": 196455,
        "Financial expenses": 13470,
        "Of which: Interest expense": 1232,
        "Cost of sales": 16757,
        "Enterprise cost management": 23055,
        "Total Operating Expenses": 53282,
        "Total revenue financing activities": 3523,
        "Net profit from business activities": 146696,
        "Profit": 883,
        "Profit before tax": 147578,
        "Present corporate income tax expenses": 36926,
        "Deferred income taxes expenses": "N/A",
        "The interests of minority shareholders": "N/A",
        "Total Cost of profits": 36926,
        "Profit after tax corporate income": 110652,
        "Volume": 83073849,
        "Close of Quarter": 20.9,
        "EPS": 3009.2,
        "Non-adjusted EPS": 4303,
        "PE": 4.9,
        "Book Price": 10.1
      }
    },
    {
      "quarter": "Q1 2013",
      "income status": {
        "Net sales": 608021,
        "Cost of goods sold": 461854,
        "Gross Profit": 146168,
        "Financial expenses": 11672,
        "Of which: Interest expense": 1024,
        "Cost of sales": 12061,
        "Enterprise cost management": 19304,
        "Total Operating Expenses": 43037,
        "Total revenue financing activities": 866,
        "Net profit from business activities": 103996,
        "Profit": 248,
        "Profit before tax": 104244,
        "Present corporate income tax expenses": 26075,
        "Deferred income taxes expenses": "N/A",
        "The interests of minority shareholders": "N/A",
        "Total Cost of profits": 26075,
        "Profit after tax corporate income": 78169,
        "Volume": 69228945,
        "Close of Quarter": 17.2,
        "EPS": 2804.3,
        "Non-adjusted EPS": 4812,
        "PE": 3.6,
        "Book Price": 10.3
      }
    },
    {
      "quarter": "Q4 2012",
      "income status": {
        "Net sales": 659237,
        "Cost of goods sold": 469347,
        "Gross Profit": 189889,
        "Financial expenses": 16833,
        "Of which: Interest expense": 1372,
        "Cost of sales": 16096,
        "Enterprise cost management": 33155,
        "Total Operating Expenses": 66084,
        "Total revenue financing activities": 493,
        "Net profit from business activities": 124298,
        "Profit": 2148,
        "Profit before tax": 126446,
        "Present corporate income tax expenses": 31667,
        "Deferred income taxes expenses": "N/A",
        "The interests of minority shareholders": "N/A",
        "Total Cost of profits": 31667,
        "Profit after tax corporate income": 94779,
        "Volume": 69228945,
        "Close of Quarter": 11.2,
        "EPS": 2631.8,
        "Non-adjusted EPS": 4516,
        "PE": 2.5,
        "Book Price": 9.9
      }
    },
    {
      "quarter": "Q3 2012",
      "income status": {
        "Net sales": 651421,
        "Cost of goods sold": 516348,
        "Gross Profit": 135073,
        "Financial expenses": 8912,
        "Of which: Interest expense": 644,
        "Cost of sales": 15748,
        "Enterprise cost management": 13504,
        "Total Operating Expenses": 38164,
        "Total revenue financing activities": 748,
        "Net profit from business activities": 97656,
        "Profit": 822,
        "Profit before tax": 98478,
        "Present corporate income tax expenses": 24642,
        "Deferred income taxes expenses": "N/A",
        "The interests of minority shareholders": "N/A",
        "Total Cost of profits": 24642,
        "Profit after tax corporate income": 73837,
        "Volume": 69228945,
        "Close of Quarter": 10.8,
        "EPS": 2330.5,
        "Non-adjusted EPS": 3999,
        "PE": 2.7,
        "Book Price": 9.1
      }
    },
    {
      "quarter": "Q2 2012",
      "income status": {
        "Net sales": 775719,
        "Cost of goods sold": 618093,
        "Gross Profit": 157626,
        "Financial expenses": 7973,
        "Of which: Interest expense": 1179,
        "Cost of sales": 15378,
        "Enterprise cost management": 21250,
        "Total Operating Expenses": 44601,
        "Total revenue financing activities": 942,
        "Net profit from business activities": 113966,
        "Profit": 1157,
        "Profit before tax": 115124,
        "Present corporate income tax expenses": 28804,
        "Deferred income taxes expenses": "N/A",
        "The interests of minority shareholders": "N/A",
        "Total Cost of profits": 28804,
        "Profit after tax corporate income": 86320,
        "Volume": 69228945,
        "Close of Quarter": 11.4,
        "EPS": 2032.7,
        "Non-adjusted EPS": 3488,
        "PE": 3.3,
        "Book Price": 8.5
      }
    },
    {
      "quarter": "Q1 2012",
      "income status": {
        "Net sales": 698558,
        "Cost of goods sold": 587132,
        "Gross Profit": 111426,
        "Financial expenses": 11058,
        "Of which: Interest expense": 5597,
        "Cost of sales": 12571,
        "Enterprise cost management": 14062,
        "Total Operating Expenses": 37691,
        "Total revenue financing activities": 2005,
        "Net profit from business activities": 75740,
        "Profit": 1258,
        "Profit before tax": 76997,
        "Present corporate income tax expenses": 19293,
        "Deferred income taxes expenses": "N/A",
        "The interests of minority shareholders": "N/A",
        "Total Cost of profits": 19293,
        "Profit after tax corporate income": 57705,
        "Volume": 46153865,
        "Close of Quarter": 8,
        "EPS": 1806.6,
        "Non-adjusted EPS": 4650,
        "PE": 1.7,
        "Book Price": 7.7
      }
    },
    {
      "quarter": "Q4 2011",
      "income status": {
        "Net sales": 678633,
        "Cost of goods sold": 556072,
        "Gross Profit": 122561,
        "Financial expenses": 20524,
        "Of which: Interest expense": 5297,
        "Cost of sales": 14594,
        "Enterprise cost management": 11992,
        "Total Operating Expenses": 47110,
        "Total revenue financing activities": 1066,
        "Net profit from business activities": 76516,
        "Profit": 2224,
        "Profit before tax": 78740,
        "Present corporate income tax expenses": 19729,
        "Deferred income taxes expenses": "N/A",
        "The interests of minority shareholders": "N/A",
        "Total Cost of profits": 19729,
        "Profit after tax corporate income": 59012,
        "Volume": 46153865,
        "Close of Quarter": 5.0,
        "EPS": 1663.3,
        "Non-adjusted EPS": 4281,
        "PE": 1.2,
        "Book Price": 7.4
      }
    },
    {
      "quarter": "Q3 2011",
      "income status": {
        "Net sales": 680122,
        "Cost of goods sold": 597293,
        "Gross Profit": 82828,
        "Financial expenses": 10658,
        "Of which: Interest expense": 2638,
        "Cost of sales": 12232,
        "Enterprise cost management": 10930,
        "Total Operating Expenses": 33820,
        "Total revenue financing activities": 1340,
        "Net profit from business activities": 50349,
        "Profit": 855,
        "Profit before tax": 51203,
        "Present corporate income tax expenses": 12802,
        "Deferred income taxes expenses": "N/A",
        "The interests of minority shareholders": "N/A",
        "Total Cost of profits": 12802,
        "Profit after tax corporate income": 38401,
        "Volume": 46153865,
        "Close of Quarter": 5.9,
        "EPS": 1664.1,
        "Non-adjusted EPS": 4283,
        "PE": 1.4,
        "Book Price": 6.9
      }
    },
    {
      "quarter": "Q2 2011",
      "income status": {
        "Net sales": 712987,
        "Cost of goods sold": 591034,
        "Gross Profit": 121953,
        "Financial expenses": 18307,
        "Of which: Interest expense": 3842,
        "Cost of sales": 13219,
        "Enterprise cost management": 16221,
        "Total Operating Expenses": 47747,
        "Total revenue financing activities": 3678,
        "Net profit from business activities": 77884,
        "Profit": 1449,
        "Profit before tax": 79333,
        "Present corporate income tax expenses": 19855,
        "Deferred income taxes expenses": "N/A",
        "The interests of minority shareholders": "N/A",
        "Total Cost of profits": 19855,
        "Profit after tax corporate income": 59478,
        "Volume": 30769248,
        "Close of Quarter": 6.3,
        "EPS": 1660.3,
        "Non-adjusted EPS": 6410,
        "PE": 1.0,
        "Book Price": 6.6
      }
    },
    {
      "quarter": "Q1 2011",
      "income status": {
        "Net sales": 574608,
        "Cost of goods sold": 486060,
        "Gross Profit": 88548,
        "Financial expenses": 15843,
        "Of which: Interest expense": 4028,
        "Cost of sales": 10831,
        "Enterprise cost management": 10513,
        "Total Operating Expenses": 37187,
        "Total revenue financing activities": 1598,
        "Net profit from business activities": 52959,
        "Profit": 1290,
        "Profit before tax": 54249,
        "Present corporate income tax expenses": 13576,
        "Deferred income taxes expenses": "N/A",
        "The interests of minority shareholders": "N/A",
        "Total Cost of profits": 13576,
        "Profit after tax corporate income": 40673,
        "Volume": 30769248,
        "Close of Quarter": 6.0,
        "EPS": 1567.6,
        "Non-adjusted EPS": 6052,
        "PE": 1.0,
        "Book Price": 6.3
      }
    }
  ]
}