{
  "ticker": "DTL",
  "data": [
    {
      "quarter": "Q4 2016",
      "income status": {
        "Net sales": 729203,
        "Cost of goods sold": 659804,
        "Gross Profit": 69399,
        "Financial expenses": 18064,
        "Of which: Interest expense": 15478,
        "Cost of sales": 6190,
        "Enterprise cost management": 8115,
        "Total Operating Expenses": 32369,
        "Total revenue financing activities": 2114,
        "Net profit from business activities": 39144,
        "Profit": -5825,
        "Profit before tax": 33319,
        "Present corporate income tax expenses": 2520,
        "Deferred income taxes expenses": "N/A",
        "The interests of minority shareholders": "N/A",
        "Total Cost of profits": 2520,
        "Profit after tax corporate income": 30799,
        "Volume": 58207764,
        "Close of Quarter": 30.6,
        "EPS": 3048,
        "Non-adjusted EPS": 3048,
        "PE": 10.0,
        "Book Price": 15.7
      }
    },
    {
      "quarter": "Q3 2016",
      "income status": {
        "Net sales": 759798,
        "Cost of goods sold": 663870,
        "Gross Profit": 95928,
        "Financial expenses": 14464,
        "Of which: Interest expense": 14418,
        "Cost of sales": 8224,
        "Enterprise cost management": 9459,
        "Total Operating Expenses": 32147,
        "Total revenue financing activities": 747,
        "Net profit from business activities": 64528,
        "Profit": -6373,
        "Profit before tax": 58156,
        "Present corporate income tax expenses": 6016,
        "Deferred income taxes expenses": "N/A",
        "The interests of minority shareholders": "N/A",
        "Total Cost of profits": 6016,
        "Profit after tax corporate income": 52139,
        "Volume": 58207764,
        "Close of Quarter": 26.5,
        "EPS": 1847,
        "Non-adjusted EPS": 1847,
        "PE": 14.4,
        "Book Price": 15.2
      }
    },
    {
      "quarter": "Q2 2016",
      "income status": {
        "Net sales": 798328,
        "Cost of goods sold": 675753,
        "Gross Profit": 122574,
        "Financial expenses": 14705,
        "Of which: Interest expense": 14632,
        "Cost of sales": 4815,
        "Enterprise cost management": 12254,
        "Total Operating Expenses": 31774,
        "Total revenue financing activities": 6632,
        "Net profit from business activities": 97433,
        "Profit": -6632,
        "Profit before tax": 90801,
        "Present corporate income tax expenses": 1720,
        "Deferred income taxes expenses": 10845,
        "The interests of minority shareholders": "N/A",
        "Total Cost of profits": 12565,
        "Profit after tax corporate income": 78236,
        "Volume": 58207764,
        "Close of Quarter": 14.2,
        "EPS": 1064,
        "Non-adjusted EPS": 1064,
        "PE": 13.4,
        "Book Price": 14.5
      }
    },
    {
      "quarter": "Q1 2016",
      "income status": {
        "Net sales": 598159,
        "Cost of goods sold": 546940,
        "Gross Profit": 51219,
        "Financial expenses": 15214,
        "Of which: Interest expense": 14948,
        "Cost of sales": 3780,
        "Enterprise cost management": 9934,
        "Total Operating Expenses": 28928,
        "Total revenue financing activities": 3324,
        "Net profit from business activities": 25615,
        "Profit": -6994,
        "Profit before tax": 18621,
        "Present corporate income tax expenses": 2366,
        "Deferred income taxes expenses": "N/A",
        "The interests of minority shareholders": "N/A",
        "Total Cost of profits": 2366,
        "Profit after tax corporate income": 16256,
        "Volume": 58207764,
        "Close of Quarter": 9.9,
        "EPS": -436,
        "Non-adjusted EPS": -436,
        "PE": -22.7,
        "Book Price": 13.2
      }
    },
    {
      "quarter": "Q4 2015",
      "income status": {
        "Net sales": 542658,
        "Cost of goods sold": 539441,
        "Gross Profit": 3217,
        "Financial expenses": 25120,
        "Of which: Interest expense": 15654,
        "Cost of sales": 3385,
        "Enterprise cost management": 8272,
        "Total Operating Expenses": 36777,
        "Total revenue financing activities": 5715,
        "Net profit from business activities": -27845,
        "Profit": -11294,
        "Profit before tax": -39139,
        "Present corporate income tax expenses": "N/A",
        "Deferred income taxes expenses": "N/A",
        "The interests of minority shareholders": "N/A",
        "Total Cost of profits": 0,
        "Profit after tax corporate income": -39139,
        "Volume": 58207764,
        "Close of Quarter": 8.2,
        "EPS": -572,
        "Non-adjusted EPS": -572,
        "PE": -14.3,
        "Book Price": 12.9
      }
    },
    {
      "quarter": "Q3 2015",
      "income status": {
        "Net sales": 385370,
        "Cost of goods sold": 352718,
        "Gross Profit": 32652,
        "Financial expenses": 16104,
        "Of which: Interest expense": 6132,
        "Cost of sales": 4323,
        "Enterprise cost management": 9237,
        "Total Operating Expenses": 29664,
        "Total revenue financing activities": 1249,
        "Net profit from business activities": 4238,
        "Profit": 2849,
        "Profit before tax": 7086,
        "Present corporate income tax expenses": 531,
        "Deferred income taxes expenses": "N/A",
        "The interests of minority shareholders": "N/A",
        "Total Cost of profits": 531,
        "Profit after tax corporate income": 6555,
        "Volume": 58207764,
        "Close of Quarter": 8.5,
        "EPS": -84,
        "Non-adjusted EPS": -84,
        "PE": -101.2,
        "Book Price": 14.1
      }
    },
    {
      "quarter": "Q2 2015",
      "income status": {
        "Net sales": 503171,
        "Cost of goods sold": 454987,
        "Gross Profit": 48184,
        "Financial expenses": 28067,
        "Of which: Interest expense": 15444,
        "Cost of sales": 4701,
        "Enterprise cost management": 11704,
        "Total Operating Expenses": 44472,
        "Total revenue financing activities": 653,
        "Net profit from business activities": 4365,
        "Profit": -12626,
        "Profit before tax": -8261,
        "Present corporate income tax expenses": 1815,
        "Deferred income taxes expenses": -997,
        "The interests of minority shareholders": "N/A",
        "Total Cost of profits": 818,
        "Profit after tax corporate income": -9079,
        "Volume": 58207764,
        "Close of Quarter": 9,
        "EPS": -125,
        "Non-adjusted EPS": -125,
        "PE": -72,
        "Book Price": 14
      }
    },
    {
      "quarter": "Q1 2015",
      "income status": {
        "Net sales": 419029,
        "Cost of goods sold": 369957,
        "Gross Profit": 49072,
        "Financial expenses": 15661,
        "Of which: Interest expense": 12387,
        "Cost of sales": 6147,
        "Enterprise cost management": 10662,
        "Total Operating Expenses": 32470,
        "Total revenue financing activities": 265,
        "Net profit from business activities": 16866,
        "Profit": -8457,
        "Profit before tax": 8409,
        "Present corporate income tax expenses": 21,
        "Deferred income taxes expenses": "N/A",
        "The interests of minority shareholders": "N/A",
        "Total Cost of profits": 21,
        "Profit after tax corporate income": 8388,
        "Volume": 58207764,
        "Close of Quarter": 9.2,
        "EPS": 178,
        "Non-adjusted EPS": 178,
        "PE": 51.7,
        "Book Price": 14.1
      }
    },
    {
      "quarter": "Q4 2014",
      "income status": {
        "Net sales": 663206,
        "Cost of goods sold": 629043,
        "Gross Profit": 34163,
        "Financial expenses": 22501,
        "Of which: Interest expense": 18873,
        "Cost of sales": 5756,
        "Enterprise cost management": 14883,
        "Total Operating Expenses": 43140,
        "Total revenue financing activities": 513,
        "Net profit from business activities": -8464,
        "Profit": -2277,
        "Profit before tax": -10741,
        "Present corporate income tax expenses": "N/A",
        "Deferred income taxes expenses": "N/A",
        "The interests of minority shareholders": "N/A",
        "Total Cost of profits": 0,
        "Profit after tax corporate income": -10741,
        "Volume": 58207764,
        "Close of Quarter": 9.3,
        "EPS": 79,
        "Non-adjusted EPS": 79,
        "PE": 117.7,
        "Book Price": 14
      }
    },
    {
      "quarter": "Q3 2014",
      "income status": {
        "Net sales": 448648,
        "Cost of goods sold": 403309,
        "Gross Profit": 45338,
        "Financial expenses": 18435,
        "Of which: Interest expense": 18201,
        "Cost of sales": 4253,
        "Enterprise cost management": 18470,
        "Total Operating Expenses": 41158,
        "Total revenue financing activities": 44,
        "Net profit from business activities": 4224,
        "Profit": 32,
        "Profit before tax": 4256,
        "Present corporate income tax expenses": 122,
        "Deferred income taxes expenses": "N/A",
        "The interests of minority shareholders": "N/A",
        "Total Cost of profits": 122,
        "Profit after tax corporate income": 4134,
        "Volume": 58207764,
        "Close of Quarter": 9.2,
        "EPS": 292,
        "Non-adjusted EPS": 292,
        "PE": 31.5,
        "Book Price": 14.1
      }
    },
    {
      "quarter": "Q2 2014",
      "income status": {
        "Net sales": 604019,
        "Cost of goods sold": 555239,
        "Gross Profit": 48779,
        "Financial expenses": 20912,
        "Of which: Interest expense": 16864,
        "Cost of sales": 4608,
        "Enterprise cost management": 14735,
        "Total Operating Expenses": 40255,
        "Total revenue financing activities": 879,
        "Net profit from business activities": 9403,
        "Profit": -717,
        "Profit before tax": 8686,
        "Present corporate income tax expenses": 194,
        "Deferred income taxes expenses": -62,
        "The interests of minority shareholders": "N/A",
        "Total Cost of profits": 132,
        "Profit after tax corporate income": 8554,
        "Volume": 58207764,
        "Close of Quarter": 9.6,
        "EPS": 263,
        "Non-adjusted EPS": 263,
        "PE": 36.5,
        "Book Price": 14.1
      }
    },
    {
      "quarter": "Q1 2014",
      "income status": {
        "Net sales": 345853,
        "Cost of goods sold": 312817,
        "Gross Profit": 33036,
        "Financial expenses": 16255,
        "Of which: Interest expense": 16112,
        "Cost of sales": 4830,
        "Enterprise cost management": 11941,
        "Total Operating Expenses": 33026,
        "Total revenue financing activities": 2692,
        "Net profit from business activities": 2702,
        "Profit": 10,
        "Profit before tax": 2712,
        "Present corporate income tax expenses": 58,
        "Deferred income taxes expenses": "N/A",
        "The interests of minority shareholders": "N/A",
        "Total Cost of profits": 58,
        "Profit after tax corporate income": 2654,
        "Volume": 46908250,
        "Close of Quarter": 10.2,
        "EPS": 208.7,
        "Non-adjusted EPS": 259,
        "PE": 39.4,
        "Book Price": 12.8
      }
    },
    {
      "quarter": "Q4 2013",
      "income status": {
        "Net sales": 558956,
        "Cost of goods sold": 509212,
        "Gross Profit": 49744,
        "Financial expenses": 29840,
        "Of which: Interest expense": 28687,
        "Cost of sales": 3823,
        "Enterprise cost management": 14715,
        "Total Operating Expenses": 48378,
        "Total revenue financing activities": 677,
        "Net profit from business activities": 2043,
        "Profit": -118,
        "Profit before tax": 1925,
        "Present corporate income tax expenses": 267,
        "Deferred income taxes expenses": "N/A",
        "The interests of minority shareholders": "N/A",
        "Total Cost of profits": 267,
        "Profit after tax corporate income": 1658,
        "Volume": 46908250,
        "Close of Quarter": 10.7,
        "EPS": 207.9,
        "Non-adjusted EPS": 258,
        "PE": 41.4,
        "Book Price": 12.8
      }
    },
    {
      "quarter": "Q3 2013",
      "income status": {
        "Net sales": 493839,
        "Cost of goods sold": 449160,
        "Gross Profit": 44678,
        "Financial expenses": 25734,
        "Of which: Interest expense": 24595,
        "Cost of sales": 7544,
        "Enterprise cost management": 10519,
        "Total Operating Expenses": 43797,
        "Total revenue financing activities": 933,
        "Net profit from business activities": 1814,
        "Profit": 658,
        "Profit before tax": 2472,
        "Present corporate income tax expenses": 7,
        "Deferred income taxes expenses": "N/A",
        "The interests of minority shareholders": "N/A",
        "Total Cost of profits": 7,
        "Profit after tax corporate income": 2465,
        "Volume": 46908250,
        "Close of Quarter": 10.8,
        "EPS": 191.8,
        "Non-adjusted EPS": 238,
        "PE": 45.3,
        "Book Price": 12.7
      }
    },
    {
      "quarter": "Q2 2013",
      "income status": {
        "Net sales": 609938,
        "Cost of goods sold": 569161,
        "Gross Profit": 40777,
        "Financial expenses": 17993,
        "Of which: Interest expense": 9606,
        "Cost of sales": 5949,
        "Enterprise cost management": 10244,
        "Total Operating Expenses": 34186,
        "Total revenue financing activities": 1333,
        "Net profit from business activities": 7924,
        "Profit": -2717,
        "Profit before tax": 5208,
        "Present corporate income tax expenses": 408,
        "Deferred income taxes expenses": -559,
        "The interests of minority shareholders": "N/A",
        "Total Cost of profits": -151,
        "Profit after tax corporate income": 5359,
        "Volume": 46908250,
        "Close of Quarter": 11.5,
        "EPS": 433.6,
        "Non-adjusted EPS": 538,
        "PE": 21.4,
        "Book Price": 12.6
      }
    },
    {
      "quarter": "Q1 2013",
      "income status": {
        "Net sales": 359192,
        "Cost of goods sold": 329629,
        "Gross Profit": 29563,
        "Financial expenses": 12715,
        "Of which: Interest expense": 12254,
        "Cost of sales": 3003,
        "Enterprise cost management": 11400,
        "Total Operating Expenses": 27118,
        "Total revenue financing activities": 92,
        "Net profit from business activities": 2537,
        "Profit": 130,
        "Profit before tax": 2668,
        "Present corporate income tax expenses": 52,
        "Deferred income taxes expenses": "N/A",
        "The interests of minority shareholders": "N/A",
        "Total Cost of profits": 52,
        "Profit after tax corporate income": 2615,
        "Volume": 46908250,
        "Close of Quarter": 11.1,
        "EPS": 460.2,
        "Non-adjusted EPS": 571,
        "PE": 19.5,
        "Book Price": 12.5
      }
    },
    {
      "quarter": "Q4 2012",
      "income status": {
        "Net sales": 546385,
        "Cost of goods sold": 507110,
        "Gross Profit": 39275,
        "Financial expenses": 26461,
        "Of which: Interest expense": 25271,
        "Cost of sales": 3726,
        "Enterprise cost management": 5829,
        "Total Operating Expenses": 36016,
        "Total revenue financing activities": 917,
        "Net profit from business activities": 4176,
        "Profit": -3441,
        "Profit before tax": 735,
        "Present corporate income tax expenses": 34,
        "Deferred income taxes expenses": "N/A",
        "The interests of minority shareholders": "N/A",
        "Total Cost of profits": 34,
        "Profit after tax corporate income": 702,
        "Volume": 46908250,
        "Close of Quarter": 11.5,
        "EPS": 440.8,
        "Non-adjusted EPS": 547,
        "PE": 21.0,
        "Book Price": 12.5
      }
    },
    {
      "quarter": "Q3 2012",
      "income status": {
        "Net sales": 315599,
        "Cost of goods sold": 269289,
        "Gross Profit": 46310,
        "Financial expenses": 18538,
        "Of which: Interest expense": 17418,
        "Cost of sales": 3076,
        "Enterprise cost management": 8199,
        "Total Operating Expenses": 29813,
        "Total revenue financing activities": 259,
        "Net profit from business activities": 16757,
        "Profit": 202,
        "Profit before tax": 16959,
        "Present corporate income tax expenses": 420,
        "Deferred income taxes expenses": "N/A",
        "The interests of minority shareholders": "N/A",
        "Total Cost of profits": 420,
        "Profit after tax corporate income": 16540,
        "Volume": 46908250,
        "Close of Quarter": 11.7,
        "EPS": 407.0,
        "Non-adjusted EPS": 505,
        "PE": 23.1,
        "Book Price": 13.1
      }
    },
    {
      "quarter": "Q2 2012",
      "income status": {
        "Net sales": 329115,
        "Cost of goods sold": 282499,
        "Gross Profit": 46616,
        "Financial expenses": 26871,
        "Of which: Interest expense": 26048,
        "Cost of sales": 3046,
        "Enterprise cost management": 10362,
        "Total Operating Expenses": 40279,
        "Total revenue financing activities": 1043,
        "Net profit from business activities": 7380,
        "Profit": -1003,
        "Profit before tax": 6378,
        "Present corporate income tax expenses": -171,
        "Deferred income taxes expenses": -387,
        "The interests of minority shareholders": "N/A",
        "Total Cost of profits": -558,
        "Profit after tax corporate income": 6935,
        "Volume": 46908250,
        "Close of Quarter": 13.7,
        "EPS": 618.1,
        "Non-adjusted EPS": 767,
        "PE": 17.8,
        "Book Price": 12.3
      }
    },
    {
      "quarter": "Q1 2012",
      "income status": {
        "Net sales": 381457,
        "Cost of goods sold": 352093,
        "Gross Profit": 29364,
        "Financial expenses": 19804,
        "Of which: Interest expense": 19225,
        "Cost of sales": 2775,
        "Enterprise cost management": 6532,
        "Total Operating Expenses": 29111,
        "Total revenue financing activities": 1314,
        "Net profit from business activities": 1566,
        "Profit": 228,
        "Profit before tax": 1794,
        "Present corporate income tax expenses": 314,
        "Deferred income taxes expenses": "N/A",
        "The interests of minority shareholders": "N/A",
        "Total Cost of profits": 314,
        "Profit after tax corporate income": 1480,
        "Volume": 46908250,
        "Close of Quarter": 13.0,
        "EPS": 1506.2,
        "Non-adjusted EPS": 1869,
        "PE": 7.0,
        "Book Price": 13.0
      }
    },
    {
      "quarter": "Q4 2011",
      "income status": {
        "Net sales": 399454,
        "Cost of goods sold": 358817,
        "Gross Profit": 40637,
        "Financial expenses": 29501,
        "Of which: Interest expense": 24524,
        "Cost of sales": 4003,
        "Enterprise cost management": 6777,
        "Total Operating Expenses": 40281,
        "Total revenue financing activities": 129,
        "Net profit from business activities": 486,
        "Profit": -1769,
        "Profit before tax": -1283,
        "Present corporate income tax expenses": "N/A",
        "Deferred income taxes expenses": "N/A",
        "The interests of minority shareholders": "N/A",
        "Total Cost of profits": 0,
        "Profit after tax corporate income": -1283,
        "Volume": 45269630,
        "Close of Quarter": 13.1,
        "EPS": 3065.8,
        "Non-adjusted EPS": 3942,
        "PE": 3.3,
        "Book Price": 13.5
      }
    },
    {
      "quarter": "Q3 2011",
      "income status": {
        "Net sales": 364881,
        "Cost of goods sold": 314559,
        "Gross Profit": 50322,
        "Financial expenses": 12205,
        "Of which: Interest expense": 11865,
        "Cost of sales": 1697,
        "Enterprise cost management": 5969,
        "Total Operating Expenses": 19871,
        "Total revenue financing activities": 112,
        "Net profit from business activities": 30564,
        "Profit": 986,
        "Profit before tax": 197419,
        "Present corporate income tax expenses": 2724,
        "Deferred income taxes expenses": "N/A",
        "The interests of minority shareholders": "N/A",
        "Total Cost of profits": 2724,
        "Profit after tax corporate income": 28827,
        "Volume": 45269630,
        "Close of Quarter": 14.8,
        "EPS": 3606.3,
        "Non-adjusted EPS": 4637,
        "PE": 3.2,
        "Book Price": 13.5
      }
    },
    {
      "quarter": "Q2 2011",
      "income status": {
        "Net sales": 522839,
        "Cost of goods sold": 409162,
        "Gross Profit": 113677,
        "Financial expenses": 40335,
        "Of which: Interest expense": 20801,
        "Cost of sales": 5705,
        "Enterprise cost management": 7994,
        "Total Operating Expenses": 54034,
        "Total revenue financing activities": 4734,
        "Net profit from business activities": 64378,
        "Profit": -11,
        "Profit before tax": 64367,
        "Present corporate income tax expenses": 5711,
        "Deferred income taxes expenses": "N/A",
        "The interests of minority shareholders": "N/A",
        "Total Cost of profits": 5711,
        "Profit after tax corporate income": 58656,
        "Volume": 45987470,
        "Close of Quarter": 15.8,
        "EPS": 3704.6,
        "Non-adjusted EPS": 4689,
        "PE": 3.4,
        "Book Price": 12.7
      }
    },
    {
      "quarter": "Q1 2011",
      "income status": {
        "Net sales": 711331,
        "Cost of goods sold": 560878,
        "Gross Profit": 150453,
        "Financial expenses": 40303,
        "Of which: Interest expense": 23990,
        "Cost of sales": 4911,
        "Enterprise cost management": 6076,
        "Total Operating Expenses": 51290,
        "Total revenue financing activities": 2857,
        "Net profit from business activities": 102019,
        "Profit": -507,
        "Profit before tax": 101511,
        "Present corporate income tax expenses": 9236,
        "Deferred income taxes expenses": "N/A",
        "The interests of minority shareholders": "N/A",
        "Total Cost of profits": 9236,
        "Profit after tax corporate income": 92275,
        "Volume": 48487470,
        "Close of Quarter": 15.6,
        "EPS": 3674.4,
        "Non-adjusted EPS": 4411,
        "PE": 3.5,
        "Book Price": 13.4
      }
    }
  ]
}