{
  "ticker": "VTC",
  "data": [
    {
      "quarter": "Q4 2016",
      "income status": {
        "Net sales": 204066,
        "Cost of goods sold": 176025,
        "Gross Profit": 28041,
        "Financial expenses": 5637,
        "Of which: Interest expense": 3343,
        "Cost of sales": 7862,
        "Enterprise cost management": 8360,
        "Total Operating Expenses": 21859,
        "Total revenue financing activities": 1236,
        "Net profit from business activities": 7237,
        "Profit": 2446,
        "Profit before tax": 9684,
        "Present corporate income tax expenses": 1460,
        "Deferred income taxes expenses": 4,
        "The interests of minority shareholders": 2253,
        "Total Cost of profits": 3717,
        "Profit after tax corporate income": 5966,
        "Volume": 4534696,
        "Close of Quarter": 10.1,
        "EPS": 552,
        "Non-adjusted EPS": 552,
        "PE": 18.2,
        "Book Price": 19
      }
    },
    {
      "quarter": "Q3 2016",
      "income status": {
        "Net sales": 92880,
        "Cost of goods sold": 81846,
        "Gross Profit": 11034,
        "Financial expenses": 2459,
        "Of which: Interest expense": 2297,
        "Cost of sales": 3765,
        "Enterprise cost management": 3008,
        "Total Operating Expenses": 9232,
        "Total revenue financing activities": 192,
        "Net profit from business activities": 2038,
        "Profit": 497,
        "Profit before tax": 2535,
        "Present corporate income tax expenses": 354,
        "Deferred income taxes expenses": 1,
        "The interests of minority shareholders": 528,
        "Total Cost of profits": 883,
        "Profit after tax corporate income": 1652,
        "Volume": 4534696,
        "Close of Quarter": 8.2,
        "EPS": 1917,
        "Non-adjusted EPS": 1917,
        "PE": 4.3,
        "Book Price": 16.7
      }
    },
    {
      "quarter": "Q2 2016",
      "income status": {
        "Net sales": 30366,
        "Cost of goods sold": 23513,
        "Gross Profit": 6853,
        "Financial expenses": 1921,
        "Of which: Interest expense": 1181,
        "Cost of sales": 3534,
        "Enterprise cost management": 3384,
        "Total Operating Expenses": 8839,
        "Total revenue financing activities": 282,
        "Net profit from business activities": -1518,
        "Profit": 1,
        "Profit before tax": -1517,
        "Present corporate income tax expenses": 797,
        "Deferred income taxes expenses": 7,
        "The interests of minority shareholders": 1267,
        "Total Cost of profits": 2071,
        "Profit after tax corporate income": -3588,
        "Volume": 4534696,
        "Close of Quarter": 7.1,
        "EPS": 1396,
        "Non-adjusted EPS": 1396,
        "PE": 5.1,
        "Book Price": 16.2
      }
    },
    {
      "quarter": "Q1 2016",
      "income status": {
        "Net sales": 14621,
        "Cost of goods sold": 10379,
        "Gross Profit": 4242,
        "Financial expenses": 353,
        "Of which: Interest expense": 286,
        "Cost of sales": 2599,
        "Enterprise cost management": 2243,
        "Total Operating Expenses": 5195,
        "Total revenue financing activities": 120,
        "Net profit from business activities": -732,
        "Profit": "N/A",
        "Profit before tax": -733,
        "Present corporate income tax expenses": 305,
        "Deferred income taxes expenses": 1,
        "The interests of minority shareholders": 489,
        "Total Cost of profits": 795,
        "Profit after tax corporate income": -1529,
        "Volume": 4534696,
        "Close of Quarter": 7.2,
        "EPS": 2015,
        "Non-adjusted EPS": 2015,
        "PE": 3.6,
        "Book Price": 17.1
      }
    },
    {
      "quarter": "Q4 2015",
      "income status": {
        "Net sales": 60814,
        "Cost of goods sold": 42657,
        "Gross Profit": 18157,
        "Financial expenses": 374,
        "Of which: Interest expense": 288,
        "Cost of sales": 2330,
        "Enterprise cost management": 3043,
        "Total Operating Expenses": 5747,
        "Total revenue financing activities": 61,
        "Net profit from business activities": 12789,
        "Profit": -28,
        "Profit before tax": 12761,
        "Present corporate income tax expenses": 270,
        "Deferred income taxes expenses": 1,
        "The interests of minority shareholders": 332,
        "Total Cost of profits": 603,
        "Profit after tax corporate income": 12157,
        "Volume": 4534696,
        "Close of Quarter": 5.1,
        "EPS": 1589,
        "Non-adjusted EPS": 1589,
        "PE": 3.2,
        "Book Price": 17.3
      }
    },
    {
      "quarter": "Q3 2015",
      "income status": {
        "Net sales": 18247,
        "Cost of goods sold": 12770,
        "Gross Profit": 5477,
        "Financial expenses": 303,
        "Of which: Interest expense": 315,
        "Cost of sales": 2982,
        "Enterprise cost management": 1914,
        "Total Operating Expenses": 5199,
        "Total revenue financing activities": 57,
        "Net profit from business activities": 599,
        "Profit": -118,
        "Profit before tax": 481,
        "Present corporate income tax expenses": 514,
        "Deferred income taxes expenses": 1,
        "The interests of minority shareholders": 675,
        "Total Cost of profits": 1190,
        "Profit after tax corporate income": -709,
        "Volume": 4534696,
        "Close of Quarter": 5.7,
        "EPS": 278,
        "Non-adjusted EPS": 278,
        "PE": 20.4,
        "Book Price": 14.7
      }
    },
    {
      "quarter": "Q2 2015",
      "income status": {
        "Net sales": 21194,
        "Cost of goods sold": 14597,
        "Gross Profit": 6597,
        "Financial expenses": 316,
        "Of which: Interest expense": 283,
        "Cost of sales": 3736,
        "Enterprise cost management": 2697,
        "Total Operating Expenses": 6749,
        "Total revenue financing activities": 954,
        "Net profit from business activities": 821,
        "Profit": -69,
        "Profit before tax": 752,
        "Present corporate income tax expenses": 668,
        "Deferred income taxes expenses": 11,
        "The interests of minority shareholders": 852,
        "Total Cost of profits": 1531,
        "Profit after tax corporate income": -780,
        "Volume": 4534696,
        "Close of Quarter": 5.8,
        "EPS": 326,
        "Non-adjusted EPS": 326,
        "PE": 17.7,
        "Book Price": 14.8
      }
    },
    {
      "quarter": "Q1 2015",
      "income status": {
        "Net sales": 8418,
        "Cost of goods sold": 6076,
        "Gross Profit": 2342,
        "Financial expenses": 319,
        "Of which: Interest expense": 293,
        "Cost of sales": 3160,
        "Enterprise cost management": 2148,
        "Total Operating Expenses": 5627,
        "Total revenue financing activities": 86,
        "Net profit from business activities": -3253,
        "Profit": -1,
        "Profit before tax": -3254,
        "Present corporate income tax expenses": 119,
        "Deferred income taxes expenses": "N/A",
        "The interests of minority shareholders": 91,
        "Total Cost of profits": 210,
        "Profit after tax corporate income": -3464,
        "Volume": 4534696,
        "Close of Quarter": 5.2,
        "EPS": -23,
        "Non-adjusted EPS": -23,
        "PE": -227.0,
        "Book Price": 14.9
      }
    },
    {
      "quarter": "Q4 2014",
      "income status": {
        "Net sales": 65744,
        "Cost of goods sold": 50206,
        "Gross Profit": 15538,
        "Financial expenses": 384,
        "Of which: Interest expense": 337,
        "Cost of sales": 3888,
        "Enterprise cost management": 2467,
        "Total Operating Expenses": 6739,
        "Total revenue financing activities": 55,
        "Net profit from business activities": 9190,
        "Profit": 1334,
        "Profit before tax": 10524,
        "Present corporate income tax expenses": 1070,
        "Deferred income taxes expenses": "N/A",
        "The interests of minority shareholders": 3240,
        "Total Cost of profits": 4310,
        "Profit after tax corporate income": 6215,
        "Volume": 4534696,
        "Close of Quarter": 4.6,
        "EPS": 480,
        "Non-adjusted EPS": 480,
        "PE": 9.5,
        "Book Price": 15.6
      }
    },
    {
      "quarter": "Q3 2014",
      "income status": {
        "Net sales": 13102,
        "Cost of goods sold": 9030,
        "Gross Profit": 4072,
        "Financial expenses": 120,
        "Of which: Interest expense": 120,
        "Cost of sales": 2494,
        "Enterprise cost management": 1989,
        "Total Operating Expenses": 4603,
        "Total revenue financing activities": 14,
        "Net profit from business activities": -474,
        "Profit": 133,
        "Profit before tax": -341,
        "Present corporate income tax expenses": 84,
        "Deferred income taxes expenses": 13,
        "The interests of minority shareholders": 55,
        "Total Cost of profits": 152,
        "Profit after tax corporate income": -493,
        "Volume": 4534696,
        "Close of Quarter": 4.6,
        "EPS": -45,
        "Non-adjusted EPS": -45,
        "PE": -101.8,
        "Book Price": 13.5
      }
    },
    {
      "quarter": "Q2 2014",
      "income status": {
        "Net sales": 8620,
        "Cost of goods sold": 7090,
        "Gross Profit": 1530,
        "Financial expenses": 78,
        "Of which: Interest expense": 77,
        "Cost of sales": 1688,
        "Enterprise cost management": 2423,
        "Total Operating Expenses": 4189,
        "Total revenue financing activities": 88,
        "Net profit from business activities": -2413,
        "Profit": -8,
        "Profit before tax": -2421,
        "Present corporate income tax expenses": -8,
        "Deferred income taxes expenses": 26,
        "The interests of minority shareholders": -77,
        "Total Cost of profits": -59,
        "Profit after tax corporate income": -2362,
        "Volume": 4534696,
        "Close of Quarter": 4.5,
        "EPS": 120,
        "Non-adjusted EPS": 120,
        "PE": 37.4,
        "Book Price": 13.6
      }
    },
    {
      "quarter": "Q1 2014",
      "income status": {
        "Net sales": 20373,
        "Cost of goods sold": 15836,
        "Gross Profit": 4537,
        "Financial expenses": 75,
        "Of which: Interest expense": 70,
        "Cost of sales": 2151,
        "Enterprise cost management": 2497,
        "Total Operating Expenses": 4723,
        "Total revenue financing activities": 56,
        "Net profit from business activities": -39,
        "Profit": -151,
        "Profit before tax": -189,
        "Present corporate income tax expenses": 434,
        "Deferred income taxes expenses": "N/A",
        "The interests of minority shareholders": 561,
        "Total Cost of profits": 995,
        "Profit after tax corporate income": -1185,
        "Volume": 4534696,
        "Close of Quarter": 5.0,
        "EPS": 464,
        "Non-adjusted EPS": 464,
        "PE": 10.9,
        "Book Price": 14.3
      }
    },
    {
      "quarter": "Q4 2013",
      "income status": {
        "Net sales": 22711,
        "Cost of goods sold": 15416,
        "Gross Profit": 7295,
        "Financial expenses": 158,
        "Of which: Interest expense": 157,
        "Cost of sales": 1988,
        "Enterprise cost management": 1663,
        "Total Operating Expenses": 3809,
        "Total revenue financing activities": 36,
        "Net profit from business activities": 3522,
        "Profit": 381,
        "Profit before tax": 4015,
        "Present corporate income tax expenses": 87,
        "Deferred income taxes expenses": "N/A",
        "The interests of minority shareholders": 92,
        "Total Cost of profits": 179,
        "Profit after tax corporate income": 3836,
        "Volume": 4534696,
        "Close of Quarter": 2.6,
        "EPS": 167,
        "Non-adjusted EPS": 167,
        "PE": 15.3,
        "Book Price": 10.6
      }
    },
    {
      "quarter": "Q3 2013",
      "income status": {
        "Net sales": 28754,
        "Cost of goods sold": 23999,
        "Gross Profit": 4754,
        "Financial expenses": 197,
        "Of which: Interest expense": 116,
        "Cost of sales": 2437,
        "Enterprise cost management": 1996,
        "Total Operating Expenses": 4630,
        "Total revenue financing activities": 1217,
        "Net profit from business activities": 1341,
        "Profit": -384,
        "Profit before tax": 1074,
        "Present corporate income tax expenses": 373,
        "Deferred income taxes expenses": -10,
        "The interests of minority shareholders": 454,
        "Total Cost of profits": 817,
        "Profit after tax corporate income": 257,
        "Volume": 4534696,
        "Close of Quarter": 2.4,
        "EPS": -86,
        "Non-adjusted EPS": -86,
        "PE": -27.7,
        "Book Price": 9.8
      }
    },
    {
      "quarter": "Q2 2013",
      "income status": {
        "Net sales": 29601,
        "Cost of goods sold": 23303,
        "Gross Profit": 6297,
        "Financial expenses": 43,
        "Of which: Interest expense": 13,
        "Cost of sales": 2044,
        "Enterprise cost management": 2491,
        "Total Operating Expenses": 4578,
        "Total revenue financing activities": 46,
        "Net profit from business activities": 1765,
        "Profit": -222,
        "Profit before tax": 1611,
        "Present corporate income tax expenses": 833,
        "Deferred income taxes expenses": 354,
        "The interests of minority shareholders": 1230,
        "Total Cost of profits": 2417,
        "Profit after tax corporate income": -805,
        "Volume": 4534696,
        "Close of Quarter": 2.7,
        "EPS": -463,
        "Non-adjusted EPS": -463,
        "PE": -5.8,
        "Book Price": 10
      }
    },
    {
      "quarter": "Q1 2013",
      "income status": {
        "Net sales": 7901,
        "Cost of goods sold": 6894,
        "Gross Profit": 1007,
        "Financial expenses": 37,
        "Of which: Interest expense": 36,
        "Cost of sales": 1934,
        "Enterprise cost management": 1901,
        "Total Operating Expenses": 3872,
        "Total revenue financing activities": 103,
        "Net profit from business activities": -2762,
        "Profit": 242,
        "Profit before tax": -2458,
        "Present corporate income tax expenses": 180,
        "Deferred income taxes expenses": -326,
        "The interests of minority shareholders": 219,
        "Total Cost of profits": 73,
        "Profit after tax corporate income": -2531,
        "Volume": 4534696,
        "Close of Quarter": 2.3,
        "EPS": -533,
        "Non-adjusted EPS": -533,
        "PE": -4.3,
        "Book Price": 10
      }
    },
    {
      "quarter": "Q4 2012",
      "income status": {
        "Net sales": 24477,
        "Cost of goods sold": 17094,
        "Gross Profit": 7382,
        "Financial expenses": 56,
        "Of which: Interest expense": 22,
        "Cost of sales": 2737,
        "Enterprise cost management": 2259,
        "Total Operating Expenses": 5052,
        "Total revenue financing activities": 39,
        "Net profit from business activities": 2369,
        "Profit": 497,
        "Profit before tax": 3483,
        "Present corporate income tax expenses": 152,
        "Deferred income taxes expenses": 26,
        "The interests of minority shareholders": 616,
        "Total Cost of profits": 794,
        "Profit after tax corporate income": 2689,
        "Volume": 4534696,
        "Close of Quarter": 2.5,
        "EPS": -702,
        "Non-adjusted EPS": -702,
        "PE": -3.5,
        "Book Price": 10.6
      }
    },
    {
      "quarter": "Q3 2012",
      "income status": {
        "Net sales": 17165,
        "Cost of goods sold": 14250,
        "Gross Profit": 2916,
        "Financial expenses": 232,
        "Of which: Interest expense": 226,
        "Cost of sales": 1884,
        "Enterprise cost management": 1768,
        "Total Operating Expenses": 3884,
        "Total revenue financing activities": 84,
        "Net profit from business activities": -884,
        "Profit": 4,
        "Profit before tax": -1147,
        "Present corporate income tax expenses": 146,
        "Deferred income taxes expenses": 26,
        "The interests of minority shareholders": 132,
        "Total Cost of profits": 304,
        "Profit after tax corporate income": -1451,
        "Volume": 4534696,
        "Close of Quarter": 2.6,
        "EPS": -1427,
        "Non-adjusted EPS": -1427,
        "PE": -1.8,
        "Book Price": 10.4
      }
    },
    {
      "quarter": "Q2 2012",
      "income status": {
        "Net sales": 22337,
        "Cost of goods sold": 17462,
        "Gross Profit": 4875,
        "Financial expenses": 269,
        "Of which: Interest expense": 249,
        "Cost of sales": 1893,
        "Enterprise cost management": 1789,
        "Total Operating Expenses": 3951,
        "Total revenue financing activities": 48,
        "Net profit from business activities": 972,
        "Profit": -1005,
        "Profit before tax": -294,
        "Present corporate income tax expenses": 341,
        "Deferred income taxes expenses": -18,
        "The interests of minority shareholders": 505,
        "Total Cost of profits": 828,
        "Profit after tax corporate income": -1122,
        "Volume": 4534696,
        "Close of Quarter": 2.7,
        "EPS": -964,
        "Non-adjusted EPS": -964,
        "PE": -2.8,
        "Book Price": 10.1
      }
    },
    {
      "quarter": "Q1 2012",
      "income status": {
        "Net sales": 12620,
        "Cost of goods sold": 11851,
        "Gross Profit": 769,
        "Financial expenses": 217,
        "Of which: Interest expense": 204,
        "Cost of sales": 1328,
        "Enterprise cost management": 1985,
        "Total Operating Expenses": 3530,
        "Total revenue financing activities": 116,
        "Net profit from business activities": -2645,
        "Profit": -712,
        "Profit before tax": -3377,
        "Present corporate income tax expenses": 90,
        "Deferred income taxes expenses": "N/A",
        "The interests of minority shareholders": -169,
        "Total Cost of profits": -79,
        "Profit after tax corporate income": -3298,
        "Volume": 4534696,
        "Close of Quarter": 3.0,
        "EPS": -1609,
        "Non-adjusted EPS": -1609,
        "PE": -1.9,
        "Book Price": 10.4
      }
    },
    {
      "quarter": "Q4 2011",
      "income status": {
        "Net sales": 32370,
        "Cost of goods sold": 25913,
        "Gross Profit": 6457,
        "Financial expenses": 456,
        "Of which: Interest expense": 381,
        "Cost of sales": 2405,
        "Enterprise cost management": 3059,
        "Total Operating Expenses": 5920,
        "Total revenue financing activities": 55,
        "Net profit from business activities": 592,
        "Profit": -61,
        "Profit before tax": 1035,
        "Present corporate income tax expenses": 259,
        "Deferred income taxes expenses": 1,
        "The interests of minority shareholders": 1378,
        "Total Cost of profits": 1638,
        "Profit after tax corporate income": -602,
        "Volume": 4534696,
        "Close of Quarter": 2.3,
        "EPS": -1663,
        "Non-adjusted EPS": -1663,
        "PE": -1.4,
        "Book Price": 11.2
      }
    },
    {
      "quarter": "Q3 2011",
      "income status": {
        "Net sales": 18671,
        "Cost of goods sold": 13108,
        "Gross Profit": 5563,
        "Financial expenses": 350,
        "Of which: Interest expense": 301,
        "Cost of sales": 1837,
        "Enterprise cost management": 2241,
        "Total Operating Expenses": 4428,
        "Total revenue financing activities": 54,
        "Net profit from business activities": 1189,
        "Profit": 136,
        "Profit before tax": -7147,
        "Present corporate income tax expenses": "N/A",
        "Deferred income taxes expenses": 1,
        "The interests of minority shareholders": 480,
        "Total Cost of profits": 481,
        "Profit after tax corporate income": 650,
        "Volume": 4534696,
        "Close of Quarter": 3.5,
        "EPS": -19,
        "Non-adjusted EPS": -19,
        "PE": -183.2,
        "Book Price": 11.5
      }
    },
    {
      "quarter": "Q2 2011",
      "income status": {
        "Net sales": 7226,
        "Cost of goods sold": 7990,
        "Gross Profit": -764,
        "Financial expenses": 474,
        "Of which: Interest expense": 338,
        "Cost of sales": 1729,
        "Enterprise cost management": 2482,
        "Total Operating Expenses": 4685,
        "Total revenue financing activities": 404,
        "Net profit from business activities": -5045,
        "Profit": 122,
        "Profit before tax": -5117,
        "Present corporate income tax expenses": "N/A",
        "Deferred income taxes expenses": 1,
        "The interests of minority shareholders": -1070,
        "Total Cost of profits": -1069,
        "Profit after tax corporate income": -4048,
        "Volume": 4534696,
        "Close of Quarter": 4.3,
        "EPS": -279,
        "Non-adjusted EPS": -279,
        "PE": -15.4,
        "Book Price": 11.1
      }
    },
    {
      "quarter": "Q1 2011",
      "income status": {
        "Net sales": 3457,
        "Cost of goods sold": 3719,
        "Gross Profit": -261,
        "Financial expenses": 308,
        "Of which: Interest expense": 255,
        "Cost of sales": 1556,
        "Enterprise cost management": 2230,
        "Total Operating Expenses": 4094,
        "Total revenue financing activities": 209,
        "Net profit from business activities": -4147,
        "Profit": 11,
        "Profit before tax": -4273,
        "Present corporate income tax expenses": -1,
        "Deferred income taxes expenses": "N/A",
        "The interests of minority shareholders": -729,
        "Total Cost of profits": -730,
        "Profit after tax corporate income": -3543,
        "Volume": 4534696,
        "Close of Quarter": 5.0,
        "EPS": 70,
        "Non-adjusted EPS": 70,
        "PE": 70.7,
        "Book Price": 12
      }
    }
  ]
}