{
  "ticker": "PXS",
  "data": [
    {
      "quarter": "Q4 2016",
      "income status": {
        "Net sales": 272064,
        "Cost of goods sold": 238823,
        "Gross Profit": 33240,
        "Financial expenses": 9836,
        "Of which: Interest expense": 8782,
        "Cost of sales": "N/A",
        "Enterprise cost management": 18849,
        "Total Operating Expenses": 28685,
        "Total revenue financing activities": 869,
        "Net profit from business activities": 5424,
        "Profit": 32,
        "Profit before tax": 5455,
        "Present corporate income tax expenses": 1101,
        "Deferred income taxes expenses": "N/A",
        "The interests of minority shareholders": "N/A",
        "Total Cost of profits": 1101,
        "Profit after tax corporate income": 4355,
        "Volume": 60000000,
        "Close of Quarter": 9.6,
        "EPS": 1462,
        "Non-adjusted EPS": 1462,
        "PE": 6.6,
        "Book Price": 13.7
      }
    },
    {
      "quarter": "Q3 2016",
      "income status": {
        "Net sales": 221215,
        "Cost of goods sold": 181467,
        "Gross Profit": 39749,
        "Financial expenses": 8680,
        "Of which: Interest expense": 8680,
        "Cost of sales": "N/A",
        "Enterprise cost management": 18347,
        "Total Operating Expenses": 27027,
        "Total revenue financing activities": 555,
        "Net profit from business activities": 13277,
        "Profit": -628,
        "Profit before tax": 12649,
        "Present corporate income tax expenses": 2821,
        "Deferred income taxes expenses": "N/A",
        "The interests of minority shareholders": "N/A",
        "Total Cost of profits": 2821,
        "Profit after tax corporate income": 9828,
        "Volume": 60000000,
        "Close of Quarter": 12.9,
        "EPS": 1708,
        "Non-adjusted EPS": 1708,
        "PE": 7.6,
        "Book Price": 13.7
      }
    },
    {
      "quarter": "Q2 2016",
      "income status": {
        "Net sales": 429688,
        "Cost of goods sold": 355851,
        "Gross Profit": 73837,
        "Financial expenses": 10459,
        "Of which: Interest expense": 10080,
        "Cost of sales": "N/A",
        "Enterprise cost management": 16411,
        "Total Operating Expenses": 26870,
        "Total revenue financing activities": 581,
        "Net profit from business activities": 47547,
        "Profit": 821,
        "Profit before tax": 48369,
        "Present corporate income tax expenses": 8838,
        "Deferred income taxes expenses": "N/A",
        "The interests of minority shareholders": "N/A",
        "Total Cost of profits": 8838,
        "Profit after tax corporate income": 39531,
        "Volume": 60000000,
        "Close of Quarter": 12.6,
        "EPS": 1793,
        "Non-adjusted EPS": 1793,
        "PE": 7.0,
        "Book Price": 13.5
      }
    },
    {
      "quarter": "Q1 2016",
      "income status": {
        "Net sales": 625391,
        "Cost of goods sold": 555695,
        "Gross Profit": 69697,
        "Financial expenses": 8341,
        "Of which: Interest expense": 8339,
        "Cost of sales": "N/A",
        "Enterprise cost management": 17828,
        "Total Operating Expenses": 26169,
        "Total revenue financing activities": 374,
        "Net profit from business activities": 43901,
        "Profit": -193,
        "Profit before tax": 43708,
        "Present corporate income tax expenses": 9675,
        "Deferred income taxes expenses": "N/A",
        "The interests of minority shareholders": "N/A",
        "Total Cost of profits": 9675,
        "Profit after tax corporate income": 34032,
        "Volume": 60000000,
        "Close of Quarter": 11.9,
        "EPS": 1948,
        "Non-adjusted EPS": 1948,
        "PE": 6.1,
        "Book Price": 13.3
      }
    },
    {
      "quarter": "Q4 2015",
      "income status": {
        "Net sales": 301486,
        "Cost of goods sold": 244250,
        "Gross Profit": 57236,
        "Financial expenses": 9769,
        "Of which: Interest expense": 9725,
        "Cost of sales": "N/A",
        "Enterprise cost management": 26504,
        "Total Operating Expenses": 36273,
        "Total revenue financing activities": 1556,
        "Net profit from business activities": 22519,
        "Profit": 2168,
        "Profit before tax": 24688,
        "Present corporate income tax expenses": 5592,
        "Deferred income taxes expenses": "N/A",
        "The interests of minority shareholders": "N/A",
        "Total Cost of profits": 5592,
        "Profit after tax corporate income": 19096,
        "Volume": 60000000,
        "Close of Quarter": 11.3,
        "EPS": 1860,
        "Non-adjusted EPS": 1860,
        "PE": 6.1,
        "Book Price": 12.6
      }
    },
    {
      "quarter": "Q3 2015",
      "income status": {
        "Net sales": 392407,
        "Cost of goods sold": 342041,
        "Gross Profit": 50365,
        "Financial expenses": 9632,
        "Of which: Interest expense": 9591,
        "Cost of sales": "N/A",
        "Enterprise cost management": 22454,
        "Total Operating Expenses": 32086,
        "Total revenue financing activities": 930,
        "Net profit from business activities": 19209,
        "Profit": -55,
        "Profit before tax": 19154,
        "Present corporate income tax expenses": 4238,
        "Deferred income taxes expenses": "N/A",
        "The interests of minority shareholders": "N/A",
        "Total Cost of profits": 4238,
        "Profit after tax corporate income": 14916,
        "Volume": 50000000,
        "Close of Quarter": 14.9,
        "EPS": 1885.8,
        "Non-adjusted EPS": 2263,
        "PE": 6.6,
        "Book Price": 11.3
      }
    },
    {
      "quarter": "Q2 2015",
      "income status": {
        "Net sales": 599676,
        "Cost of goods sold": 506591,
        "Gross Profit": 93084,
        "Financial expenses": 9623,
        "Of which: Interest expense": 9308,
        "Cost of sales": "N/A",
        "Enterprise cost management": 22274,
        "Total Operating Expenses": 31897,
        "Total revenue financing activities": 2159,
        "Net profit from business activities": 63347,
        "Profit": -822,
        "Profit before tax": 62524,
        "Present corporate income tax expenses": 13661,
        "Deferred income taxes expenses": "N/A",
        "The interests of minority shareholders": "N/A",
        "Total Cost of profits": 13661,
        "Profit after tax corporate income": 48863,
        "Volume": 50000000,
        "Close of Quarter": 18.8,
        "EPS": 2323.3,
        "Non-adjusted EPS": 2788,
        "PE": 6.8,
        "Book Price": 11.8
      }
    },
    {
      "quarter": "Q1 2015",
      "income status": {
        "Net sales": 463935,
        "Cost of goods sold": 397869,
        "Gross Profit": 66066,
        "Financial expenses": 9506,
        "Of which: Interest expense": 9503,
        "Cost of sales": "N/A",
        "Enterprise cost management": 21157,
        "Total Operating Expenses": 30663,
        "Total revenue financing activities": 1402,
        "Net profit from business activities": 36804,
        "Profit": 91,
        "Profit before tax": 36896,
        "Present corporate income tax expenses": 8144,
        "Deferred income taxes expenses": "N/A",
        "The interests of minority shareholders": "N/A",
        "Total Cost of profits": 8144,
        "Profit after tax corporate income": 28751,
        "Volume": 50000000,
        "Close of Quarter": 16.4,
        "EPS": 2185,
        "Non-adjusted EPS": 2622,
        "PE": 6.3,
        "Book Price": 11.5
      }
    },
    {
      "quarter": "Q4 2014",
      "income status": {
        "Net sales": 332379,
        "Cost of goods sold": 273005,
        "Gross Profit": 59374,
        "Financial expenses": 13516,
        "Of which: Interest expense": 10627,
        "Cost of sales": "N/A",
        "Enterprise cost management": 22550,
        "Total Operating Expenses": 36066,
        "Total revenue financing activities": 3148,
        "Net profit from business activities": 26456,
        "Profit": 65,
        "Profit before tax": 26521,
        "Present corporate income tax expenses": 5888,
        "Deferred income taxes expenses": "N/A",
        "The interests of minority shareholders": "N/A",
        "Total Cost of profits": 5888,
        "Profit after tax corporate income": 20633,
        "Volume": 50000000,
        "Close of Quarter": 18.6,
        "EPS": 2052.5,
        "Non-adjusted EPS": 2463,
        "PE": 7.6,
        "Book Price": 11
      }
    },
    {
      "quarter": "Q3 2014",
      "income status": {
        "Net sales": 449778,
        "Cost of goods sold": 367351,
        "Gross Profit": 82427,
        "Financial expenses": 9944,
        "Of which: Interest expense": 9350,
        "Cost of sales": "N/A",
        "Enterprise cost management": 19652,
        "Total Operating Expenses": 29596,
        "Total revenue financing activities": 610,
        "Net profit from business activities": 53440,
        "Profit": -644,
        "Profit before tax": 52796,
        "Present corporate income tax expenses": 11638,
        "Deferred income taxes expenses": "N/A",
        "The interests of minority shareholders": "N/A",
        "Total Cost of profits": 11638,
        "Profit after tax corporate income": 41158,
        "Volume": 50000000,
        "Close of Quarter": 25.7,
        "EPS": 2161.7,
        "Non-adjusted EPS": 2594,
        "PE": 9.9,
        "Book Price": 11.5
      }
    },
    {
      "quarter": "Q2 2014",
      "income status": {
        "Net sales": 522991,
        "Cost of goods sold": 442577,
        "Gross Profit": 80413,
        "Financial expenses": 12260,
        "Of which: Interest expense": 11542,
        "Cost of sales": "N/A",
        "Enterprise cost management": 18829,
        "Total Operating Expenses": 31089,
        "Total revenue financing activities": 2896,
        "Net profit from business activities": 52220,
        "Profit": -181,
        "Profit before tax": 52039,
        "Present corporate income tax expenses": 11492,
        "Deferred income taxes expenses": "N/A",
        "The interests of minority shareholders": "N/A",
        "Total Cost of profits": 11492,
        "Profit after tax corporate income": 40547,
        "Volume": 50000000,
        "Close of Quarter": 16.8,
        "EPS": 2034.2,
        "Non-adjusted EPS": 2441,
        "PE": 6.9,
        "Book Price": 10.8
      }
    },
    {
      "quarter": "Q1 2014",
      "income status": {
        "Net sales": 357204,
        "Cost of goods sold": 304998,
        "Gross Profit": 52206,
        "Financial expenses": 11244,
        "Of which: Interest expense": 11187,
        "Cost of sales": "N/A",
        "Enterprise cost management": 17060,
        "Total Operating Expenses": 28304,
        "Total revenue financing activities": 2826,
        "Net profit from business activities": 26728,
        "Profit": -21,
        "Profit before tax": 26707,
        "Present corporate income tax expenses": 5905,
        "Deferred income taxes expenses": "N/A",
        "The interests of minority shareholders": "N/A",
        "Total Cost of profits": 5905,
        "Profit after tax corporate income": 20802,
        "Volume": 50000000,
        "Close of Quarter": 17.4,
        "EPS": 1535,
        "Non-adjusted EPS": 1842,
        "PE": 9.5,
        "Book Price": 10.8
      }
    },
    {
      "quarter": "Q4 2013",
      "income status": {
        "Net sales": 327582,
        "Cost of goods sold": 233715,
        "Gross Profit": 93866,
        "Financial expenses": 36462,
        "Of which: Interest expense": 24678,
        "Cost of sales": "N/A",
        "Enterprise cost management": 22650,
        "Total Operating Expenses": 59112,
        "Total revenue financing activities": 1751,
        "Net profit from business activities": 36505,
        "Profit": -179,
        "Profit before tax": 36327,
        "Present corporate income tax expenses": 9122,
        "Deferred income taxes expenses": "N/A",
        "The interests of minority shareholders": "N/A",
        "Total Cost of profits": 9122,
        "Profit after tax corporate income": 27204,
        "Volume": 50000000,
        "Close of Quarter": 11.2,
        "EPS": 1273.3,
        "Non-adjusted EPS": 1528,
        "PE": 7.3,
        "Book Price": 10.3
      }
    },
    {
      "quarter": "Q3 2013",
      "income status": {
        "Net sales": 303335,
        "Cost of goods sold": 232444,
        "Gross Profit": 70891,
        "Financial expenses": 13641,
        "Of which: Interest expense": 13397,
        "Cost of sales": "N/A",
        "Enterprise cost management": 14928,
        "Total Operating Expenses": 28569,
        "Total revenue financing activities": 521,
        "Net profit from business activities": 42844,
        "Profit": 1869,
        "Profit before tax": 44713,
        "Present corporate income tax expenses": 11230,
        "Deferred income taxes expenses": "N/A",
        "The interests of minority shareholders": "N/A",
        "Total Cost of profits": 11230,
        "Profit after tax corporate income": 33483,
        "Volume": 40630661,
        "Close of Quarter": 7.4,
        "EPS": 883.7,
        "Non-adjusted EPS": 1305,
        "PE": 5.7,
        "Book Price": 8.9
      }
    },
    {
      "quarter": "Q2 2013",
      "income status": {
        "Net sales": 254654,
        "Cost of goods sold": 211516,
        "Gross Profit": 43138,
        "Financial expenses": 17826,
        "Of which: Interest expense": 17500,
        "Cost of sales": "N/A",
        "Enterprise cost management": 12466,
        "Total Operating Expenses": 30292,
        "Total revenue financing activities": 1530,
        "Net profit from business activities": 14376,
        "Profit": -192,
        "Profit before tax": 14184,
        "Present corporate income tax expenses": 3558,
        "Deferred income taxes expenses": "N/A",
        "The interests of minority shareholders": "N/A",
        "Total Cost of profits": 3558,
        "Profit after tax corporate income": 10626,
        "Volume": 40630661,
        "Close of Quarter": 7.4,
        "EPS": 359.6,
        "Non-adjusted EPS": 531,
        "PE": 14.0,
        "Book Price": 8.3
      }
    },
    {
      "quarter": "Q1 2013",
      "income status": {
        "Net sales": 123774,
        "Cost of goods sold": 84639,
        "Gross Profit": 39135,
        "Financial expenses": 19440,
        "Of which: Interest expense": 19372,
        "Cost of sales": "N/A",
        "Enterprise cost management": 14060,
        "Total Operating Expenses": 33500,
        "Total revenue financing activities": 1339,
        "Net profit from business activities": 6973,
        "Profit": -94,
        "Profit before tax": 6880,
        "Present corporate income tax expenses": 1806,
        "Deferred income taxes expenses": "N/A",
        "The interests of minority shareholders": "N/A",
        "Total Cost of profits": 1806,
        "Profit after tax corporate income": 5074,
        "Volume": 37518001,
        "Close of Quarter": 5.9,
        "EPS": 669.1,
        "Non-adjusted EPS": 1070,
        "PE": 5.5,
        "Book Price": 8.6
      }
    },
    {
      "quarter": "Q4 2012",
      "income status": {
        "Net sales": 186305,
        "Cost of goods sold": 150649,
        "Gross Profit": 35656,
        "Financial expenses": 19789,
        "Of which: Interest expense": 18784,
        "Cost of sales": "N/A",
        "Enterprise cost management": 12904,
        "Total Operating Expenses": 32693,
        "Total revenue financing activities": 2980,
        "Net profit from business activities": 5943,
        "Profit": -97,
        "Profit before tax": 5846,
        "Present corporate income tax expenses": 1987,
        "Deferred income taxes expenses": "N/A",
        "The interests of minority shareholders": "N/A",
        "Total Cost of profits": 1987,
        "Profit after tax corporate income": 3860,
        "Volume": 37518001,
        "Close of Quarter": 5.2,
        "EPS": 1099.9,
        "Non-adjusted EPS": 1759,
        "PE": 3.0,
        "Book Price": 7.9
      }
    },
    {
      "quarter": "Q3 2012",
      "income status": {
        "Net sales": 249666,
        "Cost of goods sold": 210541,
        "Gross Profit": 39124,
        "Financial expenses": 21510,
        "Of which: Interest expense": 21053,
        "Cost of sales": "N/A",
        "Enterprise cost management": 16359,
        "Total Operating Expenses": 37869,
        "Total revenue financing activities": 2192,
        "Net profit from business activities": 3447,
        "Profit": -561,
        "Profit before tax": 2887,
        "Present corporate income tax expenses": 881,
        "Deferred income taxes expenses": "N/A",
        "The interests of minority shareholders": "N/A",
        "Total Cost of profits": 881,
        "Profit after tax corporate income": 2006,
        "Volume": 37518001,
        "Close of Quarter": 5.2,
        "EPS": 1645.2,
        "Non-adjusted EPS": 2631,
        "PE": 2.0,
        "Book Price": 8.4
      }
    },
    {
      "quarter": "Q2 2012",
      "income status": {
        "Net sales": 434310,
        "Cost of goods sold": 348629,
        "Gross Profit": 85681,
        "Financial expenses": 40724,
        "Of which: Interest expense": 39536,
        "Cost of sales": "N/A",
        "Enterprise cost management": 13391,
        "Total Operating Expenses": 54115,
        "Total revenue financing activities": 8242,
        "Net profit from business activities": 39809,
        "Profit": -576,
        "Profit before tax": 39232,
        "Present corporate income tax expenses": 10009,
        "Deferred income taxes expenses": "N/A",
        "The interests of minority shareholders": "N/A",
        "Total Cost of profits": 10009,
        "Profit after tax corporate income": 29223,
        "Volume": 37518001,
        "Close of Quarter": 6.0,
        "EPS": 1862.1,
        "Non-adjusted EPS": 2978,
        "PE": 2.0,
        "Book Price": 8.4
      }
    },
    {
      "quarter": "Q1 2012",
      "income status": {
        "Net sales": 317235,
        "Cost of goods sold": 256839,
        "Gross Profit": 60396,
        "Financial expenses": 14860,
        "Of which: Interest expense": 14436,
        "Cost of sales": "N/A",
        "Enterprise cost management": 10782,
        "Total Operating Expenses": 25642,
        "Total revenue financing activities": 5007,
        "Net profit from business activities": 39761,
        "Profit": 1666,
        "Profit before tax": 41427,
        "Present corporate income tax expenses": 10538,
        "Deferred income taxes expenses": "N/A",
        "The interests of minority shareholders": "N/A",
        "Total Cost of profits": 10538,
        "Profit after tax corporate income": 30890,
        "Volume": 37518001,
        "Close of Quarter": 5.5,
        "EPS": 1844.6,
        "Non-adjusted EPS": 2950,
        "PE": 1.9,
        "Book Price": 8.3
      }
    },
    {
      "quarter": "Q4 2011",
      "income status": {
        "Net sales": 324228,
        "Cost of goods sold": 265406,
        "Gross Profit": 58822,
        "Financial expenses": 14102,
        "Of which: Interest expense": 12420,
        "Cost of sales": "N/A",
        "Enterprise cost management": 13124,
        "Total Operating Expenses": 27226,
        "Total revenue financing activities": 17965,
        "Net profit from business activities": 49560,
        "Profit": -565,
        "Profit before tax": 146868,
        "Present corporate income tax expenses": 13723,
        "Deferred income taxes expenses": -1333,
        "The interests of minority shareholders": "N/A",
        "Total Cost of profits": 12390,
        "Profit after tax corporate income": 36605,
        "Volume": 37518001,
        "Close of Quarter": 4.1,
        "EPS": 1842.1,
        "Non-adjusted EPS": 2946,
        "PE": 1.4,
        "Book Price": 7.8
      }
    },
    {
      "quarter": "Q3 2011",
      "income status": {
        "Net sales": 313372,
        "Cost of goods sold": 287565,
        "Gross Profit": 25808,
        "Financial expenses": 5401,
        "Of which: Interest expense": 5057,
        "Cost of sales": "N/A",
        "Enterprise cost management": 7521,
        "Total Operating Expenses": 12922,
        "Total revenue financing activities": 7403,
        "Net profit from business activities": 20288,
        "Profit": -44,
        "Profit before tax": 20244,
        "Present corporate income tax expenses": 5231,
        "Deferred income taxes expenses": "N/A",
        "The interests of minority shareholders": "N/A",
        "Total Cost of profits": 5231,
        "Profit after tax corporate income": 15013,
        "Volume": 37518001,
        "Close of Quarter": 6.3,
        "EPS": 2098.5,
        "Non-adjusted EPS": 3356,
        "PE": 1.9,
        "Book Price": 7.8
      }
    },
    {
      "quarter": "Q2 2011",
      "income status": {
        "Net sales": 209560,
        "Cost of goods sold": 152744,
        "Gross Profit": 56815,
        "Financial expenses": 8365,
        "Of which: Interest expense": 8365,
        "Cost of sales": "N/A",
        "Enterprise cost management": 13908,
        "Total Operating Expenses": 22273,
        "Total revenue financing activities": 2981,
        "Net profit from business activities": 37522,
        "Profit": 185,
        "Profit before tax": 37707,
        "Present corporate income tax expenses": 9538,
        "Deferred income taxes expenses": "N/A",
        "The interests of minority shareholders": "N/A",
        "Total Cost of profits": 9538,
        "Profit after tax corporate income": 28169,
        "Volume": 37518001,
        "Close of Quarter": 5.1,
        "EPS": 2083.5,
        "Non-adjusted EPS": 3332,
        "PE": 1.5,
        "Book Price": 7.9
      }
    },
    {
      "quarter": "Q1 2011",
      "income status": {
        "Net sales": 207617,
        "Cost of goods sold": 149087,
        "Gross Profit": 58530,
        "Financial expenses": 7755,
        "Of which: Interest expense": 7755,
        "Cost of sales": "N/A",
        "Enterprise cost management": 10750,
        "Total Operating Expenses": 18505,
        "Total revenue financing activities": 1048,
        "Net profit from business activities": 41073,
        "Profit": -60,
        "Profit before tax": 41012,
        "Present corporate income tax expenses": 10272,
        "Deferred income taxes expenses": "N/A",
        "The interests of minority shareholders": "N/A",
        "Total Cost of profits": 10272,
        "Profit after tax corporate income": 30740,
        "Volume": 20000000,
        "Close of Quarter": 6.2,
        "EPS": 1894.7,
        "Non-adjusted EPS": 5684,
        "PE": 1.1,
        "Book Price": 4.5
      }
    }
  ]
}