{
  "ticker": "MWG",
  "data": [
    {
      "quarter": "Q4 2016",
      "income status": {
        "Net sales": 13837427,
        "Cost of goods sold": 11641490,
        "Gross Profit": 2195937,
        "Financial expenses": 39161,
        "Of which: Interest expense": 39160,
        "Cost of sales": 1380711,
        "Enterprise cost management": 388002,
        "Total Operating Expenses": 1807874,
        "Total revenue financing activities": 64311,
        "Net profit from business activities": 452375,
        "Profit": 4613,
        "Profit before tax": 456988,
        "Present corporate income tax expenses": 115085,
        "Deferred income taxes expenses": -13911,
        "The interests of minority shareholders": 199,
        "Total Cost of profits": 101373,
        "Profit after tax corporate income": 355615,
        "Volume": 146888974,
        "Close of Quarter": 77.4,
        "EPS": 10246.4,
        "Non-adjusted EPS": 10739,
        "PE": 7.2,
        "Book Price": 25
      }
    },
    {
      "quarter": "Q3 2016",
      "income status": {
        "Net sales": 11126308,
        "Cost of goods sold": 9292028,
        "Gross Profit": 1834279,
        "Financial expenses": 25233,
        "Of which: Interest expense": 25007,
        "Cost of sales": 1093577,
        "Enterprise cost management": 220957,
        "Total Operating Expenses": 1339767,
        "Total revenue financing activities": 23665,
        "Net profit from business activities": 518178,
        "Profit": -19496,
        "Profit before tax": 498682,
        "Present corporate income tax expenses": 113863,
        "Deferred income taxes expenses": -2703,
        "The interests of minority shareholders": 216,
        "Total Cost of profits": 111376,
        "Profit after tax corporate income": 387307,
        "Volume": 146888974,
        "Close of Quarter": 69.0,
        "EPS": 10091.8,
        "Non-adjusted EPS": 10577,
        "PE": 6.5,
        "Book Price": 22.6
      }
    },
    {
      "quarter": "Q2 2016",
      "income status": {
        "Net sales": 10022583,
        "Cost of goods sold": 8427888,
        "Gross Profit": 1594696,
        "Financial expenses": 25827,
        "Of which: Interest expense": 25660,
        "Cost of sales": 906270,
        "Enterprise cost management": 164005,
        "Total Operating Expenses": 1096102,
        "Total revenue financing activities": 18878,
        "Net profit from business activities": 517472,
        "Profit": 7841,
        "Profit before tax": 525313,
        "Present corporate income tax expenses": 110002,
        "Deferred income taxes expenses": -1575,
        "The interests of minority shareholders": 229,
        "Total Cost of profits": 108656,
        "Profit after tax corporate income": 416657,
        "Volume": 146888974,
        "Close of Quarter": 61.0,
        "EPS": 9442.1,
        "Non-adjusted EPS": 9896,
        "PE": 6.2,
        "Book Price": 20.1
      }
    },
    {
      "quarter": "Q1 2016",
      "income status": {
        "Net sales": 9627014,
        "Cost of goods sold": 8037820,
        "Gross Profit": 1589194,
        "Financial expenses": 29865,
        "Of which: Interest expense": 29819,
        "Cost of sales": 907142,
        "Enterprise cost management": 161813,
        "Total Operating Expenses": 1098820,
        "Total revenue financing activities": 28473,
        "Net profit from business activities": 518846,
        "Profit": 6081,
        "Profit before tax": 524927,
        "Present corporate income tax expenses": 109232,
        "Deferred income taxes expenses": -2330,
        "The interests of minority shareholders": 234,
        "Total Cost of profits": 107136,
        "Profit after tax corporate income": 417791,
        "Volume": 146888974,
        "Close of Quarter": 36.7,
        "EPS": 8172.1,
        "Non-adjusted EPS": 8565,
        "PE": 4.3,
        "Book Price": 18.9
      }
    },
    {
      "quarter": "Q4 2015",
      "income status": {
        "Net sales": 7746260,
        "Cost of goods sold": 6461720,
        "Gross Profit": 1284540,
        "Financial expenses": 11751,
        "Of which: Interest expense": 11822,
        "Cost of sales": 788749,
        "Enterprise cost management": 86661,
        "Total Operating Expenses": 887161,
        "Total revenue financing activities": 24878,
        "Net profit from business activities": 422257,
        "Profit": 5529,
        "Profit before tax": 427786,
        "Present corporate income tax expenses": 94666,
        "Deferred income taxes expenses": 1083,
        "The interests of minority shareholders": 184,
        "Total Cost of profits": 95933,
        "Profit after tax corporate income": 331853,
        "Volume": 146888974,
        "Close of Quarter": 38.2,
        "EPS": 6962.3,
        "Non-adjusted EPS": 7297,
        "PE": 5.2,
        "Book Price": 16.1
      }
    },
    {
      "quarter": "Q3 2015",
      "income status": {
        "Net sales": 6646721,
        "Cost of goods sold": 5622848,
        "Gross Profit": 1023873,
        "Financial expenses": 6629,
        "Of which: Interest expense": 6138,
        "Cost of sales": 614547,
        "Enterprise cost management": 66203,
        "Total Operating Expenses": 687379,
        "Total revenue financing activities": 24451,
        "Net profit from business activities": 360944,
        "Profit": 10090,
        "Profit before tax": 371034,
        "Present corporate income tax expenses": 88985,
        "Deferred income taxes expenses": -5958,
        "The interests of minority shareholders": 709,
        "Total Cost of profits": 83736,
        "Profit after tax corporate income": 287299,
        "Volume": 139903976,
        "Close of Quarter": 29.7,
        "EPS": 6005.1,
        "Non-adjusted EPS": 6608,
        "PE": 4.5,
        "Book Price": 14.0
      }
    },
    {
      "quarter": "Q2 2015",
      "income status": {
        "Net sales": 5363271,
        "Cost of goods sold": 4550369,
        "Gross Profit": 812902,
        "Financial expenses": 10028,
        "Of which: Interest expense": 8731,
        "Cost of sales": 490951,
        "Enterprise cost management": 45560,
        "Total Operating Expenses": 546539,
        "Total revenue financing activities": 15061,
        "Net profit from business activities": 281425,
        "Profit": 5412,
        "Profit before tax": 286836,
        "Present corporate income tax expenses": 63680,
        "Deferred income taxes expenses": 520,
        "The interests of minority shareholders": 1454,
        "Total Cost of profits": 65654,
        "Profit after tax corporate income": 221182,
        "Volume": 139903976,
        "Close of Quarter": 35.8,
        "EPS": 5277.2,
        "Non-adjusted EPS": 5807,
        "PE": 6.2,
        "Book Price": 12.5
      }
    },
    {
      "quarter": "Q1 2015",
      "income status": {
        "Net sales": 5496481,
        "Cost of goods sold": 4695365,
        "Gross Profit": 801116,
        "Financial expenses": 12258,
        "Of which: Interest expense": 12204,
        "Cost of sales": 456848,
        "Enterprise cost management": 50892,
        "Total Operating Expenses": 519998,
        "Total revenue financing activities": 16596,
        "Net profit from business activities": 297714,
        "Profit": 2413,
        "Profit before tax": 300127,
        "Present corporate income tax expenses": 65280,
        "Deferred income taxes expenses": 1756,
        "The interests of minority shareholders": 1530,
        "Total Cost of profits": 68566,
        "Profit after tax corporate income": 231561,
        "Volume": 111956779,
        "Close of Quarter": 41.7,
        "EPS": 4764.0,
        "Non-adjusted EPS": 6551,
        "PE": 6.4,
        "Book Price": 11.1
      }
    },
    {
      "quarter": "Q4 2014",
      "income status": {
        "Net sales": 4836716,
        "Cost of goods sold": 4146013,
        "Gross Profit": 690703,
        "Financial expenses": 5445,
        "Of which: Interest expense": 5444,
        "Cost of sales": 417052,
        "Enterprise cost management": 57969,
        "Total Operating Expenses": 480466,
        "Total revenue financing activities": 26334,
        "Net profit from business activities": 236572,
        "Profit": 4074,
        "Profit before tax": 240646,
        "Present corporate income tax expenses": 57195,
        "Deferred income taxes expenses": -2209,
        "The interests of minority shareholders": 1182,
        "Total Cost of profits": 56168,
        "Profit after tax corporate income": 184478,
        "Volume": 106625661,
        "Close of Quarter": 42.4,
        "EPS": 4339.8,
        "Non-adjusted EPS": 6266,
        "PE": 6.8,
        "Book Price": 9.6
      }
    },
    {
      "quarter": "Q3 2014",
      "income status": {
        "Net sales": 3945123,
        "Cost of goods sold": 3311180,
        "Gross Profit": 633943,
        "Financial expenses": 5095,
        "Of which: Interest expense": 5085,
        "Cost of sales": 356162,
        "Enterprise cost management": 71619,
        "Total Operating Expenses": 432876,
        "Total revenue financing activities": 20994,
        "Net profit from business activities": 222060,
        "Profit": 5227,
        "Profit before tax": 227288,
        "Present corporate income tax expenses": 50409,
        "Deferred income taxes expenses": 509,
        "The interests of minority shareholders": 1138,
        "Total Cost of profits": 52056,
        "Profit after tax corporate income": 175232,
        "Volume": "N/A",
        "Close of Quarter": 38.7,
        "EPS": "N/A",
        "Non-adjusted EPS": " ",
        "PE": "N/A",
        "Book Price": "N/A"
      }
    },
    {
      "quarter": "Q2 2014",
      "income status": {
        "Net sales": 3487062,
        "Cost of goods sold": 2960190,
        "Gross Profit": 526872,
        "Financial expenses": 331,
        "Of which: Interest expense": 313,
        "Cost of sales": 291020,
        "Enterprise cost management": 60973,
        "Total Operating Expenses": 352324,
        "Total revenue financing activities": 8136,
        "Net profit from business activities": 182684,
        "Profit": 2184,
        "Profit before tax": 184868,
        "Present corporate income tax expenses": 49872,
        "Deferred income taxes expenses": -8056,
        "The interests of minority shareholders": 868,
        "Total Cost of profits": 42684,
        "Profit after tax corporate income": 142184,
        "Volume": "N/A",
        "Close of Quarter": "N/A",
        "EPS": "",
        "Non-adjusted EPS": "N/A",
        "PE": "N/A",
        "Book Price": "N/A"
      }
    },
    {
      "quarter": "Q1 2014",
      "income status": {
        "Net sales": 3487825,
        "Cost of goods sold": 2943224,
        "Gross Profit": 544601,
        "Financial expenses": 10421,
        "Of which: Interest expense": 10419,
        "Cost of sales": 285067,
        "Enterprise cost management": 49982,
        "Total Operating Expenses": 345470,
        "Total revenue financing activities": 15871,
        "Net profit from business activities": 215002,
        "Profit": 393,
        "Profit before tax": 215395,
        "Present corporate income tax expenses": 46323,
        "Deferred income taxes expenses": 411,
        "The interests of minority shareholders": 2449,
        "Total Cost of profits": 49183,
        "Profit after tax corporate income": 166213,
        "Volume": "N/A",
        "Close of Quarter": "N/A",
        "EPS": "",
        "Non-adjusted EPS": "N/A",
        "PE": "N/A",
        "Book Price": "N/A"
      }
    },
    {
      "quarter": "Q3 2013",
      "income status": {
        "Net sales": 2428318,
        "Cost of goods sold": 2058752,
        "Gross Profit": 369566,
        "Financial expenses": 2747,
        "Of which: Interest expense": 2746,
        "Cost of sales": 231179,
        "Enterprise cost management": 30514,
        "Total Operating Expenses": 264440,
        "Total revenue financing activities": 6025,
        "Net profit from business activities": 111152,
        "Profit": -310,
        "Profit before tax": 110842,
        "Present corporate income tax expenses": 29863,
        "Deferred income taxes expenses": -997,
        "The interests of minority shareholders": 1006,
        "Total Cost of profits": 29872,
        "Profit after tax corporate income": 80970,
        "Volume": "N/A",
        "Close of Quarter": "N/A",
        "EPS": " ",
        "Non-adjusted EPS": "",
        "PE": "N/A",
        "Book Price": "N/A"
      }
    },
    {
      "quarter": "Q1 2013",
      "income status": {
        "Net sales": 2042604,
        "Cost of goods sold": 1730243,
        "Gross Profit": 312362,
        "Financial expenses": 10011,
        "Of which: Interest expense": 9663,
        "Cost of sales": 229738,
        "Enterprise cost management": 23268,
        "Total Operating Expenses": 263017,
        "Total revenue financing activities": 6451,
        "Net profit from business activities": 55795,
        "Profit": 610,
        "Profit before tax": 56406,
        "Present corporate income tax expenses": 14219,
        "Deferred income taxes expenses": "N/A",
        "The interests of minority shareholders": 274,
        "Total Cost of profits": 14493,
        "Profit after tax corporate income": 41913,
        "Volume": "N/A",
        "Close of Quarter": "N/A",
        "EPS": "N/A",
        "Non-adjusted EPS": "",
        "PE": "N/A",
        "Book Price": "N/A"
      }
    }
  ]
}