{
  "ticker": "NLG",
  "data": [
    {
      "quarter": "Q4 2016",
      "income status": {
        "Net sales": 862273,
        "Cost of goods sold": 491756,
        "Gross Profit": 370517,
        "Financial expenses": 10865,
        "Of which: Interest expense": 7556,
        "Cost of sales": 72992,
        "Enterprise cost management": 55220,
        "Total Operating Expenses": 139077,
        "Total revenue financing activities": 12222,
        "Net profit from business activities": 243935,
        "Profit": 2940,
        "Profit before tax": 246876,
        "Present corporate income tax expenses": 59928,
        "Deferred income taxes expenses": -12250,
        "The interests of minority shareholders": 16507,
        "Total Cost of profits": 64185,
        "Profit after tax corporate income": 182691,
        "Volume": 142114510,
        "Close of Quarter": 22.2,
        "EPS": 2429,
        "Non-adjusted EPS": 2429,
        "PE": 9.1,
        "Book Price": 22.1
      }
    },
    {
      "quarter": "Q3 2016",
      "income status": {
        "Net sales": 603792,
        "Cost of goods sold": 460793,
        "Gross Profit": 142999,
        "Financial expenses": 9666,
        "Of which: Interest expense": 7079,
        "Cost of sales": 40457,
        "Enterprise cost management": 38581,
        "Total Operating Expenses": 88704,
        "Total revenue financing activities": 6604,
        "Net profit from business activities": 60900,
        "Profit": 395,
        "Profit before tax": 61294,
        "Present corporate income tax expenses": 11533,
        "Deferred income taxes expenses": -1567,
        "The interests of minority shareholders": 16187,
        "Total Cost of profits": 26153,
        "Profit after tax corporate income": 35141,
        "Volume": 142114510,
        "Close of Quarter": 22.1,
        "EPS": 2065,
        "Non-adjusted EPS": 2065,
        "PE": 10.7,
        "Book Price": 19.9
      }
    },
    {
      "quarter": "Q2 2016",
      "income status": {
        "Net sales": 692985,
        "Cost of goods sold": 485627,
        "Gross Profit": 207358,
        "Financial expenses": 3321,
        "Of which: Interest expense": 2925,
        "Cost of sales": 51497,
        "Enterprise cost management": 39111,
        "Total Operating Expenses": 93929,
        "Total revenue financing activities": 3877,
        "Net profit from business activities": 117470,
        "Profit": 2355,
        "Profit before tax": 119826,
        "Present corporate income tax expenses": 19249,
        "Deferred income taxes expenses": 5679,
        "The interests of minority shareholders": 9085,
        "Total Cost of profits": 34013,
        "Profit after tax corporate income": 85812,
        "Volume": 141572157,
        "Close of Quarter": 22.3,
        "EPS": 1920.6,
        "Non-adjusted EPS": 1928,
        "PE": 11.5,
        "Book Price": 19.3
      }
    },
    {
      "quarter": "Q1 2016",
      "income status": {
        "Net sales": 374748,
        "Cost of goods sold": 256991,
        "Gross Profit": 117756,
        "Financial expenses": 3099,
        "Of which: Interest expense": 2996,
        "Cost of sales": 23674,
        "Enterprise cost management": 37226,
        "Total Operating Expenses": 63999,
        "Total revenue financing activities": 1325,
        "Net profit from business activities": 55246,
        "Profit": 1100,
        "Profit before tax": 56346,
        "Present corporate income tax expenses": 8975,
        "Deferred income taxes expenses": 5224,
        "The interests of minority shareholders": 574,
        "Total Cost of profits": 14773,
        "Profit after tax corporate income": 41572,
        "Volume": 141572157,
        "Close of Quarter": 22.5,
        "EPS": 1501.3,
        "Non-adjusted EPS": 1507,
        "PE": 14.9,
        "Book Price": 16.9
      }
    },
    {
      "quarter": "Q4 2015",
      "income status": {
        "Net sales": 609074,
        "Cost of goods sold": 409049,
        "Gross Profit": 200025,
        "Financial expenses": 4186,
        "Of which: Interest expense": "N/A",
        "Cost of sales": 73650,
        "Enterprise cost management": 44832,
        "Total Operating Expenses": 122668,
        "Total revenue financing activities": 2579,
        "Net profit from business activities": 79840,
        "Profit": 104445,
        "Profit before tax": 184285,
        "Present corporate income tax expenses": 39674,
        "Deferred income taxes expenses": 12456,
        "The interests of minority shareholders": 1218,
        "Total Cost of profits": 53348,
        "Profit after tax corporate income": 130937,
        "Volume": 141572157,
        "Close of Quarter": 22.1,
        "EPS": 1450.4,
        "Non-adjusted EPS": 1456,
        "PE": 15.2,
        "Book Price": 17.0
      }
    },
    {
      "quarter": "Q3 2015",
      "income status": {
        "Net sales": 236466,
        "Cost of goods sold": 156918,
        "Gross Profit": 79548,
        "Financial expenses": 4447,
        "Of which: Interest expense": 4316,
        "Cost of sales": 17229,
        "Enterprise cost management": 40151,
        "Total Operating Expenses": 61827,
        "Total revenue financing activities": 1230,
        "Net profit from business activities": 19056,
        "Profit": -542,
        "Profit before tax": 18514,
        "Present corporate income tax expenses": 5302,
        "Deferred income taxes expenses": -1754,
        "The interests of minority shareholders": 404,
        "Total Cost of profits": 3952,
        "Profit after tax corporate income": 14561,
        "Volume": 141572157,
        "Close of Quarter": 19.8,
        "EPS": 1317.0,
        "Non-adjusted EPS": 1322,
        "PE": 15.0,
        "Book Price": 15.4
      }
    },
    {
      "quarter": "Q2 2015",
      "income status": {
        "Net sales": 238485,
        "Cost of goods sold": 158101,
        "Gross Profit": 80384,
        "Financial expenses": 3772,
        "Of which: Interest expense": 2255,
        "Cost of sales": 15592,
        "Enterprise cost management": 32990,
        "Total Operating Expenses": 52354,
        "Total revenue financing activities": 10625,
        "Net profit from business activities": 38810,
        "Profit": -1644,
        "Profit before tax": 37167,
        "Present corporate income tax expenses": 7656,
        "Deferred income taxes expenses": 2655,
        "The interests of minority shareholders": 528,
        "Total Cost of profits": 10839,
        "Profit after tax corporate income": 26328,
        "Volume": 133969279,
        "Close of Quarter": 18.2,
        "EPS": 1216.1,
        "Non-adjusted EPS": 1290,
        "PE": 14.1,
        "Book Price": 14.5
      }
    },
    {
      "quarter": "Q1 2015",
      "income status": {
        "Net sales": 174519,
        "Cost of goods sold": 116714,
        "Gross Profit": 57804,
        "Financial expenses": 4146,
        "Of which: Interest expense": 3944,
        "Cost of sales": 12266,
        "Enterprise cost management": 36402,
        "Total Operating Expenses": 52814,
        "Total revenue financing activities": 2131,
        "Net profit from business activities": 7156,
        "Profit": 28843,
        "Profit before tax": 35999,
        "Present corporate income tax expenses": 1545,
        "Deferred income taxes expenses": -95,
        "The interests of minority shareholders": 194,
        "Total Cost of profits": 1644,
        "Profit after tax corporate income": 34355,
        "Volume": 133969279,
        "Close of Quarter": 16.9,
        "EPS": 1065.2,
        "Non-adjusted EPS": 1130,
        "PE": 15.0,
        "Book Price": 14.6
      }
    },
    {
      "quarter": "Q4 2014",
      "income status": {
        "Net sales": 500156,
        "Cost of goods sold": 307873,
        "Gross Profit": 192284,
        "Financial expenses": -4481,
        "Of which: Interest expense": "N/A",
        "Cost of sales": 43722,
        "Enterprise cost management": 47598,
        "Total Operating Expenses": 86839,
        "Total revenue financing activities": 17388,
        "Net profit from business activities": 122646,
        "Profit": 22215,
        "Profit before tax": 144862,
        "Present corporate income tax expenses": 46600,
        "Deferred income taxes expenses": -13561,
        "The interests of minority shareholders": -107,
        "Total Cost of profits": 32932,
        "Profit after tax corporate income": 111930,
        "Volume": 121013523,
        "Close of Quarter": 16.7,
        "EPS": 671,
        "Non-adjusted EPS": 788,
        "PE": 21.1,
        "Book Price": 14.1
      }
    },
    {
      "quarter": "Q3 2014",
      "income status": {
        "Net sales": 134867,
        "Cost of goods sold": 85986,
        "Gross Profit": 48882,
        "Financial expenses": 7261,
        "Of which: Interest expense": 4512,
        "Cost of sales": 7420,
        "Enterprise cost management": 28934,
        "Total Operating Expenses": 43615,
        "Total revenue financing activities": 2661,
        "Net profit from business activities": 8002,
        "Profit": 589,
        "Profit before tax": 8591,
        "Present corporate income tax expenses": 9385,
        "Deferred income taxes expenses": -6028,
        "The interests of minority shareholders": 5002,
        "Total Cost of profits": 8359,
        "Profit after tax corporate income": 232,
        "Volume": 121013523,
        "Close of Quarter": 16.7,
        "EPS": 265.7,
        "Non-adjusted EPS": 312,
        "PE": 53.7,
        "Book Price": 13.9
      }
    },
    {
      "quarter": "Q2 2014",
      "income status": {
        "Net sales": 184398,
        "Cost of goods sold": 131639,
        "Gross Profit": 52759,
        "Financial expenses": 5514,
        "Of which: Interest expense": 2811,
        "Cost of sales": 13188,
        "Enterprise cost management": 26791,
        "Total Operating Expenses": 45493,
        "Total revenue financing activities": 3297,
        "Net profit from business activities": 10836,
        "Profit": 27,
        "Profit before tax": 10863,
        "Present corporate income tax expenses": 2575,
        "Deferred income taxes expenses": -1075,
        "The interests of minority shareholders": 4519,
        "Total Cost of profits": 6019,
        "Profit after tax corporate income": 4844,
        "Volume": 121013523,
        "Close of Quarter": 16.2,
        "EPS": 446.2,
        "Non-adjusted EPS": 524,
        "PE": 30.9,
        "Book Price": 13.9
      }
    },
    {
      "quarter": "Q1 2014",
      "income status": {
        "Net sales": 47508,
        "Cost of goods sold": 37258,
        "Gross Profit": 10249,
        "Financial expenses": 9861,
        "Of which: Interest expense": 8532,
        "Cost of sales": 6511,
        "Enterprise cost management": 24079,
        "Total Operating Expenses": 40451,
        "Total revenue financing activities": 4183,
        "Net profit from business activities": -26023,
        "Profit": 1001,
        "Profit before tax": -25022,
        "Present corporate income tax expenses": 523,
        "Deferred income taxes expenses": -2345,
        "The interests of minority shareholders": -1528,
        "Total Cost of profits": -3350,
        "Profit after tax corporate income": -21672,
        "Volume": 121013523,
        "Close of Quarter": 19.4,
        "EPS": 212.9,
        "Non-adjusted EPS": 250,
        "PE": 77.8,
        "Book Price": 14.1
      }
    },
    {
      "quarter": "Q4 2013",
      "income status": {
        "Net sales": 403253,
        "Cost of goods sold": 319200,
        "Gross Profit": 84053,
        "Financial expenses": 9595,
        "Of which: Interest expense": "N/A",
        "Cost of sales": 1143,
        "Enterprise cost management": 33604,
        "Total Operating Expenses": 44342,
        "Total revenue financing activities": 6437,
        "Net profit from business activities": 46149,
        "Profit": 13450,
        "Profit before tax": 73130,
        "Present corporate income tax expenses": 44232,
        "Deferred income taxes expenses": -27471,
        "The interests of minority shareholders": 1961,
        "Total Cost of profits": 18722,
        "Profit after tax corporate income": 54408,
        "Volume": 95513523,
        "Close of Quarter": 15.8,
        "EPS": 128.4,
        "Non-adjusted EPS": 191,
        "PE": 82.6,
        "Book Price": 9.1
      }
    },
    {
      "quarter": "Q3 2013",
      "income status": {
        "Net sales": 248704,
        "Cost of goods sold": 167801,
        "Gross Profit": 80903,
        "Financial expenses": 15309,
        "Of which: Interest expense": 9501,
        "Cost of sales": 12871,
        "Enterprise cost management": 19216,
        "Total Operating Expenses": 47396,
        "Total revenue financing activities": 1101,
        "Net profit from business activities": 34608,
        "Profit": 295,
        "Profit before tax": 34846,
        "Present corporate income tax expenses": 1669,
        "Deferred income taxes expenses": 131,
        "The interests of minority shareholders": 7248,
        "Total Cost of profits": 9048,
        "Profit after tax corporate income": 25798,
        "Volume": 95513523,
        "Close of Quarter": 19.1,
        "EPS": -254.7,
        "Non-adjusted EPS": -379,
        "PE": -50.4,
        "Book Price": 8.7
      }
    },
    {
      "quarter": "Q2 2013",
      "income status": {
        "Net sales": 84324,
        "Cost of goods sold": 57505,
        "Gross Profit": 26819,
        "Financial expenses": 10856,
        "Of which: Interest expense": -32436,
        "Cost of sales": 7795,
        "Enterprise cost management": 34753,
        "Total Operating Expenses": 53404,
        "Total revenue financing activities": 1021,
        "Net profit from business activities": -25564,
        "Profit": 358,
        "Profit before tax": -25191,
        "Present corporate income tax expenses": 852,
        "Deferred income taxes expenses": 600,
        "The interests of minority shareholders": 1590,
        "Total Cost of profits": 3042,
        "Profit after tax corporate income": -28233,
        "Volume": 95513523,
        "Close of Quarter": 21.1,
        "EPS": -436.2,
        "Non-adjusted EPS": -649,
        "PE": -32.5,
        "Book Price": 8.5
      }
    },
    {
      "quarter": "Q1 2013",
      "income status": {
        "Net sales": 20311,
        "Cost of goods sold": 13384,
        "Gross Profit": 6927,
        "Financial expenses": 11023,
        "Of which: Interest expense": 10808,
        "Cost of sales": 4244,
        "Enterprise cost management": 28252,
        "Total Operating Expenses": 43519,
        "Total revenue financing activities": 1317,
        "Net profit from business activities": -35275,
        "Profit": -277,
        "Profit before tax": -35543,
        "Present corporate income tax expenses": 785,
        "Deferred income taxes expenses": -65,
        "The interests of minority shareholders": -2524,
        "Total Cost of profits": -1804,
        "Profit after tax corporate income": -33739,
        "Volume": 95513523,
        "Close of Quarter": "N/A",
        "EPS": -237.3,
        "Non-adjusted EPS": -353,
        "PE": "N/A",
        "Book Price": 8.7
      }
    }
  ]
}