{
  "ticker": "HJS",
  "data": [
    {
      "quarter": "Q4 2016",
      "income status": {
        "Net sales": 37235,
        "Cost of goods sold": 21407,
        "Gross Profit": 15827,
        "Financial expenses": 5550,
        "Of which: Interest expense": 5550,
        "Cost of sales": "N/A",
        "Enterprise cost management": 14299,
        "Total Operating Expenses": 19849,
        "Total revenue financing activities": 143,
        "Net profit from business activities": -3878,
        "Profit": -638,
        "Profit before tax": -4516,
        "Present corporate income tax expenses": 637,
        "Deferred income taxes expenses": "N/A",
        "The interests of minority shareholders": -3004,
        "Total Cost of profits": -2367,
        "Profit after tax corporate income": -2149,
        "Volume": 20999900,
        "Close of Quarter": 17.2,
        "EPS": 1256,
        "Non-adjusted EPS": 1256,
        "PE": 13.7,
        "Book Price": 13.1
      }
    },
    {
      "quarter": "Q3 2016",
      "income status": {
        "Net sales": 41123,
        "Cost of goods sold": 23578,
        "Gross Profit": 17545,
        "Financial expenses": 5540,
        "Of which: Interest expense": 5540,
        "Cost of sales": "N/A",
        "Enterprise cost management": 1720,
        "Total Operating Expenses": 7260,
        "Total revenue financing activities": 25,
        "Net profit from business activities": 10311,
        "Profit": -18,
        "Profit before tax": 10293,
        "Present corporate income tax expenses": 731,
        "Deferred income taxes expenses": "N/A",
        "The interests of minority shareholders": 5,
        "Total Cost of profits": 736,
        "Profit after tax corporate income": 9557,
        "Volume": 20999900,
        "Close of Quarter": 15,
        "EPS": 1835,
        "Non-adjusted EPS": 1835,
        "PE": 8.2,
        "Book Price": 13.3
      }
    },
    {
      "quarter": "Q2 2016",
      "income status": {
        "Net sales": 46153,
        "Cost of goods sold": 24652,
        "Gross Profit": 21501,
        "Financial expenses": 5212,
        "Of which: Interest expense": 5171,
        "Cost of sales": "N/A",
        "Enterprise cost management": 2594,
        "Total Operating Expenses": 7806,
        "Total revenue financing activities": 301,
        "Net profit from business activities": 13996,
        "Profit": 14,
        "Profit before tax": 14010,
        "Present corporate income tax expenses": 960,
        "Deferred income taxes expenses": 73,
        "The interests of minority shareholders": 44,
        "Total Cost of profits": 1077,
        "Profit after tax corporate income": 12933,
        "Volume": 20999900,
        "Close of Quarter": 17,
        "EPS": 1788,
        "Non-adjusted EPS": 1788,
        "PE": 9.5,
        "Book Price": 12.9
      }
    },
    {
      "quarter": "Q1 2016",
      "income status": {
        "Net sales": 35579,
        "Cost of goods sold": 21727,
        "Gross Profit": 13853,
        "Financial expenses": 5445,
        "Of which: Interest expense": 5439,
        "Cost of sales": "N/A",
        "Enterprise cost management": 2197,
        "Total Operating Expenses": 7642,
        "Total revenue financing activities": 270,
        "Net profit from business activities": 6480,
        "Profit": -4,
        "Profit before tax": 6477,
        "Present corporate income tax expenses": 432,
        "Deferred income taxes expenses": "N/A",
        "The interests of minority shareholders": 2,
        "Total Cost of profits": 434,
        "Profit after tax corporate income": 6042,
        "Volume": 20999900,
        "Close of Quarter": 13.5,
        "EPS": 1616,
        "Non-adjusted EPS": 1616,
        "PE": 8.3,
        "Book Price": 13.5
      }
    },
    {
      "quarter": "Q4 2015",
      "income status": {
        "Net sales": 43245,
        "Cost of goods sold": 28089,
        "Gross Profit": 15156,
        "Financial expenses": 5420,
        "Of which: Interest expense": 5851,
        "Cost of sales": "N/A",
        "Enterprise cost management": 3894,
        "Total Operating Expenses": 9314,
        "Total revenue financing activities": 276,
        "Net profit from business activities": 6118,
        "Profit": 4265,
        "Profit before tax": 10383,
        "Present corporate income tax expenses": 440,
        "Deferred income taxes expenses": "N/A",
        "The interests of minority shareholders": -59,
        "Total Cost of profits": 381,
        "Profit after tax corporate income": 10002,
        "Volume": 20999900,
        "Close of Quarter": 14.4,
        "EPS": 1579,
        "Non-adjusted EPS": 1579,
        "PE": 9.1,
        "Book Price": 13.2
      }
    },
    {
      "quarter": "Q3 2015",
      "income status": {
        "Net sales": 38354,
        "Cost of goods sold": 19608,
        "Gross Profit": 18747,
        "Financial expenses": 8537,
        "Of which: Interest expense": 6224,
        "Cost of sales": "N/A",
        "Enterprise cost management": 1671,
        "Total Operating Expenses": 10208,
        "Total revenue financing activities": 638,
        "Net profit from business activities": 9177,
        "Profit": -16,
        "Profit before tax": 9161,
        "Present corporate income tax expenses": 490,
        "Deferred income taxes expenses": "N/A",
        "The interests of minority shareholders": 91,
        "Total Cost of profits": 581,
        "Profit after tax corporate income": 8580,
        "Volume": 14999989,
        "Close of Quarter": 11.2,
        "EPS": 1477.9,
        "Non-adjusted EPS": 2069,
        "PE": 5.4,
        "Book Price": 10.6
      }
    },
    {
      "quarter": "Q2 2015",
      "income status": {
        "Net sales": 49198,
        "Cost of goods sold": 26714,
        "Gross Profit": 22484,
        "Financial expenses": 8288,
        "Of which: Interest expense": 8258,
        "Cost of sales": "N/A",
        "Enterprise cost management": 2987,
        "Total Operating Expenses": 11275,
        "Total revenue financing activities": 631,
        "Net profit from business activities": 11841,
        "Profit": -1325,
        "Profit before tax": 10515,
        "Present corporate income tax expenses": 936,
        "Deferred income taxes expenses": 81,
        "The interests of minority shareholders": 186,
        "Total Cost of profits": 1203,
        "Profit after tax corporate income": 9313,
        "Volume": 14999989,
        "Close of Quarter": 9.8,
        "EPS": 1258.6,
        "Non-adjusted EPS": 1762,
        "PE": 5.6,
        "Book Price": 10.2
      }
    },
    {
      "quarter": "Q1 2015",
      "income status": {
        "Net sales": 32876,
        "Cost of goods sold": 16913,
        "Gross Profit": 15962,
        "Financial expenses": 8695,
        "Of which: Interest expense": 9162,
        "Cost of sales": "N/A",
        "Enterprise cost management": 2047,
        "Total Operating Expenses": 10742,
        "Total revenue financing activities": 627,
        "Net profit from business activities": 5848,
        "Profit": -474,
        "Profit before tax": 5373,
        "Present corporate income tax expenses": 107,
        "Deferred income taxes expenses": "N/A",
        "The interests of minority shareholders": "N/A",
        "Total Cost of profits": 107,
        "Profit after tax corporate income": 5267,
        "Volume": 14999989,
        "Close of Quarter": 9.2,
        "EPS": 1118.6,
        "Non-adjusted EPS": 1566,
        "PE": 5.9,
        "Book Price": 9.8
      }
    },
    {
      "quarter": "Q4 2014",
      "income status": {
        "Net sales": 36477,
        "Cost of goods sold": 17551,
        "Gross Profit": 18926,
        "Financial expenses": 9950,
        "Of which: Interest expense": 9947,
        "Cost of sales": "N/A",
        "Enterprise cost management": 825,
        "Total Operating Expenses": 10775,
        "Total revenue financing activities": 653,
        "Net profit from business activities": 8804,
        "Profit": -93,
        "Profit before tax": 8711,
        "Present corporate income tax expenses": 753,
        "Deferred income taxes expenses": 81,
        "The interests of minority shareholders": "N/A",
        "Total Cost of profits": 834,
        "Profit after tax corporate income": 7877,
        "Volume": 14999989,
        "Close of Quarter": 8.9,
        "EPS": 1002.2,
        "Non-adjusted EPS": 1403,
        "PE": 6.4,
        "Book Price": 9.6
      }
    },
    {
      "quarter": "Q3 2014",
      "income status": {
        "Net sales": 38835,
        "Cost of goods sold": 23577,
        "Gross Profit": 15258,
        "Financial expenses": 10244,
        "Of which: Interest expense": 10246,
        "Cost of sales": "N/A",
        "Enterprise cost management": 1351,
        "Total Operating Expenses": 11595,
        "Total revenue financing activities": 658,
        "Net profit from business activities": 4321,
        "Profit": -226,
        "Profit before tax": 4095,
        "Present corporate income tax expenses": 115,
        "Deferred income taxes expenses": "N/A",
        "The interests of minority shareholders": "N/A",
        "Total Cost of profits": 115,
        "Profit after tax corporate income": 3980,
        "Volume": 14999989,
        "Close of Quarter": 8.1,
        "EPS": 760.7,
        "Non-adjusted EPS": 1065,
        "PE": 7.6,
        "Book Price": 9
      }
    },
    {
      "quarter": "Q2 2014",
      "income status": {
        "Net sales": 41625,
        "Cost of goods sold": 17721,
        "Gross Profit": 23905,
        "Financial expenses": 14589,
        "Of which: Interest expense": 14885,
        "Cost of sales": "N/A",
        "Enterprise cost management": 1751,
        "Total Operating Expenses": 16340,
        "Total revenue financing activities": 675,
        "Net profit from business activities": 8240,
        "Profit": -343,
        "Profit before tax": 7897,
        "Present corporate income tax expenses": 1336,
        "Deferred income taxes expenses": 81,
        "The interests of minority shareholders": 107,
        "Total Cost of profits": 1524,
        "Profit after tax corporate income": 6373,
        "Volume": 14999989,
        "Close of Quarter": 7.6,
        "EPS": 832.9,
        "Non-adjusted EPS": 1166,
        "PE": 6.5,
        "Book Price": 9
      }
    },
    {
      "quarter": "Q1 2014",
      "income status": {
        "Net sales": 24096,
        "Cost of goods sold": 13738,
        "Gross Profit": 10358,
        "Financial expenses": 6751,
        "Of which: Interest expense": 6751,
        "Cost of sales": "N/A",
        "Enterprise cost management": 1365,
        "Total Operating Expenses": 8116,
        "Total revenue financing activities": 657,
        "Net profit from business activities": 2899,
        "Profit": 4,
        "Profit before tax": 2903,
        "Present corporate income tax expenses": 93,
        "Deferred income taxes expenses": "N/A",
        "The interests of minority shareholders": "N/A",
        "Total Cost of profits": 93,
        "Profit after tax corporate income": 2810,
        "Volume": 14999989,
        "Close of Quarter": 8.5,
        "EPS": 861.4,
        "Non-adjusted EPS": 1206,
        "PE": 7.0,
        "Book Price": 9.4
      }
    },
    {
      "quarter": "Q4 2013",
      "income status": {
        "Net sales": 26359,
        "Cost of goods sold": 12004,
        "Gross Profit": 14355,
        "Financial expenses": 10537,
        "Of which: Interest expense": 10539,
        "Cost of sales": "N/A",
        "Enterprise cost management": 1786,
        "Total Operating Expenses": 12323,
        "Total revenue financing activities": 798,
        "Net profit from business activities": 2830,
        "Profit": 211,
        "Profit before tax": 3041,
        "Present corporate income tax expenses": 229,
        "Deferred income taxes expenses": "N/A",
        "The interests of minority shareholders": "N/A",
        "Total Cost of profits": 229,
        "Profit after tax corporate income": 2811,
        "Volume": 14999989,
        "Close of Quarter": 7.2,
        "EPS": 965,
        "Non-adjusted EPS": 1351,
        "PE": 5.3,
        "Book Price": 8.7
      }
    },
    {
      "quarter": "Q3 2013",
      "income status": {
        "Net sales": 33199,
        "Cost of goods sold": 14271,
        "Gross Profit": 18928,
        "Financial expenses": 12458,
        "Of which: Interest expense": 12458,
        "Cost of sales": "N/A",
        "Enterprise cost management": 1689,
        "Total Operating Expenses": 14147,
        "Total revenue financing activities": 811,
        "Net profit from business activities": 5592,
        "Profit": 8,
        "Profit before tax": 5600,
        "Present corporate income tax expenses": 105,
        "Deferred income taxes expenses": "N/A",
        "The interests of minority shareholders": "N/A",
        "Total Cost of profits": 105,
        "Profit after tax corporate income": 5495,
        "Volume": 14999989,
        "Close of Quarter": 6.0,
        "EPS": 1088.6,
        "Non-adjusted EPS": 1524,
        "PE": 3.9,
        "Book Price": 8.6
      }
    },
    {
      "quarter": "Q2 2013",
      "income status": {
        "Net sales": 40311,
        "Cost of goods sold": 14967,
        "Gross Profit": 25344,
        "Financial expenses": 11213,
        "Of which: Interest expense": 11172,
        "Cost of sales": "N/A",
        "Enterprise cost management": 2418,
        "Total Operating Expenses": 13631,
        "Total revenue financing activities": -2826,
        "Net profit from business activities": 8887,
        "Profit": -478,
        "Profit before tax": 8409,
        "Present corporate income tax expenses": 1222,
        "Deferred income taxes expenses": 2,
        "The interests of minority shareholders": 204,
        "Total Cost of profits": 1428,
        "Profit after tax corporate income": 6981,
        "Volume": 14999989,
        "Close of Quarter": 5.8,
        "EPS": 1136.4,
        "Non-adjusted EPS": 1591,
        "PE": 3.7,
        "Book Price": 8.4
      }
    },
    {
      "quarter": "Q1 2013",
      "income status": {
        "Net sales": 25251,
        "Cost of goods sold": 12613,
        "Gross Profit": 12638,
        "Financial expenses": 13553,
        "Of which: Interest expense": 13260,
        "Cost of sales": "N/A",
        "Enterprise cost management": 1054,
        "Total Operating Expenses": 14607,
        "Total revenue financing activities": 4500,
        "Net profit from business activities": 2532,
        "Profit": 2605,
        "Profit before tax": 5137,
        "Present corporate income tax expenses": 156,
        "Deferred income taxes expenses": "N/A",
        "The interests of minority shareholders": "N/A",
        "Total Cost of profits": 156,
        "Profit after tax corporate income": 4981,
        "Volume": 14999989,
        "Close of Quarter": 4.9,
        "EPS": 1272.2,
        "Non-adjusted EPS": 1781,
        "PE": 2.8,
        "Book Price": 8.7
      }
    },
    {
      "quarter": "Q4 2012",
      "income status": {
        "Net sales": 39985,
        "Cost of goods sold": 21088,
        "Gross Profit": 18897,
        "Financial expenses": 10422,
        "Of which: Interest expense": 10422,
        "Cost of sales": "N/A",
        "Enterprise cost management": 2315,
        "Total Operating Expenses": 12737,
        "Total revenue financing activities": 1449,
        "Net profit from business activities": 7609,
        "Profit": -237,
        "Profit before tax": 7371,
        "Present corporate income tax expenses": 1880,
        "Deferred income taxes expenses": 94,
        "The interests of minority shareholders": "N/A",
        "Total Cost of profits": 1974,
        "Profit after tax corporate income": 5397,
        "Volume": 14999989,
        "Close of Quarter": 4.3,
        "EPS": 1225.7,
        "Non-adjusted EPS": 1716,
        "PE": 2.5,
        "Book Price": 8.4
      }
    },
    {
      "quarter": "Q3 2012",
      "income status": {
        "Net sales": 23828,
        "Cost of goods sold": 8112,
        "Gross Profit": 15716,
        "Financial expenses": 10929,
        "Of which: Interest expense": 10929,
        "Cost of sales": "N/A",
        "Enterprise cost management": 1219,
        "Total Operating Expenses": 12148,
        "Total revenue financing activities": 859,
        "Net profit from business activities": 4427,
        "Profit": 2186,
        "Profit before tax": 6613,
        "Present corporate income tax expenses": 106,
        "Deferred income taxes expenses": "N/A",
        "The interests of minority shareholders": "N/A",
        "Total Cost of profits": 106,
        "Profit after tax corporate income": 6507,
        "Volume": 14999989,
        "Close of Quarter": 4.0,
        "EPS": 1017.9,
        "Non-adjusted EPS": 1425,
        "PE": 2.8,
        "Book Price": 8.2
      }
    },
    {
      "quarter": "Q2 2012",
      "income status": {
        "Net sales": 36427,
        "Cost of goods sold": 11795,
        "Gross Profit": 24631,
        "Financial expenses": 11458,
        "Of which: Interest expense": 11481,
        "Cost of sales": "N/A",
        "Enterprise cost management": 3999,
        "Total Operating Expenses": 15457,
        "Total revenue financing activities": 3611,
        "Net profit from business activities": 12786,
        "Profit": -128,
        "Profit before tax": 12658,
        "Present corporate income tax expenses": 1807,
        "Deferred income taxes expenses": 77,
        "The interests of minority shareholders": 946,
        "Total Cost of profits": 2830,
        "Profit after tax corporate income": 9828,
        "Volume": 14999989,
        "Close of Quarter": 4.0,
        "EPS": 710.7,
        "Non-adjusted EPS": 995,
        "PE": 4.1,
        "Book Price": 7.9
      }
    },
    {
      "quarter": "Q1 2012",
      "income status": {
        "Net sales": 24472,
        "Cost of goods sold": 9736,
        "Gross Profit": 14736,
        "Financial expenses": 9424,
        "Of which: Interest expense": 9424,
        "Cost of sales": "N/A",
        "Enterprise cost management": 1233,
        "Total Operating Expenses": 10657,
        "Total revenue financing activities": 28,
        "Net profit from business activities": 4106,
        "Profit": -104,
        "Profit before tax": 4003,
        "Present corporate income tax expenses": "N/A",
        "Deferred income taxes expenses": "N/A",
        "The interests of minority shareholders": "N/A",
        "Total Cost of profits": 0,
        "Profit after tax corporate income": 4003,
        "Volume": 14999989,
        "Close of Quarter": 3.3,
        "EPS": 693.6,
        "Non-adjusted EPS": 971,
        "PE": 3.4,
        "Book Price": 8.1
      }
    },
    {
      "quarter": "Q4 2011",
      "income status": {
        "Net sales": 24527,
        "Cost of goods sold": 9799,
        "Gross Profit": 14727,
        "Financial expenses": 10980,
        "Of which: Interest expense": 10980,
        "Cost of sales": "N/A",
        "Enterprise cost management": 2849,
        "Total Operating Expenses": 13829,
        "Total revenue financing activities": 1451,
        "Net profit from business activities": 2349,
        "Profit": 21,
        "Profit before tax": 2370,
        "Present corporate income tax expenses": -46,
        "Deferred income taxes expenses": 1378,
        "The interests of minority shareholders": "N/A",
        "Total Cost of profits": 1332,
        "Profit after tax corporate income": 1039,
        "Volume": 14999989,
        "Close of Quarter": 2.5,
        "EPS": 681.4,
        "Non-adjusted EPS": 954,
        "PE": 2.6,
        "Book Price": 7.9
      }
    },
    {
      "quarter": "Q3 2011",
      "income status": {
        "Net sales": 24337,
        "Cost of goods sold": 8431,
        "Gross Profit": 15906,
        "Financial expenses": 13567,
        "Of which: Interest expense": 12398,
        "Cost of sales": "N/A",
        "Enterprise cost management": 2509,
        "Total Operating Expenses": 16076,
        "Total revenue financing activities": 95,
        "Net profit from business activities": -76,
        "Profit": 19,
        "Profit before tax": -57,
        "Present corporate income tax expenses": 284,
        "Deferred income taxes expenses": -442,
        "The interests of minority shareholders": 47,
        "Total Cost of profits": -111,
        "Profit after tax corporate income": 54,
        "Volume": 14999989,
        "Close of Quarter": 3.8,
        "EPS": 481.4,
        "Non-adjusted EPS": 674,
        "PE": 5.6,
        "Book Price": 7.7
      }
    },
    {
      "quarter": "Q2 2011",
      "income status": {
        "Net sales": 40346,
        "Cost of goods sold": 17941,
        "Gross Profit": 22405,
        "Financial expenses": 9502,
        "Of which: Interest expense": 9438,
        "Cost of sales": "N/A",
        "Enterprise cost management": 3570,
        "Total Operating Expenses": 13072,
        "Total revenue financing activities": 12,
        "Net profit from business activities": 9345,
        "Profit": -102,
        "Profit before tax": 9243,
        "Present corporate income tax expenses": 737,
        "Deferred income taxes expenses": -1164,
        "The interests of minority shareholders": 194,
        "Total Cost of profits": -233,
        "Profit after tax corporate income": 9476,
        "Volume": 14999989,
        "Close of Quarter": 3.5,
        "EPS": 789.3,
        "Non-adjusted EPS": 1105,
        "PE": 3.1,
        "Book Price": 8.3
      }
    },
    {
      "quarter": "Q1 2011",
      "income status": {
        "Net sales": 11450,
        "Cost of goods sold": 3501,
        "Gross Profit": 7949,
        "Financial expenses": 3642,
        "Of which: Interest expense": 3642,
        "Cost of sales": "N/A",
        "Enterprise cost management": 1232,
        "Total Operating Expenses": 4874,
        "Total revenue financing activities": 869,
        "Net profit from business activities": 3944,
        "Profit": -11,
        "Profit before tax": 3933,
        "Present corporate income tax expenses": 116,
        "Deferred income taxes expenses": "N/A",
        "The interests of minority shareholders": 84,
        "Total Cost of profits": 200,
        "Profit after tax corporate income": 3734,
        "Volume": 14999989,
        "Close of Quarter": 4.3,
        "EPS": 601.4,
        "Non-adjusted EPS": 842,
        "PE": 5.1,
        "Book Price": 8.4
      }
    }
  ]
}