{
  "ticker": "BCG",
  "data": [
    {
      "quarter": "Q4 2016",
      "income status": {
        "Net sales": 658177,
        "Cost of goods sold": 586266,
        "Gross Profit": 71911,
        "Financial expenses": 157746,
        "Of which: Interest expense": 45327,
        "Cost of sales": 23045,
        "Enterprise cost management": 24318,
        "Total Operating Expenses": 205109,
        "Total revenue financing activities": 155586,
        "Net profit from business activities": 22776,
        "Profit": -225,
        "Profit before tax": 22551,
        "Present corporate income tax expenses": 6058,
        "Deferred income taxes expenses": -92,
        "The interests of minority shareholders": 1128,
        "Total Cost of profits": 7094,
        "Profit after tax corporate income": 15456,
        "Volume": 105005760,
        "Close of Quarter": 5.1,
        "EPS": 216,
        "Non-adjusted EPS": 216,
        "PE": 23.5,
        "Book Price": 12.6
      }
    },
    {
      "quarter": "Q3 2016",
      "income status": {
        "Net sales": 387430,
        "Cost of goods sold": 336431,
        "Gross Profit": 50999,
        "Financial expenses": 17800,
        "Of which: Interest expense": 4803,
        "Cost of sales": 12941,
        "Enterprise cost management": 20561,
        "Total Operating Expenses": 51302,
        "Total revenue financing activities": 23595,
        "Net profit from business activities": 23293,
        "Profit": 346,
        "Profit before tax": 23639,
        "Present corporate income tax expenses": 5923,
        "Deferred income taxes expenses": -92,
        "The interests of minority shareholders": 16803,
        "Total Cost of profits": 22634,
        "Profit after tax corporate income": 1005,
        "Volume": 105005760,
        "Close of Quarter": 5.6,
        "EPS": 208,
        "Non-adjusted EPS": 208,
        "PE": 26.8,
        "Book Price": 12
      }
    },
    {
      "quarter": "Q2 2016",
      "income status": {
        "Net sales": 340402,
        "Cost of goods sold": 296685,
        "Gross Profit": 43717,
        "Financial expenses": 2375,
        "Of which: Interest expense": 2331,
        "Cost of sales": 14750,
        "Enterprise cost management": 18825,
        "Total Operating Expenses": 35950,
        "Total revenue financing activities": 13178,
        "Net profit from business activities": 19775,
        "Profit": 761,
        "Profit before tax": 20536,
        "Present corporate income tax expenses": 6577,
        "Deferred income taxes expenses": -92,
        "The interests of minority shareholders": 12496,
        "Total Cost of profits": 18981,
        "Profit after tax corporate income": 1555,
        "Volume": 40700000,
        "Close of Quarter": 5.7,
        "EPS": 322.1,
        "Non-adjusted EPS": 831,
        "PE": 6.9,
        "Book Price": 6.1
      }
    },
    {
      "quarter": "Q1 2016",
      "income status": {
        "Net sales": 265690,
        "Cost of goods sold": 224905,
        "Gross Profit": 40785,
        "Financial expenses": 1789,
        "Of which: Interest expense": 1722,
        "Cost of sales": 14041,
        "Enterprise cost management": 22716,
        "Total Operating Expenses": 38546,
        "Total revenue financing activities": 18480,
        "Net profit from business activities": 20718,
        "Profit": 143,
        "Profit before tax": 20861,
        "Present corporate income tax expenses": 5898,
        "Deferred income taxes expenses": -92,
        "The interests of minority shareholders": 10433,
        "Total Cost of profits": 16239,
        "Profit after tax corporate income": 4622,
        "Volume": 40700000,
        "Close of Quarter": 6.4,
        "EPS": 440.7,
        "Non-adjusted EPS": 1137,
        "PE": 5.6,
        "Book Price": 6.6
      }
    },
    {
      "quarter": "Q4 2015",
      "income status": {
        "Net sales": 403479,
        "Cost of goods sold": 356774,
        "Gross Profit": 46705,
        "Financial expenses": 4420,
        "Of which: Interest expense": 3534,
        "Cost of sales": 11782,
        "Enterprise cost management": 25985,
        "Total Operating Expenses": 42187,
        "Total revenue financing activities": 24692,
        "Net profit from business activities": 29211,
        "Profit": 446,
        "Profit before tax": 29657,
        "Present corporate income tax expenses": 2024,
        "Deferred income taxes expenses": "N/A",
        "The interests of minority shareholders": 13006,
        "Total Cost of profits": 15030,
        "Profit after tax corporate income": 14627,
        "Volume": 40700000,
        "Close of Quarter": 18.0,
        "EPS": 438.0,
        "Non-adjusted EPS": 1130,
        "PE": 15.9,
        "Book Price": 4.8
      }
    },
    {
      "quarter": "Q3 2015",
      "income status": {
        "Net sales": 301902,
        "Cost of goods sold": 283929,
        "Gross Profit": 17974,
        "Financial expenses": 4375,
        "Of which: Interest expense": 4242,
        "Cost of sales": 2565,
        "Enterprise cost management": 9424,
        "Total Operating Expenses": 16364,
        "Total revenue financing activities": 10464,
        "Net profit from business activities": 15955,
        "Profit": 1320,
        "Profit before tax": 17275,
        "Present corporate income tax expenses": 1850,
        "Deferred income taxes expenses": "N/A",
        "The interests of minority shareholders": 2423,
        "Total Cost of profits": 4273,
        "Profit after tax corporate income": 13003,
        "Volume": 40700000,
        "Close of Quarter": 18.1,
        "EPS": 298.5,
        "Non-adjusted EPS": 770,
        "PE": 23.5,
        "Book Price": 4.5
      }
    },
    {
      "quarter": "Q2 2015",
      "income status": {
        "Net sales": 178514,
        "Cost of goods sold": 153486,
        "Gross Profit": 25027,
        "Financial expenses": 5943,
        "Of which: Interest expense": 4733,
        "Cost of sales": 1960,
        "Enterprise cost management": 20228,
        "Total Operating Expenses": 28131,
        "Total revenue financing activities": 16998,
        "Net profit from business activities": 18543,
        "Profit": 15,
        "Profit before tax": 18558,
        "Present corporate income tax expenses": 5831,
        "Deferred income taxes expenses": "N/A",
        "The interests of minority shareholders": -1278,
        "Total Cost of profits": 4553,
        "Profit after tax corporate income": 14004,
        "Volume": 40700000,
        "Close of Quarter": "N/A",
        "EPS": 174.8,
        "Non-adjusted EPS": 451,
        "PE": "N/A",
        "Book Price": 4.4
      }
    },
    {
      "quarter": "Q1 2015",
      "income status": {
        "Net sales": 93822,
        "Cost of goods sold": 87280,
        "Gross Profit": 6542,
        "Financial expenses": "N/A",
        "Of which: Interest expense": "N/A",
        "Cost of sales": "N/A",
        "Enterprise cost management": 964,
        "Total Operating Expenses": 964,
        "Total revenue financing activities": "N/A",
        "Net profit from business activities": 5578,
        "Profit": "N/A",
        "Profit before tax": 5578,
        "Present corporate income tax expenses": 1227,
        "Deferred income taxes expenses": "N/A",
        "The interests of minority shareholders": "N/A",
        "Total Cost of profits": 1227,
        "Profit after tax corporate income": 4351,
        "Volume": 40700000,
        "Close of Quarter": "N/A",
        "EPS": 41.5,
        "Non-adjusted EPS": 107,
        "PE": "N/A",
        "Book Price": 3.9
      }
    }
  ]
}