{
  "ticker": "SD6",
  "data": [
    {
      "quarter": "Q4 2016",
      "income status": {
        "Net sales": 264849,
        "Cost of goods sold": 200220,
        "Gross Profit": 64629,
        "Financial expenses": 11032,
        "Of which: Interest expense": 9891,
        "Cost of sales": "N/A",
        "Enterprise cost management": 26123,
        "Total Operating Expenses": 37155,
        "Total revenue financing activities": 22,
        "Net profit from business activities": 27497,
        "Profit": 781,
        "Profit before tax": 28278,
        "Present corporate income tax expenses": 5656,
        "Deferred income taxes expenses": "N/A",
        "The interests of minority shareholders": "N/A",
        "Total Cost of profits": 5656,
        "Profit after tax corporate income": 22623,
        "Volume": 34771611,
        "Close of Quarter": 9,
        "EPS": 1397,
        "Non-adjusted EPS": 1397,
        "PE": 6.4,
        "Book Price": 14.4
      }
    },
    {
      "quarter": "Q3 2016",
      "income status": {
        "Net sales": 265004,
        "Cost of goods sold": 223520,
        "Gross Profit": 41484,
        "Financial expenses": 10711,
        "Of which: Interest expense": 10175,
        "Cost of sales": "N/A",
        "Enterprise cost management": 16559,
        "Total Operating Expenses": 27270,
        "Total revenue financing activities": 197,
        "Net profit from business activities": 14412,
        "Profit": 170,
        "Profit before tax": 14582,
        "Present corporate income tax expenses": 3061,
        "Deferred income taxes expenses": "N/A",
        "The interests of minority shareholders": "N/A",
        "Total Cost of profits": 3061,
        "Profit after tax corporate income": 11521,
        "Volume": 34771611,
        "Close of Quarter": 9.2,
        "EPS": 1117,
        "Non-adjusted EPS": 1117,
        "PE": 8.2,
        "Book Price": 13.7
      }
    },
    {
      "quarter": "Q2 2016",
      "income status": {
        "Net sales": 258291,
        "Cost of goods sold": 221983,
        "Gross Profit": 36309,
        "Financial expenses": 9702,
        "Of which: Interest expense": 9577,
        "Cost of sales": "N/A",
        "Enterprise cost management": 18082,
        "Total Operating Expenses": 27784,
        "Total revenue financing activities": 41,
        "Net profit from business activities": 8566,
        "Profit": 1187,
        "Profit before tax": 9753,
        "Present corporate income tax expenses": 1954,
        "Deferred income taxes expenses": "N/A",
        "The interests of minority shareholders": "N/A",
        "Total Cost of profits": 1954,
        "Profit after tax corporate income": 7799,
        "Volume": 34771611,
        "Close of Quarter": 11.3,
        "EPS": 1154,
        "Non-adjusted EPS": 1154,
        "PE": 9.8,
        "Book Price": 13.4
      }
    },
    {
      "quarter": "Q1 2016",
      "income status": {
        "Net sales": 113259,
        "Cost of goods sold": 81565,
        "Gross Profit": 31693,
        "Financial expenses": 7518,
        "Of which: Interest expense": 9368,
        "Cost of sales": "N/A",
        "Enterprise cost management": 16463,
        "Total Operating Expenses": 23981,
        "Total revenue financing activities": 290,
        "Net profit from business activities": 8002,
        "Profit": 276,
        "Profit before tax": 8278,
        "Present corporate income tax expenses": 1658,
        "Deferred income taxes expenses": "N/A",
        "The interests of minority shareholders": "N/A",
        "Total Cost of profits": 1658,
        "Profit after tax corporate income": 6620,
        "Volume": 34771611,
        "Close of Quarter": 11.5,
        "EPS": 1516,
        "Non-adjusted EPS": 1516,
        "PE": 7.6,
        "Book Price": 14.9
      }
    },
    {
      "quarter": "Q4 2015",
      "income status": {
        "Net sales": 359173,
        "Cost of goods sold": 287270,
        "Gross Profit": 71903,
        "Financial expenses": 10880,
        "Of which: Interest expense": 9952,
        "Cost of sales": "N/A",
        "Enterprise cost management": 45856,
        "Total Operating Expenses": 56736,
        "Total revenue financing activities": 250,
        "Net profit from business activities": 15417,
        "Profit": 1234,
        "Profit before tax": 16651,
        "Present corporate income tax expenses": 3746,
        "Deferred income taxes expenses": "N/A",
        "The interests of minority shareholders": "N/A",
        "Total Cost of profits": 3746,
        "Profit after tax corporate income": 12905,
        "Volume": 34771611,
        "Close of Quarter": 12.3,
        "EPS": 1806,
        "Non-adjusted EPS": 1806,
        "PE": 6.8,
        "Book Price": 14.7
      }
    },
    {
      "quarter": "Q3 2015",
      "income status": {
        "Net sales": 272109,
        "Cost of goods sold": 228031,
        "Gross Profit": 44078,
        "Financial expenses": 10207,
        "Of which: Interest expense": 10647,
        "Cost of sales": "N/A",
        "Enterprise cost management": 19134,
        "Total Operating Expenses": 29341,
        "Total revenue financing activities": 1586,
        "Net profit from business activities": 16322,
        "Profit": 129,
        "Profit before tax": 16451,
        "Present corporate income tax expenses": 3641,
        "Deferred income taxes expenses": "N/A",
        "The interests of minority shareholders": "N/A",
        "Total Cost of profits": 3641,
        "Profit after tax corporate income": 12810,
        "Volume": 34771611,
        "Close of Quarter": 11.8,
        "EPS": 2007,
        "Non-adjusted EPS": 2007,
        "PE": 5.9,
        "Book Price": 14.2
      }
    },
    {
      "quarter": "Q2 2015",
      "income status": {
        "Net sales": 317230,
        "Cost of goods sold": 258874,
        "Gross Profit": 58356,
        "Financial expenses": 13594,
        "Of which: Interest expense": 9641,
        "Cost of sales": "N/A",
        "Enterprise cost management": 19367,
        "Total Operating Expenses": 32961,
        "Total revenue financing activities": 59,
        "Net profit from business activities": 25454,
        "Profit": 679,
        "Profit before tax": 26132,
        "Present corporate income tax expenses": 5750,
        "Deferred income taxes expenses": "N/A",
        "The interests of minority shareholders": "N/A",
        "Total Cost of profits": 5750,
        "Profit after tax corporate income": 20383,
        "Volume": 34771611,
        "Close of Quarter": 12.5,
        "EPS": 2121,
        "Non-adjusted EPS": 2121,
        "PE": 5.9,
        "Book Price": 13.8
      }
    },
    {
      "quarter": "Q1 2015",
      "income status": {
        "Net sales": 290620,
        "Cost of goods sold": 241937,
        "Gross Profit": 48684,
        "Financial expenses": 9931,
        "Of which: Interest expense": 9664,
        "Cost of sales": "N/A",
        "Enterprise cost management": 17813,
        "Total Operating Expenses": 27744,
        "Total revenue financing activities": 117,
        "Net profit from business activities": 21057,
        "Profit": 370,
        "Profit before tax": 21428,
        "Present corporate income tax expenses": 4723,
        "Deferred income taxes expenses": "N/A",
        "The interests of minority shareholders": "N/A",
        "Total Cost of profits": 4723,
        "Profit after tax corporate income": 16704,
        "Volume": 34771611,
        "Close of Quarter": 12.5,
        "EPS": 2088,
        "Non-adjusted EPS": 2088,
        "PE": 6,
        "Book Price": 13.2
      }
    },
    {
      "quarter": "Q4 2014",
      "income status": {
        "Net sales": 442002,
        "Cost of goods sold": 366732,
        "Gross Profit": 75270,
        "Financial expenses": 19665,
        "Of which: Interest expense": 10210,
        "Cost of sales": "N/A",
        "Enterprise cost management": 31069,
        "Total Operating Expenses": 50734,
        "Total revenue financing activities": 206,
        "Net profit from business activities": 24743,
        "Profit": 787,
        "Profit before tax": 25530,
        "Present corporate income tax expenses": 5634,
        "Deferred income taxes expenses": "N/A",
        "The interests of minority shareholders": "N/A",
        "Total Cost of profits": 5634,
        "Profit after tax corporate income": 19896,
        "Volume": 34771611,
        "Close of Quarter": 12.1,
        "EPS": 2052,
        "Non-adjusted EPS": 2052,
        "PE": 5.9,
        "Book Price": 14.8
      }
    },
    {
      "quarter": "Q3 2014",
      "income status": {
        "Net sales": 299095,
        "Cost of goods sold": 247376,
        "Gross Profit": 51719,
        "Financial expenses": -36316,
        "Of which: Interest expense": 11354,
        "Cost of sales": "N/A",
        "Enterprise cost management": 18666,
        "Total Operating Expenses": -17650,
        "Total revenue financing activities": -48439,
        "Net profit from business activities": 20930,
        "Profit": 554,
        "Profit before tax": 21485,
        "Present corporate income tax expenses": 4713,
        "Deferred income taxes expenses": "N/A",
        "The interests of minority shareholders": "N/A",
        "Total Cost of profits": 4713,
        "Profit after tax corporate income": 16771,
        "Volume": 34771611,
        "Close of Quarter": 11.6,
        "EPS": 1792,
        "Non-adjusted EPS": 1792,
        "PE": 6.5,
        "Book Price": 14.3
      }
    },
    {
      "quarter": "Q2 2014",
      "income status": {
        "Net sales": 379577,
        "Cost of goods sold": 325137,
        "Gross Profit": 54440,
        "Financial expenses": -25798,
        "Of which: Interest expense": 12383,
        "Cost of sales": "N/A",
        "Enterprise cost management": 18322,
        "Total Operating Expenses": -7476,
        "Total revenue financing activities": -38467,
        "Net profit from business activities": 23448,
        "Profit": 1250,
        "Profit before tax": 24698,
        "Present corporate income tax expenses": 5462,
        "Deferred income taxes expenses": "N/A",
        "The interests of minority shareholders": "N/A",
        "Total Cost of profits": 5462,
        "Profit after tax corporate income": 19235,
        "Volume": 34771611,
        "Close of Quarter": 10.3,
        "EPS": 1717,
        "Non-adjusted EPS": 1717,
        "PE": 6.0,
        "Book Price": 13.8
      }
    },
    {
      "quarter": "Q1 2014",
      "income status": {
        "Net sales": 174615,
        "Cost of goods sold": 134756,
        "Gross Profit": 39859,
        "Financial expenses": 42499,
        "Of which: Interest expense": 14503,
        "Cost of sales": "N/A",
        "Enterprise cost management": 16818,
        "Total Operating Expenses": 59317,
        "Total revenue financing activities": 39223,
        "Net profit from business activities": 19765,
        "Profit": 71,
        "Profit before tax": 19836,
        "Present corporate income tax expenses": 4373,
        "Deferred income taxes expenses": "N/A",
        "The interests of minority shareholders": "N/A",
        "Total Cost of profits": 4373,
        "Profit after tax corporate income": 15462,
        "Volume": 19223711,
        "Close of Quarter": 11.5,
        "EPS": 1501.0,
        "Non-adjusted EPS": 2715,
        "PE": 4.3,
        "Book Price": 12.1
      }
    },
    {
      "quarter": "Q4 2013",
      "income status": {
        "Net sales": 335431,
        "Cost of goods sold": 275426,
        "Gross Profit": 60004,
        "Financial expenses": 7175,
        "Of which: Interest expense": 15612,
        "Cost of sales": "N/A",
        "Enterprise cost management": 31991,
        "Total Operating Expenses": 39166,
        "Total revenue financing activities": 85,
        "Net profit from business activities": 20923,
        "Profit": -4313,
        "Profit before tax": 16610,
        "Present corporate income tax expenses": 5775,
        "Deferred income taxes expenses": "N/A",
        "The interests of minority shareholders": "N/A",
        "Total Cost of profits": 5775,
        "Profit after tax corporate income": 10835,
        "Volume": 19223711,
        "Close of Quarter": 9.9,
        "EPS": 1274.9,
        "Non-adjusted EPS": 2306,
        "PE": 4.3,
        "Book Price": 12.7
      }
    },
    {
      "quarter": "Q3 2013",
      "income status": {
        "Net sales": 314940,
        "Cost of goods sold": 259308,
        "Gross Profit": 55632,
        "Financial expenses": 20108,
        "Of which: Interest expense": 14800,
        "Cost of sales": "N/A",
        "Enterprise cost management": 17563,
        "Total Operating Expenses": 37671,
        "Total revenue financing activities": 82,
        "Net profit from business activities": 18044,
        "Profit": 962,
        "Profit before tax": 19006,
        "Present corporate income tax expenses": 4846,
        "Deferred income taxes expenses": "N/A",
        "The interests of minority shareholders": "N/A",
        "Total Cost of profits": 4846,
        "Profit after tax corporate income": 14160,
        "Volume": 19223711,
        "Close of Quarter": 5.9,
        "EPS": 1633.1,
        "Non-adjusted EPS": 2954,
        "PE": 2.0,
        "Book Price": 9.1
      }
    },
    {
      "quarter": "Q2 2013",
      "income status": {
        "Net sales": 348655,
        "Cost of goods sold": 288314,
        "Gross Profit": 60340,
        "Financial expenses": 28554,
        "Of which: Interest expense": 15933,
        "Cost of sales": "N/A",
        "Enterprise cost management": 16757,
        "Total Operating Expenses": 45311,
        "Total revenue financing activities": 102,
        "Net profit from business activities": 15131,
        "Profit": 435,
        "Profit before tax": 15566,
        "Present corporate income tax expenses": 3827,
        "Deferred income taxes expenses": "N/A",
        "The interests of minority shareholders": "N/A",
        "Total Cost of profits": 3827,
        "Profit after tax corporate income": 11739,
        "Volume": 19223711,
        "Close of Quarter": 6,
        "EPS": 1392.7,
        "Non-adjusted EPS": 2519,
        "PE": 2.4,
        "Book Price": 8.6
      }
    },
    {
      "quarter": "Q1 2013",
      "income status": {
        "Net sales": 157767,
        "Cost of goods sold": 116790,
        "Gross Profit": 40978,
        "Financial expenses": 15818,
        "Of which: Interest expense": 15445,
        "Cost of sales": "N/A",
        "Enterprise cost management": 15375,
        "Total Operating Expenses": 31193,
        "Total revenue financing activities": 177,
        "Net profit from business activities": 9962,
        "Profit": 205,
        "Profit before tax": 10167,
        "Present corporate income tax expenses": 2569,
        "Deferred income taxes expenses": "N/A",
        "The interests of minority shareholders": "N/A",
        "Total Cost of profits": 2569,
        "Profit after tax corporate income": 7598,
        "Volume": 19223711,
        "Close of Quarter": 5.7,
        "EPS": 1252.2,
        "Non-adjusted EPS": 2265,
        "PE": 2.5,
        "Book Price": 8.3
      }
    },
    {
      "quarter": "Q4 2012",
      "income status": {
        "Net sales": 275352,
        "Cost of goods sold": 191886,
        "Gross Profit": 83466,
        "Financial expenses": 41423,
        "Of which: Interest expense": 17349,
        "Cost of sales": "N/A",
        "Enterprise cost management": 19663,
        "Total Operating Expenses": 61086,
        "Total revenue financing activities": 374,
        "Net profit from business activities": 22754,
        "Profit": 2383,
        "Profit before tax": 25136,
        "Present corporate income tax expenses": 1842,
        "Deferred income taxes expenses": "N/A",
        "The interests of minority shareholders": "N/A",
        "Total Cost of profits": 1842,
        "Profit after tax corporate income": 23294,
        "Volume": 19223711,
        "Close of Quarter": 4.0,
        "EPS": 1129.5,
        "Non-adjusted EPS": 2043,
        "PE": 1.9,
        "Book Price": 9.0
      }
    },
    {
      "quarter": "Q3 2012",
      "income status": {
        "Net sales": 159603,
        "Cost of goods sold": 124198,
        "Gross Profit": 35405,
        "Financial expenses": 15696,
        "Of which: Interest expense": 13925,
        "Cost of sales": "N/A",
        "Enterprise cost management": 15038,
        "Total Operating Expenses": 30734,
        "Total revenue financing activities": 1442,
        "Net profit from business activities": 6113,
        "Profit": 1227,
        "Profit before tax": 7339,
        "Present corporate income tax expenses": "N/A",
        "Deferred income taxes expenses": "N/A",
        "The interests of minority shareholders": 1554,
        "Total Cost of profits": 1554,
        "Profit after tax corporate income": 5785,
        "Volume": 19223711,
        "Close of Quarter": 2.9,
        "EPS": 863.6,
        "Non-adjusted EPS": 1562,
        "PE": 1.8,
        "Book Price": 8.4
      }
    },
    {
      "quarter": "Q2 2012",
      "income status": {
        "Net sales": 202698,
        "Cost of goods sold": 155489,
        "Gross Profit": 47209,
        "Financial expenses": 20396,
        "Of which: Interest expense": 20388,
        "Cost of sales": "N/A",
        "Enterprise cost management": 20630,
        "Total Operating Expenses": 41026,
        "Total revenue financing activities": 355,
        "Net profit from business activities": 6537,
        "Profit": 968,
        "Profit before tax": 7505,
        "Present corporate income tax expenses": 912,
        "Deferred income taxes expenses": "N/A",
        "The interests of minority shareholders": -277,
        "Total Cost of profits": 635,
        "Profit after tax corporate income": 6870,
        "Volume": 17509824,
        "Close of Quarter": 4.9,
        "EPS": 788.1,
        "Non-adjusted EPS": 1565,
        "PE": 3.1,
        "Book Price": 7
      }
    },
    {
      "quarter": "Q1 2012",
      "income status": {
        "Net sales": 172042,
        "Cost of goods sold": 134611,
        "Gross Profit": 37431,
        "Financial expenses": 47158,
        "Of which: Interest expense": 15534,
        "Cost of sales": "N/A",
        "Enterprise cost management": 17068,
        "Total Operating Expenses": 64226,
        "Total revenue financing activities": 30551,
        "Net profit from business activities": 3756,
        "Profit": 760,
        "Profit before tax": 4516,
        "Present corporate income tax expenses": 2462,
        "Deferred income taxes expenses": "N/A",
        "The interests of minority shareholders": -1278,
        "Total Cost of profits": 1184,
        "Profit after tax corporate income": 3332,
        "Volume": 17509824,
        "Close of Quarter": 4.4,
        "EPS": 877.2,
        "Non-adjusted EPS": 1742,
        "PE": 2.5,
        "Book Price": 7.2
      }
    },
    {
      "quarter": "Q4 2011",
      "income status": {
        "Net sales": 309664,
        "Cost of goods sold": 260306,
        "Gross Profit": 49358,
        "Financial expenses": 14769,
        "Of which: Interest expense": 14341,
        "Cost of sales": "N/A",
        "Enterprise cost management": 23439,
        "Total Operating Expenses": 38208,
        "Total revenue financing activities": 2880,
        "Net profit from business activities": 14029,
        "Profit": 590,
        "Profit before tax": 14620,
        "Present corporate income tax expenses": 1056,
        "Deferred income taxes expenses": "N/A",
        "The interests of minority shareholders": -481,
        "Total Cost of profits": 575,
        "Profit after tax corporate income": 14044,
        "Volume": 17509824,
        "Close of Quarter": 3.1,
        "EPS": 1067.6,
        "Non-adjusted EPS": 2120,
        "PE": 1.5,
        "Book Price": "N/A"
      }
    },
    {
      "quarter": "Q3 2011",
      "income status": {
        "Net sales": 253548,
        "Cost of goods sold": 208542,
        "Gross Profit": 45007,
        "Financial expenses": 18329,
        "Of which: Interest expense": 15817,
        "Cost of sales": "N/A",
        "Enterprise cost management": 20580,
        "Total Operating Expenses": 38909,
        "Total revenue financing activities": 1866,
        "Net profit from business activities": 7963,
        "Profit": -1482,
        "Profit before tax": 6482,
        "Present corporate income tax expenses": 1463,
        "Deferred income taxes expenses": "N/A",
        "The interests of minority shareholders": 1866,
        "Total Cost of profits": 3329,
        "Profit after tax corporate income": 3153,
        "Volume": 17509824,
        "Close of Quarter": 4.6,
        "EPS": 1618.0,
        "Non-adjusted EPS": 3213,
        "PE": 1.4,
        "Book Price": 7.3
      }
    },
    {
      "quarter": "Q2 2011",
      "income status": {
        "Net sales": 252392,
        "Cost of goods sold": 214349,
        "Gross Profit": 38043,
        "Financial expenses": 11456,
        "Of which: Interest expense": 10807,
        "Cost of sales": "N/A",
        "Enterprise cost management": 15567,
        "Total Operating Expenses": 27023,
        "Total revenue financing activities": 2113,
        "Net profit from business activities": 13134,
        "Profit": 181,
        "Profit before tax": 13314,
        "Present corporate income tax expenses": 1744,
        "Deferred income taxes expenses": "N/A",
        "The interests of minority shareholders": 1597,
        "Total Cost of profits": 3341,
        "Profit after tax corporate income": 9973,
        "Volume": 10300000,
        "Close of Quarter": 5.0,
        "EPS": 1743.0,
        "Non-adjusted EPS": 5884,
        "PE": 0.8,
        "Book Price": 7.3
      }
    },
    {
      "quarter": "Q1 2011",
      "income status": {
        "Net sales": 118733,
        "Cost of goods sold": 86455,
        "Gross Profit": 32279,
        "Financial expenses": 9901,
        "Of which: Interest expense": 9387,
        "Cost of sales": "N/A",
        "Enterprise cost management": 13059,
        "Total Operating Expenses": 22960,
        "Total revenue financing activities": 1511,
        "Net profit from business activities": 10829,
        "Profit": 363,
        "Profit before tax": 11192,
        "Present corporate income tax expenses": 477,
        "Deferred income taxes expenses": "N/A",
        "The interests of minority shareholders": 769,
        "Total Cost of profits": 1246,
        "Profit after tax corporate income": 9946,
        "Volume": 10300000,
        "Close of Quarter": 5.2,
        "EPS": 1793.6,
        "Non-adjusted EPS": 6055,
        "PE": 0.9,
        "Book Price": 7.0
      }
    }
  ]
}