{
  "ticker": "TYA",
  "data": [
    {
      "quarter": "Q4 2016",
      "income status": {
        "Net sales": 348907,
        "Cost of goods sold": 332380,
        "Gross Profit": 16527,
        "Financial expenses": 5943,
        "Of which: Interest expense": 1534,
        "Cost of sales": 5893,
        "Enterprise cost management": 8124,
        "Total Operating Expenses": 19960,
        "Total revenue financing activities": 4783,
        "Net profit from business activities": 1350,
        "Profit": -1337,
        "Profit before tax": 12,
        "Present corporate income tax expenses": 1038,
        "Deferred income taxes expenses": "N/A",
        "The interests of minority shareholders": "N/A",
        "Total Cost of profits": 1038,
        "Profit after tax corporate income": -1026,
        "Volume": 30680582,
        "Close of Quarter": 9.6,
        "EPS": 1579,
        "Non-adjusted EPS": 1579,
        "PE": 6.1,
        "Book Price": 14.1
      }
    },
    {
      "quarter": "Q3 2016",
      "income status": {
        "Net sales": 317832,
        "Cost of goods sold": 290116,
        "Gross Profit": 27715,
        "Financial expenses": 1862,
        "Of which: Interest expense": 1394,
        "Cost of sales": 6032,
        "Enterprise cost management": 7450,
        "Total Operating Expenses": 15344,
        "Total revenue financing activities": 3031,
        "Net profit from business activities": 15402,
        "Profit": -32,
        "Profit before tax": 15371,
        "Present corporate income tax expenses": 2864,
        "Deferred income taxes expenses": "N/A",
        "The interests of minority shareholders": "N/A",
        "Total Cost of profits": 2864,
        "Profit after tax corporate income": 12507,
        "Volume": 30680582,
        "Close of Quarter": 16.7,
        "EPS": 2567,
        "Non-adjusted EPS": 2567,
        "PE": 6.5,
        "Book Price": 14.2
      }
    },
    {
      "quarter": "Q2 2016",
      "income status": {
        "Net sales": 330932,
        "Cost of goods sold": 296787,
        "Gross Profit": 34145,
        "Financial expenses": 3067,
        "Of which: Interest expense": 1344,
        "Cost of sales": 5869,
        "Enterprise cost management": 7956,
        "Total Operating Expenses": 16892,
        "Total revenue financing activities": 4067,
        "Net profit from business activities": 21320,
        "Profit": 14,
        "Profit before tax": 21333,
        "Present corporate income tax expenses": 4002,
        "Deferred income taxes expenses": 264,
        "The interests of minority shareholders": "N/A",
        "Total Cost of profits": 4266,
        "Profit after tax corporate income": 17068,
        "Volume": 27892014,
        "Close of Quarter": 15.6,
        "EPS": 2443.7,
        "Non-adjusted EPS": 2688,
        "PE": 5.8,
        "Book Price": 13.7
      }
    },
    {
      "quarter": "Q1 2016",
      "income status": {
        "Net sales": 293360,
        "Cost of goods sold": 259773,
        "Gross Profit": 33587,
        "Financial expenses": 1059,
        "Of which: Interest expense": 1291,
        "Cost of sales": 5653,
        "Enterprise cost management": 7155,
        "Total Operating Expenses": 13867,
        "Total revenue financing activities": 4044,
        "Net profit from business activities": 23763,
        "Profit": -2,
        "Profit before tax": 23761,
        "Present corporate income tax expenses": 3877,
        "Deferred income taxes expenses": "N/A",
        "The interests of minority shareholders": "N/A",
        "Total Cost of profits": 3877,
        "Profit after tax corporate income": 19884,
        "Volume": 27892014,
        "Close of Quarter": 9.9,
        "EPS": 2322.8,
        "Non-adjusted EPS": 2555,
        "PE": 3.9,
        "Book Price": 13.3
      }
    },
    {
      "quarter": "Q4 2015",
      "income status": {
        "Net sales": 418694,
        "Cost of goods sold": 370197,
        "Gross Profit": 48497,
        "Financial expenses": 2536,
        "Of which: Interest expense": 1693,
        "Cost of sales": 6886,
        "Enterprise cost management": 7548,
        "Total Operating Expenses": 16970,
        "Total revenue financing activities": 2606,
        "Net profit from business activities": 34133,
        "Profit": 2463,
        "Profit before tax": 36596,
        "Present corporate income tax expenses": 7300,
        "Deferred income taxes expenses": "N/A",
        "The interests of minority shareholders": "N/A",
        "Total Cost of profits": 7300,
        "Profit after tax corporate income": 29295,
        "Volume": 27892014,
        "Close of Quarter": 7.7,
        "EPS": 2014.6,
        "Non-adjusted EPS": 2216,
        "PE": 3.5,
        "Book Price": 12.6
      }
    },
    {
      "quarter": "Q3 2015",
      "income status": {
        "Net sales": 375411,
        "Cost of goods sold": 345579,
        "Gross Profit": 29831,
        "Financial expenses": 11732,
        "Of which: Interest expense": 1350,
        "Cost of sales": 5686,
        "Enterprise cost management": 7143,
        "Total Operating Expenses": 24561,
        "Total revenue financing activities": 4671,
        "Net profit from business activities": 9941,
        "Profit": 1611,
        "Profit before tax": 11552,
        "Present corporate income tax expenses": 2832,
        "Deferred income taxes expenses": "N/A",
        "The interests of minority shareholders": "N/A",
        "Total Cost of profits": 2832,
        "Profit after tax corporate income": 8720,
        "Volume": 27892014,
        "Close of Quarter": 7.6,
        "EPS": 1451.9,
        "Non-adjusted EPS": 1597,
        "PE": 4.7,
        "Book Price": 11.6
      }
    },
    {
      "quarter": "Q2 2015",
      "income status": {
        "Net sales": 325881,
        "Cost of goods sold": 295949,
        "Gross Profit": 29932,
        "Financial expenses": 5819,
        "Of which: Interest expense": 906,
        "Cost of sales": 5338,
        "Enterprise cost management": 6873,
        "Total Operating Expenses": 18030,
        "Total revenue financing activities": 2972,
        "Net profit from business activities": 14873,
        "Profit": 1563,
        "Profit before tax": 16437,
        "Present corporate income tax expenses": 2636,
        "Deferred income taxes expenses": 431,
        "The interests of minority shareholders": "N/A",
        "Total Cost of profits": 3067,
        "Profit after tax corporate income": 13369,
        "Volume": 27892014,
        "Close of Quarter": 8.8,
        "EPS": 1709.1,
        "Non-adjusted EPS": 1880,
        "PE": 4.7,
        "Book Price": 11.4
      }
    },
    {
      "quarter": "Q1 2015",
      "income status": {
        "Net sales": 281045,
        "Cost of goods sold": 258242,
        "Gross Profit": 22803,
        "Financial expenses": 3055,
        "Of which: Interest expense": 949,
        "Cost of sales": 5287,
        "Enterprise cost management": 6867,
        "Total Operating Expenses": 15209,
        "Total revenue financing activities": 2843,
        "Net profit from business activities": 10436,
        "Profit": 2112,
        "Profit before tax": 12548,
        "Present corporate income tax expenses": 2120,
        "Deferred income taxes expenses": "N/A",
        "The interests of minority shareholders": "N/A",
        "Total Cost of profits": 2120,
        "Profit after tax corporate income": 10428,
        "Volume": 27892014,
        "Close of Quarter": 7.9,
        "EPS": 1674.6,
        "Non-adjusted EPS": 1842,
        "PE": 4.3,
        "Book Price": 11.8
      }
    },
    {
      "quarter": "Q4 2014",
      "income status": {
        "Net sales": 329777,
        "Cost of goods sold": 304769,
        "Gross Profit": 25008,
        "Financial expenses": 3521,
        "Of which: Interest expense": 1410,
        "Cost of sales": 5407,
        "Enterprise cost management": 7034,
        "Total Operating Expenses": 15962,
        "Total revenue financing activities": 2158,
        "Net profit from business activities": 11205,
        "Profit": 1468,
        "Profit before tax": 12673,
        "Present corporate income tax expenses": 634,
        "Deferred income taxes expenses": "N/A",
        "The interests of minority shareholders": "N/A",
        "Total Cost of profits": 634,
        "Profit after tax corporate income": 12038,
        "Volume": 27892014,
        "Close of Quarter": 8.0,
        "EPS": 1631.9,
        "Non-adjusted EPS": 1795,
        "PE": 4.5,
        "Book Price": 11.6
      }
    },
    {
      "quarter": "Q3 2014",
      "income status": {
        "Net sales": 316862,
        "Cost of goods sold": 291978,
        "Gross Profit": 24884,
        "Financial expenses": 1071,
        "Of which: Interest expense": 1179,
        "Cost of sales": 5227,
        "Enterprise cost management": 6523,
        "Total Operating Expenses": 12821,
        "Total revenue financing activities": 2984,
        "Net profit from business activities": 15047,
        "Profit": 2125,
        "Profit before tax": 17172,
        "Present corporate income tax expenses": 559,
        "Deferred income taxes expenses": "N/A",
        "The interests of minority shareholders": "N/A",
        "Total Cost of profits": 559,
        "Profit after tax corporate income": 16613,
        "Volume": 27892014,
        "Close of Quarter": 5.8,
        "EPS": 1496.4,
        "Non-adjusted EPS": 1646,
        "PE": 3.5,
        "Book Price": 11.3
      }
    },
    {
      "quarter": "Q2 2014",
      "income status": {
        "Net sales": 301642,
        "Cost of goods sold": 276628,
        "Gross Profit": 25013,
        "Financial expenses": 3774,
        "Of which: Interest expense": 1062,
        "Cost of sales": 5197,
        "Enterprise cost management": 6566,
        "Total Operating Expenses": 15537,
        "Total revenue financing activities": 2374,
        "Net profit from business activities": 11850,
        "Profit": 1836,
        "Profit before tax": 13686,
        "Present corporate income tax expenses": 1362,
        "Deferred income taxes expenses": 28,
        "The interests of minority shareholders": "N/A",
        "Total Cost of profits": 1390,
        "Profit after tax corporate income": 12296,
        "Volume": 27892014,
        "Close of Quarter": 4.9,
        "EPS": 1337.3,
        "Non-adjusted EPS": 1471,
        "PE": 3.3,
        "Book Price": 10.7
      }
    },
    {
      "quarter": "Q1 2014",
      "income status": {
        "Net sales": 257119,
        "Cost of goods sold": 238687,
        "Gross Profit": 18432,
        "Financial expenses": 1218,
        "Of which: Interest expense": 851,
        "Cost of sales": 4623,
        "Enterprise cost management": 6273,
        "Total Operating Expenses": 12114,
        "Total revenue financing activities": 1984,
        "Net profit from business activities": 8301,
        "Profit": 1447,
        "Profit before tax": 9748,
        "Present corporate income tax expenses": 640,
        "Deferred income taxes expenses": "N/A",
        "The interests of minority shareholders": "N/A",
        "Total Cost of profits": 640,
        "Profit after tax corporate income": 9108,
        "Volume": 27892014,
        "Close of Quarter": 6.1,
        "EPS": 1190.0,
        "Non-adjusted EPS": 1309,
        "PE": 4.7,
        "Book Price": 10.4
      }
    },
    {
      "quarter": "Q4 2013",
      "income status": {
        "Net sales": 279167,
        "Cost of goods sold": 257549,
        "Gross Profit": 21618,
        "Financial expenses": 1459,
        "Of which: Interest expense": 867,
        "Cost of sales": 5071,
        "Enterprise cost management": 6859,
        "Total Operating Expenses": 13389,
        "Total revenue financing activities": 1890,
        "Net profit from business activities": 10118,
        "Profit": 478,
        "Profit before tax": 10596,
        "Present corporate income tax expenses": 2704,
        "Deferred income taxes expenses": "N/A",
        "The interests of minority shareholders": "N/A",
        "Total Cost of profits": 2704,
        "Profit after tax corporate income": 7892,
        "Volume": 27892014,
        "Close of Quarter": 5.4,
        "EPS": 1033.7,
        "Non-adjusted EPS": 1137,
        "PE": 4.8,
        "Book Price": 10.1
      }
    },
    {
      "quarter": "Q3 2013",
      "income status": {
        "Net sales": 257633,
        "Cost of goods sold": 234962,
        "Gross Profit": 22671,
        "Financial expenses": 833,
        "Of which: Interest expense": 592,
        "Cost of sales": 4538,
        "Enterprise cost management": 6531,
        "Total Operating Expenses": 11902,
        "Total revenue financing activities": 1529,
        "Net profit from business activities": 12298,
        "Profit": 992,
        "Profit before tax": 13290,
        "Present corporate income tax expenses": 1567,
        "Deferred income taxes expenses": "N/A",
        "The interests of minority shareholders": "N/A",
        "Total Cost of profits": 1567,
        "Profit after tax corporate income": 11723,
        "Volume": 27892014,
        "Close of Quarter": 2.8,
        "EPS": 1116.4,
        "Non-adjusted EPS": 1228,
        "PE": 2.3,
        "Book Price": 9.8
      }
    },
    {
      "quarter": "Q2 2013",
      "income status": {
        "Net sales": 298858,
        "Cost of goods sold": 278608,
        "Gross Profit": 20250,
        "Financial expenses": 4230,
        "Of which: Interest expense": 989,
        "Cost of sales": 4965,
        "Enterprise cost management": 6240,
        "Total Operating Expenses": 15435,
        "Total revenue financing activities": 1663,
        "Net profit from business activities": 6478,
        "Profit": 2103,
        "Profit before tax": 8580,
        "Present corporate income tax expenses": 395,
        "Deferred income taxes expenses": 389,
        "The interests of minority shareholders": "N/A",
        "Total Cost of profits": 784,
        "Profit after tax corporate income": 7797,
        "Volume": 27892014,
        "Close of Quarter": 2.8,
        "EPS": 811.8,
        "Non-adjusted EPS": 893,
        "PE": 3.1,
        "Book Price": 9.5
      }
    },
    {
      "quarter": "Q1 2013",
      "income status": {
        "Net sales": 231460,
        "Cost of goods sold": 216169,
        "Gross Profit": 15291,
        "Financial expenses": 2450,
        "Of which: Interest expense": 1532,
        "Cost of sales": 4742,
        "Enterprise cost management": 6493,
        "Total Operating Expenses": 13685,
        "Total revenue financing activities": 2242,
        "Net profit from business activities": 3847,
        "Profit": 1019,
        "Profit before tax": 4866,
        "Present corporate income tax expenses": "N/A",
        "Deferred income taxes expenses": 560,
        "The interests of minority shareholders": "N/A",
        "Total Cost of profits": 560,
        "Profit after tax corporate income": 4305,
        "Volume": 27892014,
        "Close of Quarter": 3.0,
        "EPS": 831.8,
        "Non-adjusted EPS": 915,
        "PE": 3.3,
        "Book Price": 9.2
      }
    },
    {
      "quarter": "Q4 2012",
      "income status": {
        "Net sales": 239799,
        "Cost of goods sold": 218929,
        "Gross Profit": 20870,
        "Financial expenses": 2789,
        "Of which: Interest expense": 2069,
        "Cost of sales": 4787,
        "Enterprise cost management": 6478,
        "Total Operating Expenses": 14054,
        "Total revenue financing activities": 2001,
        "Net profit from business activities": 8818,
        "Profit": 1681,
        "Profit before tax": 10499,
        "Present corporate income tax expenses": 68,
        "Deferred income taxes expenses": "N/A",
        "The interests of minority shareholders": "N/A",
        "Total Cost of profits": 68,
        "Profit after tax corporate income": 10431,
        "Volume": 27892014,
        "Close of Quarter": 2.7,
        "EPS": 1108.2,
        "Non-adjusted EPS": 1219,
        "PE": 2.2,
        "Book Price": 9
      }
    },
    {
      "quarter": "Q3 2012",
      "income status": {
        "Net sales": 222897,
        "Cost of goods sold": 209797,
        "Gross Profit": 13100,
        "Financial expenses": 2726,
        "Of which: Interest expense": 2341,
        "Cost of sales": 4504,
        "Enterprise cost management": 6679,
        "Total Operating Expenses": 13909,
        "Total revenue financing activities": 2129,
        "Net profit from business activities": 1320,
        "Profit": 1067,
        "Profit before tax": 2387,
        "Present corporate income tax expenses": "N/A",
        "Deferred income taxes expenses": "N/A",
        "The interests of minority shareholders": "N/A",
        "Total Cost of profits": 0,
        "Profit after tax corporate income": 2387,
        "Volume": 27892014,
        "Close of Quarter": 2.6,
        "EPS": 740.9,
        "Non-adjusted EPS": 815,
        "PE": 3.2,
        "Book Price": 8.7
      }
    },
    {
      "quarter": "Q2 2012",
      "income status": {
        "Net sales": 239269,
        "Cost of goods sold": 219148,
        "Gross Profit": 20121,
        "Financial expenses": 2848,
        "Of which: Interest expense": 2509,
        "Cost of sales": 4337,
        "Enterprise cost management": 6904,
        "Total Operating Expenses": 14089,
        "Total revenue financing activities": 1370,
        "Net profit from business activities": 7403,
        "Profit": 1173,
        "Profit before tax": 8576,
        "Present corporate income tax expenses": "N/A",
        "Deferred income taxes expenses": 172,
        "The interests of minority shareholders": "N/A",
        "Total Cost of profits": 172,
        "Profit after tax corporate income": 8403,
        "Volume": 27892014,
        "Close of Quarter": 2.9,
        "EPS": 1184.6,
        "Non-adjusted EPS": 1303,
        "PE": 2.2,
        "Book Price": 8.6
      }
    },
    {
      "quarter": "Q1 2012",
      "income status": {
        "Net sales": 210761,
        "Cost of goods sold": 185511,
        "Gross Profit": 25251,
        "Financial expenses": 4048,
        "Of which: Interest expense": 3119,
        "Cost of sales": 4846,
        "Enterprise cost management": 7232,
        "Total Operating Expenses": 16126,
        "Total revenue financing activities": 2319,
        "Net profit from business activities": 11442,
        "Profit": 1347,
        "Profit before tax": 12789,
        "Present corporate income tax expenses": "N/A",
        "Deferred income taxes expenses": "N/A",
        "The interests of minority shareholders": "N/A",
        "Total Cost of profits": 0,
        "Profit after tax corporate income": 12789,
        "Volume": 27892014,
        "Close of Quarter": 3.1,
        "EPS": 2095.5,
        "Non-adjusted EPS": 2305,
        "PE": 1.3,
        "Book Price": 8.4
      }
    },
    {
      "quarter": "Q4 2011",
      "income status": {
        "Net sales": 277816,
        "Cost of goods sold": 259951,
        "Gross Profit": 17865,
        "Financial expenses": 9277,
        "Of which: Interest expense": -3586,
        "Cost of sales": 5206,
        "Enterprise cost management": 8077,
        "Total Operating Expenses": 22560,
        "Total revenue financing activities": 1968,
        "Net profit from business activities": -2727,
        "Profit": 1880,
        "Profit before tax": -847,
        "Present corporate income tax expenses": "N/A",
        "Deferred income taxes expenses": "N/A",
        "The interests of minority shareholders": "N/A",
        "Total Cost of profits": 0,
        "Profit after tax corporate income": -847,
        "Volume": 27892014,
        "Close of Quarter": 2.0,
        "EPS": 1188.2,
        "Non-adjusted EPS": 1307,
        "PE": 1.5,
        "Book Price": 8.1
      }
    },
    {
      "quarter": "Q3 2011",
      "income status": {
        "Net sales": 303281,
        "Cost of goods sold": 274670,
        "Gross Profit": 28611,
        "Financial expenses": 4148,
        "Of which: Interest expense": 2799,
        "Cost of sales": 5123,
        "Enterprise cost management": 6505,
        "Total Operating Expenses": 15776,
        "Total revenue financing activities": 1231,
        "Net profit from business activities": 14066,
        "Profit": 1939,
        "Profit before tax": 16005,
        "Present corporate income tax expenses": "N/A",
        "Deferred income taxes expenses": "N/A",
        "The interests of minority shareholders": "N/A",
        "Total Cost of profits": 0,
        "Profit after tax corporate income": 16005,
        "Volume": 27892014,
        "Close of Quarter": 3.0,
        "EPS": 1651.9,
        "Non-adjusted EPS": 1817,
        "PE": 1.6,
        "Book Price": 8.1
      }
    },
    {
      "quarter": "Q2 2011",
      "income status": {
        "Net sales": 385046,
        "Cost of goods sold": 338999,
        "Gross Profit": 46047,
        "Financial expenses": 4131,
        "Of which: Interest expense": 3361,
        "Cost of sales": 4605,
        "Enterprise cost management": 6097,
        "Total Operating Expenses": 14833,
        "Total revenue financing activities": 3357,
        "Net profit from business activities": 34570,
        "Profit": 1788,
        "Profit before tax": 36358,
        "Present corporate income tax expenses": "N/A",
        "Deferred income taxes expenses": "N/A",
        "The interests of minority shareholders": "N/A",
        "Total Cost of profits": 0,
        "Profit after tax corporate income": 36358,
        "Volume": 27892014,
        "Close of Quarter": 3.1,
        "EPS": 1506.4,
        "Non-adjusted EPS": 1657,
        "PE": 1.9,
        "Book Price": 7.6
      }
    },
    {
      "quarter": "Q1 2011",
      "income status": {
        "Net sales": 350455,
        "Cost of goods sold": 304401,
        "Gross Profit": 46054,
        "Financial expenses": 59311,
        "Of which: Interest expense": 4602,
        "Cost of sales": 4674,
        "Enterprise cost management": 5792,
        "Total Operating Expenses": 69777,
        "Total revenue financing activities": 7673,
        "Net profit from business activities": -16050,
        "Profit": 994,
        "Profit before tax": -15057,
        "Present corporate income tax expenses": "N/A",
        "Deferred income taxes expenses": "N/A",
        "The interests of minority shareholders": "N/A",
        "Total Cost of profits": 0,
        "Profit after tax corporate income": -15057,
        "Volume": 27892014,
        "Close of Quarter": 3.6,
        "EPS": -40,
        "Non-adjusted EPS": -44,
        "PE": -81.4,
        "Book Price": 6.5
      }
    }
  ]
}