{
  "ticker": "D2D",
  "data": [
    {
      "quarter": "Q4 2016",
      "income status": {
        "Net sales": 187810,
        "Cost of goods sold": 157437,
        "Gross Profit": 30373,
        "Financial expenses": 44,
        "Of which: Interest expense": 17,
        "Cost of sales": "N/A",
        "Enterprise cost management": 14072,
        "Total Operating Expenses": 14116,
        "Total revenue financing activities": 4907,
        "Net profit from business activities": 21164,
        "Profit": 1389,
        "Profit before tax": 22553,
        "Present corporate income tax expenses": 5429,
        "Deferred income taxes expenses": -863,
        "The interests of minority shareholders": -45,
        "Total Cost of profits": 4521,
        "Profit after tax corporate income": 18033,
        "Volume": 10654984,
        "Close of Quarter": 34.8,
        "EPS": 5418,
        "Non-adjusted EPS": 5418,
        "PE": 6.4,
        "Book Price": 37.6
      }
    },
    {
      "quarter": "Q3 2016",
      "income status": {
        "Net sales": 62744,
        "Cost of goods sold": 46277,
        "Gross Profit": 16467,
        "Financial expenses": -404,
        "Of which: Interest expense": "N/A",
        "Cost of sales": "N/A",
        "Enterprise cost management": 10346,
        "Total Operating Expenses": 9942,
        "Total revenue financing activities": 3371,
        "Net profit from business activities": 9900,
        "Profit": -129,
        "Profit before tax": 9771,
        "Present corporate income tax expenses": 1967,
        "Deferred income taxes expenses": "N/A",
        "The interests of minority shareholders": 363,
        "Total Cost of profits": 2330,
        "Profit after tax corporate income": 7440,
        "Volume": 10654984,
        "Close of Quarter": 45.3,
        "EPS": 5536,
        "Non-adjusted EPS": 5536,
        "PE": 8.2,
        "Book Price": 38.3
      }
    },
    {
      "quarter": "Q2 2016",
      "income status": {
        "Net sales": 95228,
        "Cost of goods sold": 72743,
        "Gross Profit": 22485,
        "Financial expenses": -514,
        "Of which: Interest expense": 1,
        "Cost of sales": "N/A",
        "Enterprise cost management": 11399,
        "Total Operating Expenses": 10885,
        "Total revenue financing activities": 6276,
        "Net profit from business activities": 17583,
        "Profit": 356,
        "Profit before tax": 17939,
        "Present corporate income tax expenses": 2601,
        "Deferred income taxes expenses": "N/A",
        "The interests of minority shareholders": 840,
        "Total Cost of profits": 3441,
        "Profit after tax corporate income": 14498,
        "Volume": 10654984,
        "Close of Quarter": 31.9,
        "EPS": 6067,
        "Non-adjusted EPS": 6067,
        "PE": 5.3,
        "Book Price": 38.5
      }
    },
    {
      "quarter": "Q1 2016",
      "income status": {
        "Net sales": 66369,
        "Cost of goods sold": 41148,
        "Gross Profit": 25221,
        "Financial expenses": 22,
        "Of which: Interest expense": 22,
        "Cost of sales": "N/A",
        "Enterprise cost management": 6578,
        "Total Operating Expenses": 6600,
        "Total revenue financing activities": 3922,
        "Net profit from business activities": 22543,
        "Profit": 50,
        "Profit before tax": 22594,
        "Present corporate income tax expenses": 4545,
        "Deferred income taxes expenses": "N/A",
        "The interests of minority shareholders": 286,
        "Total Cost of profits": 4831,
        "Profit after tax corporate income": 17762,
        "Volume": 10654984,
        "Close of Quarter": 28.4,
        "EPS": 5361,
        "Non-adjusted EPS": 5361,
        "PE": 5.3,
        "Book Price": 38.2
      }
    },
    {
      "quarter": "Q4 2015",
      "income status": {
        "Net sales": 94587,
        "Cost of goods sold": 60111,
        "Gross Profit": 34476,
        "Financial expenses": -605,
        "Of which: Interest expense": 52,
        "Cost of sales": "N/A",
        "Enterprise cost management": 17265,
        "Total Operating Expenses": 16660,
        "Total revenue financing activities": 4454,
        "Net profit from business activities": 22660,
        "Profit": 2527,
        "Profit before tax": 25187,
        "Present corporate income tax expenses": 5361,
        "Deferred income taxes expenses": "N/A",
        "The interests of minority shareholders": 534,
        "Total Cost of profits": 5895,
        "Profit after tax corporate income": 19291,
        "Volume": 10654984,
        "Close of Quarter": 28.2,
        "EPS": 4937,
        "Non-adjusted EPS": 4937,
        "PE": 5.7,
        "Book Price": 35.9
      }
    },
    {
      "quarter": "Q3 2015",
      "income status": {
        "Net sales": 52931,
        "Cost of goods sold": 40231,
        "Gross Profit": 12699,
        "Financial expenses": 11,
        "Of which: Interest expense": 11,
        "Cost of sales": "N/A",
        "Enterprise cost management": 7834,
        "Total Operating Expenses": 7845,
        "Total revenue financing activities": 4382,
        "Net profit from business activities": 9237,
        "Profit": 7666,
        "Profit before tax": 16903,
        "Present corporate income tax expenses": 3425,
        "Deferred income taxes expenses": "N/A",
        "The interests of minority shareholders": 383,
        "Total Cost of profits": 3808,
        "Profit after tax corporate income": 13095,
        "Volume": 10654984,
        "Close of Quarter": 26.5,
        "EPS": 4817,
        "Non-adjusted EPS": 4817,
        "PE": 5.5,
        "Book Price": 38.1
      }
    },
    {
      "quarter": "Q2 2015",
      "income status": {
        "Net sales": 64120,
        "Cost of goods sold": 45033,
        "Gross Profit": 19088,
        "Financial expenses": 39,
        "Of which: Interest expense": 39,
        "Cost of sales": 2215,
        "Enterprise cost management": 17367,
        "Total Operating Expenses": 19621,
        "Total revenue financing activities": 11970,
        "Net profit from business activities": 11436,
        "Profit": -3165,
        "Profit before tax": 8271,
        "Present corporate income tax expenses": 2782,
        "Deferred income taxes expenses": "N/A",
        "The interests of minority shareholders": -1487,
        "Total Cost of profits": 1295,
        "Profit after tax corporate income": 6976,
        "Volume": 10654984,
        "Close of Quarter": 27.3,
        "EPS": 4221,
        "Non-adjusted EPS": 4221,
        "PE": 6.5,
        "Book Price": 35.6
      }
    },
    {
      "quarter": "Q1 2015",
      "income status": {
        "Net sales": 65401,
        "Cost of goods sold": 43959,
        "Gross Profit": 21442,
        "Financial expenses": 68,
        "Of which: Interest expense": 68,
        "Cost of sales": 444,
        "Enterprise cost management": 6686,
        "Total Operating Expenses": 7198,
        "Total revenue financing activities": 3509,
        "Net profit from business activities": 17753,
        "Profit": -622,
        "Profit before tax": 17132,
        "Present corporate income tax expenses": 3979,
        "Deferred income taxes expenses": "N/A",
        "The interests of minority shareholders": -90,
        "Total Cost of profits": 3889,
        "Profit after tax corporate income": 13242,
        "Volume": 10654984,
        "Close of Quarter": 26.3,
        "EPS": 5394,
        "Non-adjusted EPS": 5394,
        "PE": 4.9,
        "Book Price": 37.8
      }
    },
    {
      "quarter": "Q4 2014",
      "income status": {
        "Net sales": 96161,
        "Cost of goods sold": 59578,
        "Gross Profit": 36583,
        "Financial expenses": 93,
        "Of which: Interest expense": 93,
        "Cost of sales": 995,
        "Enterprise cost management": 15091,
        "Total Operating Expenses": 16179,
        "Total revenue financing activities": 3694,
        "Net profit from business activities": 24101,
        "Profit": -490,
        "Profit before tax": 23611,
        "Present corporate income tax expenses": 5140,
        "Deferred income taxes expenses": "N/A",
        "The interests of minority shareholders": 461,
        "Total Cost of profits": 5601,
        "Profit after tax corporate income": 18009,
        "Volume": 10654984,
        "Close of Quarter": 27.0,
        "EPS": 5379,
        "Non-adjusted EPS": 5379,
        "PE": 5.0,
        "Book Price": 36.6
      }
    },
    {
      "quarter": "Q3 2014",
      "income status": {
        "Net sales": 63077,
        "Cost of goods sold": 49981,
        "Gross Profit": 13096,
        "Financial expenses": 47,
        "Of which: Interest expense": 47,
        "Cost of sales": 893,
        "Enterprise cost management": 7704,
        "Total Operating Expenses": 8644,
        "Total revenue financing activities": 4830,
        "Net profit from business activities": 9339,
        "Profit": -994,
        "Profit before tax": 8344,
        "Present corporate income tax expenses": 1845,
        "Deferred income taxes expenses": "N/A",
        "The interests of minority shareholders": -244,
        "Total Cost of profits": 1601,
        "Profit after tax corporate income": 6743,
        "Volume": 10654984,
        "Close of Quarter": 26.8,
        "EPS": 4695,
        "Non-adjusted EPS": 4695,
        "PE": 5.7,
        "Book Price": 37.8
      }
    },
    {
      "quarter": "Q2 2014",
      "income status": {
        "Net sales": 85972,
        "Cost of goods sold": 58568,
        "Gross Profit": 27404,
        "Financial expenses": 17,
        "Of which: Interest expense": 17,
        "Cost of sales": 612,
        "Enterprise cost management": 8079,
        "Total Operating Expenses": 8708,
        "Total revenue financing activities": 3806,
        "Net profit from business activities": 22345,
        "Profit": -263,
        "Profit before tax": 22083,
        "Present corporate income tax expenses": 3830,
        "Deferred income taxes expenses": -256,
        "The interests of minority shareholders": -976,
        "Total Cost of profits": 2598,
        "Profit after tax corporate income": 19484,
        "Volume": 10654984,
        "Close of Quarter": 19.2,
        "EPS": 4617,
        "Non-adjusted EPS": 4617,
        "PE": 4.2,
        "Book Price": 37.2
      }
    },
    {
      "quarter": "Q1 2014",
      "income status": {
        "Net sales": 50730,
        "Cost of goods sold": 27572,
        "Gross Profit": 23159,
        "Financial expenses": 68,
        "Of which: Interest expense": 68,
        "Cost of sales": 623,
        "Enterprise cost management": 8954,
        "Total Operating Expenses": 9645,
        "Total revenue financing activities": 4173,
        "Net profit from business activities": 17675,
        "Profit": -614,
        "Profit before tax": 17061,
        "Present corporate income tax expenses": 3659,
        "Deferred income taxes expenses": 256,
        "The interests of minority shareholders": 66,
        "Total Cost of profits": 3981,
        "Profit after tax corporate income": 13080,
        "Volume": 10654984,
        "Close of Quarter": 19.0,
        "EPS": 3987,
        "Non-adjusted EPS": 3987,
        "PE": 4.8,
        "Book Price": 35.4
      }
    },
    {
      "quarter": "Q4 2013",
      "income status": {
        "Net sales": 92252,
        "Cost of goods sold": 62663,
        "Gross Profit": 29589,
        "Financial expenses": 6741,
        "Of which: Interest expense": 108,
        "Cost of sales": 1232,
        "Enterprise cost management": 11494,
        "Total Operating Expenses": 19467,
        "Total revenue financing activities": 3112,
        "Net profit from business activities": 13235,
        "Profit": 2043,
        "Profit before tax": 15278,
        "Present corporate income tax expenses": 3767,
        "Deferred income taxes expenses": "N/A",
        "The interests of minority shareholders": 787,
        "Total Cost of profits": 4554,
        "Profit after tax corporate income": 10723,
        "Volume": 10654984,
        "Close of Quarter": 15.7,
        "EPS": 4208,
        "Non-adjusted EPS": 4208,
        "PE": 3.7,
        "Book Price": 31.3
      }
    },
    {
      "quarter": "Q3 2013",
      "income status": {
        "Net sales": 39744,
        "Cost of goods sold": 24702,
        "Gross Profit": 15042,
        "Financial expenses": 1965,
        "Of which: Interest expense": 14,
        "Cost of sales": 955,
        "Enterprise cost management": 6807,
        "Total Operating Expenses": 9727,
        "Total revenue financing activities": 2275,
        "Net profit from business activities": 7590,
        "Profit": -30,
        "Profit before tax": 7560,
        "Present corporate income tax expenses": 2523,
        "Deferred income taxes expenses": "N/A",
        "The interests of minority shareholders": -872,
        "Total Cost of profits": 1651,
        "Profit after tax corporate income": 5909,
        "Volume": 10654984,
        "Close of Quarter": 13.3,
        "EPS": 4304,
        "Non-adjusted EPS": 4304,
        "PE": 3.1,
        "Book Price": 31.9
      }
    },
    {
      "quarter": "Q2 2013",
      "income status": {
        "Net sales": 65457,
        "Cost of goods sold": 39562,
        "Gross Profit": 25895,
        "Financial expenses": 8,
        "Of which: Interest expense": 8,
        "Cost of sales": "N/A",
        "Enterprise cost management": 7597,
        "Total Operating Expenses": 7605,
        "Total revenue financing activities": 2217,
        "Net profit from business activities": 20506,
        "Profit": -2077,
        "Profit before tax": 18124,
        "Present corporate income tax expenses": 4302,
        "Deferred income taxes expenses": 256,
        "The interests of minority shareholders": 799,
        "Total Cost of profits": 5357,
        "Profit after tax corporate income": 12768,
        "Volume": 10654984,
        "Close of Quarter": 12.2,
        "EPS": 4774,
        "Non-adjusted EPS": 4774,
        "PE": 2.6,
        "Book Price": 32.4
      }
    },
    {
      "quarter": "Q1 2013",
      "income status": {
        "Net sales": 44074,
        "Cost of goods sold": 17785,
        "Gross Profit": 26289,
        "Financial expenses": 6,
        "Of which: Interest expense": 6,
        "Cost of sales": "N/A",
        "Enterprise cost management": 7645,
        "Total Operating Expenses": 7651,
        "Total revenue financing activities": 1860,
        "Net profit from business activities": 20499,
        "Profit": 125,
        "Profit before tax": 20624,
        "Present corporate income tax expenses": 5185,
        "Deferred income taxes expenses": "N/A",
        "The interests of minority shareholders": "N/A",
        "Total Cost of profits": 5185,
        "Profit after tax corporate income": 15439,
        "Volume": 10654984,
        "Close of Quarter": 11.2,
        "EPS": 4168,
        "Non-adjusted EPS": 4168,
        "PE": 2.7,
        "Book Price": 31.7
      }
    },
    {
      "quarter": "Q4 2012",
      "income status": {
        "Net sales": 146997,
        "Cost of goods sold": 128513,
        "Gross Profit": 18484,
        "Financial expenses": "N/A",
        "Of which: Interest expense": "N/A",
        "Cost of sales": "N/A",
        "Enterprise cost management": 7786,
        "Total Operating Expenses": 7786,
        "Total revenue financing activities": 5109,
        "Net profit from business activities": 15807,
        "Profit": 604,
        "Profit before tax": 15645,
        "Present corporate income tax expenses": 2938,
        "Deferred income taxes expenses": "N/A",
        "The interests of minority shareholders": 962,
        "Total Cost of profits": 3900,
        "Profit after tax corporate income": 11745,
        "Volume": 10654984,
        "Close of Quarter": 10.9,
        "EPS": 4034,
        "Non-adjusted EPS": 4034,
        "PE": 2.7,
        "Book Price": 30.6
      }
    },
    {
      "quarter": "Q3 2012",
      "income status": {
        "Net sales": 30786,
        "Cost of goods sold": 11719,
        "Gross Profit": 19068,
        "Financial expenses": -75,
        "Of which: Interest expense": -75,
        "Cost of sales": "N/A",
        "Enterprise cost management": 6020,
        "Total Operating Expenses": 5945,
        "Total revenue financing activities": 1314,
        "Net profit from business activities": 14437,
        "Profit": -1170,
        "Profit before tax": 11535,
        "Present corporate income tax expenses": 480,
        "Deferred income taxes expenses": "N/A",
        "The interests of minority shareholders": 137,
        "Total Cost of profits": 617,
        "Profit after tax corporate income": 10918,
        "Volume": 10654984,
        "Close of Quarter": 12.0,
        "EPS": 3437,
        "Non-adjusted EPS": 3437,
        "PE": 3.5,
        "Book Price": 32.2
      }
    },
    {
      "quarter": "Q2 2012",
      "income status": {
        "Net sales": 91067,
        "Cost of goods sold": 77376,
        "Gross Profit": 13691,
        "Financial expenses": 4198,
        "Of which: Interest expense": 67,
        "Cost of sales": "N/A",
        "Enterprise cost management": 7050,
        "Total Operating Expenses": 11248,
        "Total revenue financing activities": 4594,
        "Net profit from business activities": 7037,
        "Profit": 4900,
        "Profit before tax": 11249,
        "Present corporate income tax expenses": 808,
        "Deferred income taxes expenses": 3084,
        "The interests of minority shareholders": 1051,
        "Total Cost of profits": 4943,
        "Profit after tax corporate income": 6306,
        "Volume": 10654984,
        "Close of Quarter": 11.6,
        "EPS": 3138,
        "Non-adjusted EPS": 3138,
        "PE": 3.7,
        "Book Price": 31.2
      }
    },
    {
      "quarter": "Q1 2012",
      "income status": {
        "Net sales": 33164,
        "Cost of goods sold": 9740,
        "Gross Profit": 23424,
        "Financial expenses": 395,
        "Of which: Interest expense": 395,
        "Cost of sales": "N/A",
        "Enterprise cost management": 5660,
        "Total Operating Expenses": 6055,
        "Total revenue financing activities": 1579,
        "Net profit from business activities": 18948,
        "Profit": -187,
        "Profit before tax": 18760,
        "Present corporate income tax expenses": 4723,
        "Deferred income taxes expenses": "N/A",
        "The interests of minority shareholders": 26,
        "Total Cost of profits": 4749,
        "Profit after tax corporate income": 14011,
        "Volume": 10654984,
        "Close of Quarter": 10.3,
        "EPS": 3924,
        "Non-adjusted EPS": 3924,
        "PE": 2.6,
        "Book Price": 31
      }
    },
    {
      "quarter": "Q4 2011",
      "income status": {
        "Net sales": 102911,
        "Cost of goods sold": 77654,
        "Gross Profit": 25257,
        "Financial expenses": 262,
        "Of which: Interest expense": 262,
        "Cost of sales": "N/A",
        "Enterprise cost management": 13975,
        "Total Operating Expenses": 14237,
        "Total revenue financing activities": 4936,
        "Net profit from business activities": 15957,
        "Profit": -9013,
        "Profit before tax": 6944,
        "Present corporate income tax expenses": 964,
        "Deferred income taxes expenses": "N/A",
        "The interests of minority shareholders": 591,
        "Total Cost of profits": 1555,
        "Profit after tax corporate income": 5389,
        "Volume": 10654984,
        "Close of Quarter": 9.1,
        "EPS": 4194,
        "Non-adjusted EPS": 4194,
        "PE": 2.2,
        "Book Price": 30.2
      }
    },
    {
      "quarter": "Q3 2011",
      "income status": {
        "Net sales": 45586,
        "Cost of goods sold": 41640,
        "Gross Profit": 3945,
        "Financial expenses": 411,
        "Of which: Interest expense": 411,
        "Cost of sales": "N/A",
        "Enterprise cost management": 5850,
        "Total Operating Expenses": 6261,
        "Total revenue financing activities": 4166,
        "Net profit from business activities": 1851,
        "Profit": 9369,
        "Profit before tax": 11219,
        "Present corporate income tax expenses": 3013,
        "Deferred income taxes expenses": "N/A",
        "The interests of minority shareholders": 477,
        "Total Cost of profits": 3490,
        "Profit after tax corporate income": 7729,
        "Volume": 10654984,
        "Close of Quarter": 10.6,
        "EPS": 4151,
        "Non-adjusted EPS": 4151,
        "PE": 2.5,
        "Book Price": 31.2
      }
    },
    {
      "quarter": "Q2 2011",
      "income status": {
        "Net sales": 66869,
        "Cost of goods sold": 46903,
        "Gross Profit": 19966,
        "Financial expenses": 516,
        "Of which: Interest expense": 516,
        "Cost of sales": "N/A",
        "Enterprise cost management": 6157,
        "Total Operating Expenses": 6673,
        "Total revenue financing activities": 9427,
        "Net profit from business activities": 22719,
        "Profit": -144,
        "Profit before tax": 21195,
        "Present corporate income tax expenses": 5037,
        "Deferred income taxes expenses": "N/A",
        "The interests of minority shareholders": 1473,
        "Total Cost of profits": 6510,
        "Profit after tax corporate income": 14685,
        "Volume": 10654984,
        "Close of Quarter": 10.4,
        "EPS": 8519,
        "Non-adjusted EPS": 8519,
        "PE": 1.2,
        "Book Price": 31.4
      }
    },
    {
      "quarter": "Q1 2011",
      "income status": {
        "Net sales": 33751,
        "Cost of goods sold": 11917,
        "Gross Profit": 21835,
        "Financial expenses": "N/A",
        "Of which: Interest expense": "N/A",
        "Cost of sales": "N/A",
        "Enterprise cost management": 4379,
        "Total Operating Expenses": 4379,
        "Total revenue financing activities": 5295,
        "Net profit from business activities": 22752,
        "Profit": -128,
        "Profit before tax": 22623,
        "Present corporate income tax expenses": 5654,
        "Deferred income taxes expenses": "N/A",
        "The interests of minority shareholders": 82,
        "Total Cost of profits": 5736,
        "Profit after tax corporate income": 16887,
        "Volume": 10654984,
        "Close of Quarter": 15.5,
        "EPS": 8537,
        "Non-adjusted EPS": 8537,
        "PE": 1.8,
        "Book Price": 30.3
      }
    }
  ]
}