{
  "ticker": "NAF",
  "data": [
    {
      "quarter": "Q4 2016",
      "income status": {
        "Net sales": 102222,
        "Cost of goods sold": 56345,
        "Gross Profit": 45877,
        "Financial expenses": 5213,
        "Of which: Interest expense": 1798,
        "Cost of sales": 11099,
        "Enterprise cost management": 10030,
        "Total Operating Expenses": 26342,
        "Total revenue financing activities": 4086,
        "Net profit from business activities": 23482,
        "Profit": 27,
        "Profit before tax": 23509,
        "Present corporate income tax expenses": 2181,
        "Deferred income taxes expenses": 39,
        "The interests of minority shareholders": 4448,
        "Total Cost of profits": 6668,
        "Profit after tax corporate income": 16841,
        "Volume": 30000000,
        "Close of Quarter": 31.3,
        "EPS": 1630,
        "Non-adjusted EPS": 1630,
        "PE": 19.2,
        "Book Price": 14.2
      }
    },
    {
      "quarter": "Q3 2016",
      "income status": {
        "Net sales": 138323,
        "Cost of goods sold": 110318,
        "Gross Profit": 28005,
        "Financial expenses": 1699,
        "Of which: Interest expense": 1370,
        "Cost of sales": 4148,
        "Enterprise cost management": 5007,
        "Total Operating Expenses": 10854,
        "Total revenue financing activities": 1473,
        "Net profit from business activities": 18426,
        "Profit": -135,
        "Profit before tax": 18291,
        "Present corporate income tax expenses": 1077,
        "Deferred income taxes expenses": 132,
        "The interests of minority shareholders": 4049,
        "Total Cost of profits": 5258,
        "Profit after tax corporate income": 13033,
        "Volume": 30000000,
        "Close of Quarter": 33.5,
        "EPS": 1460,
        "Non-adjusted EPS": 1460,
        "PE": 23.0,
        "Book Price": 13.5
      }
    },
    {
      "quarter": "Q2 2016",
      "income status": {
        "Net sales": 159513,
        "Cost of goods sold": 123234,
        "Gross Profit": 36279,
        "Financial expenses": 3789,
        "Of which: Interest expense": 1001,
        "Cost of sales": 8246,
        "Enterprise cost management": 6024,
        "Total Operating Expenses": 18059,
        "Total revenue financing activities": 1425,
        "Net profit from business activities": 19546,
        "Profit": -95,
        "Profit before tax": 19451,
        "Present corporate income tax expenses": 2379,
        "Deferred income taxes expenses": "N/A",
        "The interests of minority shareholders": 2568,
        "Total Cost of profits": 4947,
        "Profit after tax corporate income": 14505,
        "Volume": 30000000,
        "Close of Quarter": 27.0,
        "EPS": 1403,
        "Non-adjusted EPS": 1403,
        "PE": 19.3,
        "Book Price": 12.9
      }
    },
    {
      "quarter": "Q1 2016",
      "income status": {
        "Net sales": 74750,
        "Cost of goods sold": 59198,
        "Gross Profit": 15551,
        "Financial expenses": 1143,
        "Of which: Interest expense": 843,
        "Cost of sales": 5342,
        "Enterprise cost management": 4060,
        "Total Operating Expenses": 10545,
        "Total revenue financing activities": 1550,
        "Net profit from business activities": 6479,
        "Profit": 52,
        "Profit before tax": 6531,
        "Present corporate income tax expenses": 541,
        "Deferred income taxes expenses": 264,
        "The interests of minority shareholders": 1193,
        "Total Cost of profits": 1998,
        "Profit after tax corporate income": 4533,
        "Volume": 30000000,
        "Close of Quarter": 28.7,
        "EPS": 1479,
        "Non-adjusted EPS": 1479,
        "PE": 19.4,
        "Book Price": 13.6
      }
    },
    {
      "quarter": "Q4 2015",
      "income status": {
        "Net sales": 154735,
        "Cost of goods sold": 121785,
        "Gross Profit": 32950,
        "Financial expenses": 4047,
        "Of which: Interest expense": 1405,
        "Cost of sales": 6004,
        "Enterprise cost management": 5887,
        "Total Operating Expenses": 15938,
        "Total revenue financing activities": 3056,
        "Net profit from business activities": 19725,
        "Profit": -323,
        "Profit before tax": 19402,
        "Present corporate income tax expenses": 1337,
        "Deferred income taxes expenses": "N/A",
        "The interests of minority shareholders": 6323,
        "Total Cost of profits": 7660,
        "Profit after tax corporate income": 11742,
        "Volume": 30000000,
        "Close of Quarter": 29.5,
        "EPS": 1621,
        "Non-adjusted EPS": 1621,
        "PE": 18.2,
        "Book Price": 13.3
      }
    },
    {
      "quarter": "Q3 2015",
      "income status": {
        "Net sales": 114729,
        "Cost of goods sold": 87798,
        "Gross Profit": 26931,
        "Financial expenses": 3322,
        "Of which: Interest expense": 2580,
        "Cost of sales": 7563,
        "Enterprise cost management": 2516,
        "Total Operating Expenses": 13401,
        "Total revenue financing activities": 2756,
        "Net profit from business activities": 16402,
        "Profit": -31,
        "Profit before tax": 16372,
        "Present corporate income tax expenses": 1243,
        "Deferred income taxes expenses": "N/A",
        "The interests of minority shareholders": 3810,
        "Total Cost of profits": 5053,
        "Profit after tax corporate income": 11318,
        "Volume": 30000000,
        "Close of Quarter": "N/A",
        "EPS": 1518,
        "Non-adjusted EPS": 1518,
        "PE": "N/A",
        "Book Price": 12.4
      }
    },
    {
      "quarter": "Q2 2015",
      "income status": {
        "Net sales": 166906,
        "Cost of goods sold": 133316,
        "Gross Profit": 33591,
        "Financial expenses": 2424,
        "Of which: Interest expense": 1405,
        "Cost of sales": 7219,
        "Enterprise cost management": 2594,
        "Total Operating Expenses": 12237,
        "Total revenue financing activities": 3467,
        "Net profit from business activities": 24098,
        "Profit": "N/A",
        "Profit before tax": 24098,
        "Present corporate income tax expenses": 1688,
        "Deferred income taxes expenses": "N/A",
        "The interests of minority shareholders": 5644,
        "Total Cost of profits": 7332,
        "Profit after tax corporate income": 16766,
        "Volume": 30000000,
        "Close of Quarter": "N/A",
        "EPS": 1224,
        "Non-adjusted EPS": 1224,
        "PE": "N/A",
        "Book Price": 11.9
      }
    },
    {
      "quarter": "Q1 2015",
      "income status": {
        "Net sales": 77215,
        "Cost of goods sold": 57053,
        "Gross Profit": 20163,
        "Financial expenses": 2434,
        "Of which: Interest expense": 2820,
        "Cost of sales": 6059,
        "Enterprise cost management": 1731,
        "Total Operating Expenses": 10224,
        "Total revenue financing activities": 998,
        "Net profit from business activities": 10936,
        "Profit": -8890,
        "Profit before tax": 11069,
        "Present corporate income tax expenses": 1289,
        "Deferred income taxes expenses": -50,
        "The interests of minority shareholders": 1023,
        "Total Cost of profits": 2262,
        "Profit after tax corporate income": 8807,
        "Volume": 30000000,
        "Close of Quarter": "N/A",
        "EPS": 665,
        "Non-adjusted EPS": 665,
        "PE": "N/A",
        "Book Price": "N/A"
      }
    },
    {
      "quarter": "Q2 2014",
      "income status": {
        "Net sales": 96424,
        "Cost of goods sold": 77445,
        "Gross Profit": 18979,
        "Financial expenses": 955,
        "Of which: Interest expense": 738,
        "Cost of sales": 9648,
        "Enterprise cost management": 603,
        "Total Operating Expenses": 11206,
        "Total revenue financing activities": 892,
        "Net profit from business activities": 8664,
        "Profit": -2,
        "Profit before tax": 8663,
        "Present corporate income tax expenses": "N/A",
        "Deferred income taxes expenses": "N/A",
        "The interests of minority shareholders": "N/A",
        "Total Cost of profits": 0,
        "Profit after tax corporate income": 8663,
        "Volume": 30000000,
        "Close of Quarter": "N/A",
        "EPS": 372,
        "Non-adjusted EPS": 372,
        "PE": "N/A",
        "Book Price": "N/A"
      }
    },
    {
      "quarter": "Q1 2014",
      "income status": {
        "Net sales": 38477,
        "Cost of goods sold": 33878,
        "Gross Profit": 4599,
        "Financial expenses": 832,
        "Of which: Interest expense": 593,
        "Cost of sales": 1404,
        "Enterprise cost management": 427,
        "Total Operating Expenses": 2663,
        "Total revenue financing activities": 552,
        "Net profit from business activities": 2487,
        "Profit": 4,
        "Profit before tax": 2491,
        "Present corporate income tax expenses": "N/A",
        "Deferred income taxes expenses": "N/A",
        "The interests of minority shareholders": "N/A",
        "Total Cost of profits": 0,
        "Profit after tax corporate income": 2491,
        "Volume": 30000000,
        "Close of Quarter": "N/A",
        "EPS": 83,
        "Non-adjusted EPS": 83,
        "PE": "N/A",
        "Book Price": "N/A"
      }
    }
  ]
}