{
  "ticker": "REE",
  "data": [
    {
      "quarter": "Q4 2016",
      "income status": {
        "Net sales": 1301562,
        "Cost of goods sold": 873187,
        "Gross Profit": 428375,
        "Financial expenses": 21310,
        "Of which: Interest expense": 18319,
        "Cost of sales": 35782,
        "Enterprise cost management": 103018,
        "Total Operating Expenses": 160110,
        "Total revenue financing activities": 174683,
        "Net profit from business activities": 722713,
        "Profit": 462,
        "Profit before tax": 723175,
        "Present corporate income tax expenses": 80383,
        "Deferred income taxes expenses": -11624,
        "The interests of minority shareholders": 33918,
        "Total Cost of profits": 102677,
        "Profit after tax corporate income": 620498,
        "Volume": 305056367,
        "Close of Quarter": 23.2,
        "EPS": 3636,
        "Non-adjusted EPS": 3636,
        "PE": 6.4,
        "Book Price": 25.4
      }
    },
    {
      "quarter": "Q3 2016",
      "income status": {
        "Net sales": 937645,
        "Cost of goods sold": 663769,
        "Gross Profit": 273877,
        "Financial expenses": 12881,
        "Of which: Interest expense": 12328,
        "Cost of sales": 24561,
        "Enterprise cost management": 42702,
        "Total Operating Expenses": 80144,
        "Total revenue financing activities": 80768,
        "Net profit from business activities": 310460,
        "Profit": 2481,
        "Profit before tax": 312940,
        "Present corporate income tax expenses": 49355,
        "Deferred income taxes expenses": -599,
        "The interests of minority shareholders": 18206,
        "Total Cost of profits": 66962,
        "Profit after tax corporate income": 245978,
        "Volume": 305056367,
        "Close of Quarter": 20.3,
        "EPS": 2462,
        "Non-adjusted EPS": 2462,
        "PE": 8.3,
        "Book Price": 22.8
      }
    },
    {
      "quarter": "Q2 2016",
      "income status": {
        "Net sales": 867164,
        "Cost of goods sold": 623420,
        "Gross Profit": 243744,
        "Financial expenses": 14591,
        "Of which: Interest expense": 13064,
        "Cost of sales": 14651,
        "Enterprise cost management": 35869,
        "Total Operating Expenses": 65111,
        "Total revenue financing activities": 331555,
        "Net profit from business activities": 204184,
        "Profit": 2584,
        "Profit before tax": 206768,
        "Present corporate income tax expenses": 44880,
        "Deferred income taxes expenses": 666,
        "The interests of minority shareholders": 17172,
        "Total Cost of profits": 62718,
        "Profit after tax corporate income": 144050,
        "Volume": 305056367,
        "Close of Quarter": 19.3,
        "EPS": 2338,
        "Non-adjusted EPS": 2338,
        "PE": 8.3,
        "Book Price": 21.8
      }
    },
    {
      "quarter": "Q1 2016",
      "income status": {
        "Net sales": 552914,
        "Cost of goods sold": 322338,
        "Gross Profit": 230576,
        "Financial expenses": 19593,
        "Of which: Interest expense": 16448,
        "Cost of sales": 13998,
        "Enterprise cost management": 33594,
        "Total Operating Expenses": 67185,
        "Total revenue financing activities": 98754,
        "Net profit from business activities": 147337,
        "Profit": 1705,
        "Profit before tax": 149042,
        "Present corporate income tax expenses": 39803,
        "Deferred income taxes expenses": -671,
        "The interests of minority shareholders": 11160,
        "Total Cost of profits": 50292,
        "Profit after tax corporate income": 98750,
        "Volume": 264614336,
        "Close of Quarter": 19.9,
        "EPS": 2645.7,
        "Non-adjusted EPS": 3050,
        "PE": 6.5,
        "Book Price": 21.4
      }
    },
    {
      "quarter": "Q4 2015",
      "income status": {
        "Net sales": 662157,
        "Cost of goods sold": 407864,
        "Gross Profit": 254293,
        "Financial expenses": 21844,
        "Of which: Interest expense": 18600,
        "Cost of sales": 15410,
        "Enterprise cost management": 64687,
        "Total Operating Expenses": 101941,
        "Total revenue financing activities": 118417,
        "Net profit from business activities": 317170,
        "Profit": 3186,
        "Profit before tax": 320356,
        "Present corporate income tax expenses": 40303,
        "Deferred income taxes expenses": 9423,
        "The interests of minority shareholders": 8372,
        "Total Cost of profits": 58098,
        "Profit after tax corporate income": 262258,
        "Volume": 264068065,
        "Close of Quarter": 19.8,
        "EPS": 2796.9,
        "Non-adjusted EPS": 3231,
        "PE": 6.1,
        "Book Price": 21.9
      }
    },
    {
      "quarter": "Q3 2015",
      "income status": {
        "Net sales": 621089,
        "Cost of goods sold": 420198,
        "Gross Profit": 200891,
        "Financial expenses": 23327,
        "Of which: Interest expense": 19861,
        "Cost of sales": 12133,
        "Enterprise cost management": 38673,
        "Total Operating Expenses": 74133,
        "Total revenue financing activities": 31490,
        "Net profit from business activities": 243939,
        "Profit": 612,
        "Profit before tax": 244551,
        "Present corporate income tax expenses": 32326,
        "Deferred income taxes expenses": 630,
        "The interests of minority shareholders": 3304,
        "Total Cost of profits": 36260,
        "Profit after tax corporate income": 208291,
        "Volume": 264068065,
        "Close of Quarter": 19.7,
        "EPS": 3185.5,
        "Non-adjusted EPS": 3680,
        "PE": 5.4,
        "Book Price": 21.1
      }
    },
    {
      "quarter": "Q2 2015",
      "income status": {
        "Net sales": 683762,
        "Cost of goods sold": 429675,
        "Gross Profit": 254087,
        "Financial expenses": 21082,
        "Of which: Interest expense": 19975,
        "Cost of sales": 15043,
        "Enterprise cost management": 40634,
        "Total Operating Expenses": 76759,
        "Total revenue financing activities": 231315,
        "Net profit from business activities": 299712,
        "Profit": 3144,
        "Profit before tax": 302857,
        "Present corporate income tax expenses": 44434,
        "Deferred income taxes expenses": 602,
        "The interests of minority shareholders": 20176,
        "Total Cost of profits": 65212,
        "Profit after tax corporate income": 237644,
        "Volume": 264068065,
        "Close of Quarter": 21.1,
        "EPS": 3301.5,
        "Non-adjusted EPS": 3814,
        "PE": 5.5,
        "Book Price": 20.4
      }
    },
    {
      "quarter": "Q1 2015",
      "income status": {
        "Net sales": 676376,
        "Cost of goods sold": 494378,
        "Gross Profit": 181998,
        "Financial expenses": 16646,
        "Of which: Interest expense": 15531,
        "Cost of sales": 11918,
        "Enterprise cost management": 37754,
        "Total Operating Expenses": 66318,
        "Total revenue financing activities": 48102,
        "Net profit from business activities": 177962,
        "Profit": -50,
        "Profit before tax": 177912,
        "Present corporate income tax expenses": 29456,
        "Deferred income taxes expenses": 393,
        "The interests of minority shareholders": 3165,
        "Total Cost of profits": 33014,
        "Profit after tax corporate income": 144898,
        "Volume": 264068065,
        "Close of Quarter": 20.6,
        "EPS": 3196.8,
        "Non-adjusted EPS": 3693,
        "PE": 5.6,
        "Book Price": 19.8
      }
    },
    {
      "quarter": "Q4 2014",
      "income status": {
        "Net sales": 804164,
        "Cost of goods sold": 535398,
        "Gross Profit": 268766,
        "Financial expenses": 12101,
        "Of which: Interest expense": 7152,
        "Cost of sales": 12651,
        "Enterprise cost management": 70734,
        "Total Operating Expenses": 95486,
        "Total revenue financing activities": 101542,
        "Net profit from business activities": 451479,
        "Profit": 213,
        "Profit before tax": 451692,
        "Present corporate income tax expenses": 44895,
        "Deferred income taxes expenses": -35,
        "The interests of minority shareholders": 25775,
        "Total Cost of profits": 70635,
        "Profit after tax corporate income": 381057,
        "Volume": 264068065,
        "Close of Quarter": 20.9,
        "EPS": 3481.6,
        "Non-adjusted EPS": 4022,
        "PE": 5.2,
        "Book Price": 20.8
      }
    },
    {
      "quarter": "Q3 2014",
      "income status": {
        "Net sales": 654180,
        "Cost of goods sold": 455797,
        "Gross Profit": 198383,
        "Financial expenses": 9408,
        "Of which: Interest expense": 9098,
        "Cost of sales": 10129,
        "Enterprise cost management": 32437,
        "Total Operating Expenses": 51974,
        "Total revenue financing activities": 158286,
        "Net profit from business activities": 292581,
        "Profit": -831,
        "Profit before tax": 291749,
        "Present corporate income tax expenses": 37952,
        "Deferred income taxes expenses": -1167,
        "The interests of minority shareholders": 11487,
        "Total Cost of profits": 48272,
        "Profit after tax corporate income": 243478,
        "Volume": 260649065,
        "Close of Quarter": 22.4,
        "EPS": 2679.5,
        "Non-adjusted EPS": 3136,
        "PE": 7.1,
        "Book Price": 19.2
      }
    },
    {
      "quarter": "Q2 2014",
      "income status": {
        "Net sales": 619248,
        "Cost of goods sold": 446976,
        "Gross Profit": 172272,
        "Financial expenses": 14477,
        "Of which: Interest expense": 13041,
        "Cost of sales": 12950,
        "Enterprise cost management": 4704,
        "Total Operating Expenses": 32131,
        "Total revenue financing activities": 169210,
        "Net profit from business activities": 239591,
        "Profit": 1491,
        "Profit before tax": 241083,
        "Present corporate income tax expenses": 41467,
        "Deferred income taxes expenses": -6144,
        "The interests of minority shareholders": -38,
        "Total Cost of profits": 35285,
        "Profit after tax corporate income": 205798,
        "Volume": 260649065,
        "Close of Quarter": 19.5,
        "EPS": 2536.0,
        "Non-adjusted EPS": 2968,
        "PE": 6.6,
        "Book Price": 18.5
      }
    },
    {
      "quarter": "Q1 2014",
      "income status": {
        "Net sales": 551832,
        "Cost of goods sold": 388795,
        "Gross Profit": 163037,
        "Financial expenses": 5463,
        "Of which: Interest expense": 8122,
        "Cost of sales": 9641,
        "Enterprise cost management": 23372,
        "Total Operating Expenses": 38476,
        "Total revenue financing activities": 29829,
        "Net profit from business activities": 226107,
        "Profit": 51819,
        "Profit before tax": 277925,
        "Present corporate income tax expenses": 46591,
        "Deferred income taxes expenses": 181,
        "The interests of minority shareholders": -576,
        "Total Cost of profits": 46196,
        "Profit after tax corporate income": 231729,
        "Volume": 258683911,
        "Close of Quarter": 23.3,
        "EPS": 3595.5,
        "Non-adjusted EPS": 4240,
        "PE": 5.5,
        "Book Price": 16.4
      }
    },
    {
      "quarter": "Q4 2013",
      "income status": {
        "Net sales": 729620,
        "Cost of goods sold": 580805,
        "Gross Profit": 148816,
        "Financial expenses": 32894,
        "Of which: Interest expense": 15501,
        "Cost of sales": 15570,
        "Enterprise cost management": 75527,
        "Total Operating Expenses": 123991,
        "Total revenue financing activities": 87102,
        "Net profit from business activities": 111926,
        "Profit": 850,
        "Profit before tax": 158994,
        "Present corporate income tax expenses": 28566,
        "Deferred income taxes expenses": -5829,
        "The interests of minority shareholders": -74,
        "Total Cost of profits": 22663,
        "Profit after tax corporate income": 136331,
        "Volume": 239640911,
        "Close of Quarter": 20.9,
        "EPS": 3197.2,
        "Non-adjusted EPS": 4070,
        "PE": 5.1,
        "Book Price": 17.1
      }
    },
    {
      "quarter": "Q3 2013",
      "income status": {
        "Net sales": 560737,
        "Cost of goods sold": 405297,
        "Gross Profit": 155441,
        "Financial expenses": 22329,
        "Of which: Interest expense": 14297,
        "Cost of sales": 10334,
        "Enterprise cost management": 20233,
        "Total Operating Expenses": 52896,
        "Total revenue financing activities": 125728,
        "Net profit from business activities": 228271,
        "Profit": 1736,
        "Profit before tax": 230425,
        "Present corporate income tax expenses": 29210,
        "Deferred income taxes expenses": 1344,
        "The interests of minority shareholders": 2,
        "Total Cost of profits": 30556,
        "Profit after tax corporate income": 199870,
        "Volume": 239640911,
        "Close of Quarter": 18.3,
        "EPS": 3329.2,
        "Non-adjusted EPS": 4238,
        "PE": 4.3,
        "Book Price": 15.2
      }
    },
    {
      "quarter": "Q2 2013",
      "income status": {
        "Net sales": 610002,
        "Cost of goods sold": 453021,
        "Gross Profit": 156981,
        "Financial expenses": 17492,
        "Of which: Interest expense": -41945,
        "Cost of sales": 14944,
        "Enterprise cost management": 48066,
        "Total Operating Expenses": 80502,
        "Total revenue financing activities": 94260,
        "Net profit from business activities": 170740,
        "Profit": 1466,
        "Profit before tax": 554248,
        "Present corporate income tax expenses": 31529,
        "Deferred income taxes expenses": -6180,
        "The interests of minority shareholders": 4,
        "Total Cost of profits": 25353,
        "Profit after tax corporate income": 528895,
        "Volume": 239640911,
        "Close of Quarter": 17.2,
        "EPS": 2926.2,
        "Non-adjusted EPS": 3725,
        "PE": 4.6,
        "Book Price": 14.5
      }
    },
    {
      "quarter": "Q1 2013",
      "income status": {
        "Net sales": 512761,
        "Cost of goods sold": 371492,
        "Gross Profit": 141269,
        "Financial expenses": 15637,
        "Of which: Interest expense": 14597,
        "Cost of sales": 8754,
        "Enterprise cost management": 21823,
        "Total Operating Expenses": 46214,
        "Total revenue financing activities": 47198,
        "Net profit from business activities": 142252,
        "Profit": 1068,
        "Profit before tax": 143320,
        "Present corporate income tax expenses": 32741,
        "Deferred income taxes expenses": 396,
        "The interests of minority shareholders": 3,
        "Total Cost of profits": 33140,
        "Profit after tax corporate income": 110180,
        "Volume": 239640911,
        "Close of Quarter": 13.6,
        "EPS": 1703.1,
        "Non-adjusted EPS": 2168,
        "PE": 6.3,
        "Book Price": 12.8
      }
    },
    {
      "quarter": "Q4 2012",
      "income status": {
        "Net sales": 659914,
        "Cost of goods sold": 496782,
        "Gross Profit": 163132,
        "Financial expenses": 22154,
        "Of which: Interest expense": 9957,
        "Cost of sales": 18612,
        "Enterprise cost management": 62024,
        "Total Operating Expenses": 102790,
        "Total revenue financing activities": 63597,
        "Net profit from business activities": 123940,
        "Profit": 1414,
        "Profit before tax": 177907,
        "Present corporate income tax expenses": 12684,
        "Deferred income taxes expenses": -11517,
        "The interests of minority shareholders": 2,
        "Total Cost of profits": 1169,
        "Profit after tax corporate income": 176739,
        "Volume": 239640911,
        "Close of Quarter": 10.9,
        "EPS": 2179.9,
        "Non-adjusted EPS": 2775,
        "PE": 3.9,
        "Book Price": 13.8
      }
    },
    {
      "quarter": "Q3 2012",
      "income status": {
        "Net sales": 552031,
        "Cost of goods sold": 403726,
        "Gross Profit": 148305,
        "Financial expenses": 55281,
        "Of which: Interest expense": 9266,
        "Cost of sales": 13136,
        "Enterprise cost management": 30013,
        "Total Operating Expenses": 98430,
        "Total revenue financing activities": 44926,
        "Net profit from business activities": 94800,
        "Profit": 1043,
        "Profit before tax": 95843,
        "Present corporate income tax expenses": 19131,
        "Deferred income taxes expenses": -105,
        "The interests of minority shareholders": 9,
        "Total Cost of profits": 19035,
        "Profit after tax corporate income": 76808,
        "Volume": 231640911,
        "Close of Quarter": 9.7,
        "EPS": 2241.6,
        "Non-adjusted EPS": 2952,
        "PE": 3.3,
        "Book Price": 13.2
      }
    },
    {
      "quarter": "Q2 2012",
      "income status": {
        "Net sales": 674182,
        "Cost of goods sold": 522382,
        "Gross Profit": 151799,
        "Financial expenses": 4503,
        "Of which: Interest expense": 10902,
        "Cost of sales": 12620,
        "Enterprise cost management": 21583,
        "Total Operating Expenses": 38706,
        "Total revenue financing activities": 88691,
        "Net profit from business activities": 201784,
        "Profit": 571,
        "Profit before tax": 196071,
        "Present corporate income tax expenses": 39616,
        "Deferred income taxes expenses": 598,
        "The interests of minority shareholders": 5,
        "Total Cost of profits": 40219,
        "Profit after tax corporate income": 155852,
        "Volume": 231640911,
        "Close of Quarter": 10.4,
        "EPS": 2471.7,
        "Non-adjusted EPS": 3255,
        "PE": 3.2,
        "Book Price": 13.0
      }
    },
    {
      "quarter": "Q1 2012",
      "income status": {
        "Net sales": 509493,
        "Cost of goods sold": 385842,
        "Gross Profit": 123651,
        "Financial expenses": 81461,
        "Of which: Interest expense": 7912,
        "Cost of sales": 7646,
        "Enterprise cost management": 22226,
        "Total Operating Expenses": 111333,
        "Total revenue financing activities": 322571,
        "Net profit from business activities": 334889,
        "Profit": 376,
        "Profit before tax": 335265,
        "Present corporate income tax expenses": 79141,
        "Deferred income taxes expenses": 490,
        "The interests of minority shareholders": 5,
        "Total Cost of profits": 79636,
        "Profit after tax corporate income": 255629,
        "Volume": 231640911,
        "Close of Quarter": 9.2,
        "EPS": 2218.8,
        "Non-adjusted EPS": 2922,
        "PE": 3.1,
        "Book Price": 12.2
      }
    },
    {
      "quarter": "Q4 2011",
      "income status": {
        "Net sales": 512444,
        "Cost of goods sold": 346572,
        "Gross Profit": 165873,
        "Financial expenses": 36956,
        "Of which: Interest expense": 11544,
        "Cost of sales": 21453,
        "Enterprise cost management": 47093,
        "Total Operating Expenses": 105502,
        "Total revenue financing activities": 137186,
        "Net profit from business activities": 197557,
        "Profit": 1916,
        "Profit before tax": 245233,
        "Present corporate income tax expenses": 45612,
        "Deferred income taxes expenses": 4177,
        "The interests of minority shareholders": 6,
        "Total Cost of profits": 49795,
        "Profit after tax corporate income": 195438,
        "Volume": 231640911,
        "Close of Quarter": 6.6,
        "EPS": 1682.7,
        "Non-adjusted EPS": 2216,
        "PE": 3.0,
        "Book Price": 12.7
      }
    },
    {
      "quarter": "Q3 2011",
      "income status": {
        "Net sales": 440148,
        "Cost of goods sold": 304642,
        "Gross Profit": 135506,
        "Financial expenses": 2918,
        "Of which: Interest expense": -2869,
        "Cost of sales": 12576,
        "Enterprise cost management": 30098,
        "Total Operating Expenses": 45592,
        "Total revenue financing activities": 83252,
        "Net profit from business activities": 173166,
        "Profit": 495,
        "Profit before tax": 388562,
        "Present corporate income tax expenses": 27076,
        "Deferred income taxes expenses": -415,
        "The interests of minority shareholders": 7,
        "Total Cost of profits": 26668,
        "Profit after tax corporate income": 146993,
        "Volume": 231640911,
        "Close of Quarter": 6.7,
        "EPS": 1435.9,
        "Non-adjusted EPS": 1891,
        "PE": 3.5,
        "Book Price": 12
      }
    },
    {
      "quarter": "Q2 2011",
      "income status": {
        "Net sales": 455748,
        "Cost of goods sold": 300842,
        "Gross Profit": 154905,
        "Financial expenses": 62950,
        "Of which: Interest expense": 24615,
        "Cost of sales": 14196,
        "Enterprise cost management": 34081,
        "Total Operating Expenses": 111227,
        "Total revenue financing activities": 62429,
        "Net profit from business activities": 106108,
        "Profit": 1782,
        "Profit before tax": 100124,
        "Present corporate income tax expenses": 21200,
        "Deferred income taxes expenses": -475,
        "The interests of minority shareholders": 678,
        "Total Cost of profits": 21403,
        "Profit after tax corporate income": 78721,
        "Volume": 178293289,
        "Close of Quarter": 6.5,
        "EPS": 1170.1,
        "Non-adjusted EPS": 2002,
        "PE": 3.3,
        "Book Price": 9.1
      }
    },
    {
      "quarter": "Q1 2011",
      "income status": {
        "Net sales": 398964,
        "Cost of goods sold": 263091,
        "Gross Profit": 135872,
        "Financial expenses": 48568,
        "Of which: Interest expense": 22769,
        "Cost of sales": 1721,
        "Enterprise cost management": 36039,
        "Total Operating Expenses": 86328,
        "Total revenue financing activities": 63479,
        "Net profit from business activities": 113023,
        "Profit": 1754,
        "Profit before tax": 114777,
        "Present corporate income tax expenses": 22543,
        "Deferred income taxes expenses": -443,
        "The interests of minority shareholders": 590,
        "Total Cost of profits": 22690,
        "Profit after tax corporate income": 92086,
        "Volume": 178293289,
        "Close of Quarter": 7.6,
        "EPS": 1154.3,
        "Non-adjusted EPS": 1975,
        "PE": 3.8,
        "Book Price": 8.8
      }
    }
  ]
}