{
  "ticker": "LAF",
  "data": [
    {
      "quarter": "Q4 2016",
      "income status": {
        "Net sales": 223778,
        "Cost of goods sold": 207000,
        "Gross Profit": 16778,
        "Financial expenses": 4523,
        "Of which: Interest expense": 1280,
        "Cost of sales": 3410,
        "Enterprise cost management": -362,
        "Total Operating Expenses": 7571,
        "Total revenue financing activities": 2512,
        "Net profit from business activities": 11718,
        "Profit": -640,
        "Profit before tax": 11079,
        "Present corporate income tax expenses": "N/A",
        "Deferred income taxes expenses": "N/A",
        "The interests of minority shareholders": "N/A",
        "Total Cost of profits": 0,
        "Profit after tax corporate income": 11079,
        "Volume": 14728019,
        "Close of Quarter": 11.2,
        "EPS": 1683,
        "Non-adjusted EPS": 1683,
        "PE": 6.7,
        "Book Price": 11.9
      }
    },
    {
      "quarter": "Q3 2016",
      "income status": {
        "Net sales": 351082,
        "Cost of goods sold": 322901,
        "Gross Profit": 28181,
        "Financial expenses": 1765,
        "Of which: Interest expense": 1721,
        "Cost of sales": 5583,
        "Enterprise cost management": 11365,
        "Total Operating Expenses": 18713,
        "Total revenue financing activities": 650,
        "Net profit from business activities": 10118,
        "Profit": 107,
        "Profit before tax": 10226,
        "Present corporate income tax expenses": "N/A",
        "Deferred income taxes expenses": "N/A",
        "The interests of minority shareholders": "N/A",
        "Total Cost of profits": 0,
        "Profit after tax corporate income": 10226,
        "Volume": 14728019,
        "Close of Quarter": 10.4,
        "EPS": 2040,
        "Non-adjusted EPS": 2040,
        "PE": 5.1,
        "Book Price": 11.2
      }
    },
    {
      "quarter": "Q2 2016",
      "income status": {
        "Net sales": 140528,
        "Cost of goods sold": 134156,
        "Gross Profit": 6372,
        "Financial expenses": 1513,
        "Of which: Interest expense": 1268,
        "Cost of sales": 3052,
        "Enterprise cost management": 1799,
        "Total Operating Expenses": 6364,
        "Total revenue financing activities": 396,
        "Net profit from business activities": 404,
        "Profit": -61,
        "Profit before tax": 342,
        "Present corporate income tax expenses": "N/A",
        "Deferred income taxes expenses": "N/A",
        "The interests of minority shareholders": "N/A",
        "Total Cost of profits": 0,
        "Profit after tax corporate income": 342,
        "Volume": 14728019,
        "Close of Quarter": 13.4,
        "EPS": 1642,
        "Non-adjusted EPS": 1642,
        "PE": 8.2,
        "Book Price": 10.5
      }
    },
    {
      "quarter": "Q1 2016",
      "income status": {
        "Net sales": 160346,
        "Cost of goods sold": 156351,
        "Gross Profit": 3996,
        "Financial expenses": 907,
        "Of which: Interest expense": 493,
        "Cost of sales": 3199,
        "Enterprise cost management": 2030,
        "Total Operating Expenses": 6136,
        "Total revenue financing activities": 1314,
        "Net profit from business activities": -826,
        "Profit": 5265,
        "Profit before tax": 4439,
        "Present corporate income tax expenses": 1306,
        "Deferred income taxes expenses": "N/A",
        "The interests of minority shareholders": "N/A",
        "Total Cost of profits": 1306,
        "Profit after tax corporate income": 3133,
        "Volume": 14728019,
        "Close of Quarter": 13.5,
        "EPS": 1766,
        "Non-adjusted EPS": 1766,
        "PE": 7.6,
        "Book Price": 10.5
      }
    },
    {
      "quarter": "Q4 2015",
      "income status": {
        "Net sales": 235051,
        "Cost of goods sold": 219829,
        "Gross Profit": 15223,
        "Financial expenses": 5999,
        "Of which: Interest expense": 1344,
        "Cost of sales": 4753,
        "Enterprise cost management": 7422,
        "Total Operating Expenses": 18174,
        "Total revenue financing activities": 18750,
        "Net profit from business activities": 15798,
        "Profit": 520,
        "Profit before tax": 16318,
        "Present corporate income tax expenses": "N/A",
        "Deferred income taxes expenses": -30,
        "The interests of minority shareholders": "N/A",
        "Total Cost of profits": -30,
        "Profit after tax corporate income": 16348,
        "Volume": 14728019,
        "Close of Quarter": 14.7,
        "EPS": 1656,
        "Non-adjusted EPS": 1656,
        "PE": 8.9,
        "Book Price": 10.3
      }
    },
    {
      "quarter": "Q3 2015",
      "income status": {
        "Net sales": 298237,
        "Cost of goods sold": 280906,
        "Gross Profit": 17331,
        "Financial expenses": 5428,
        "Of which: Interest expense": 1764,
        "Cost of sales": 5877,
        "Enterprise cost management": 3071,
        "Total Operating Expenses": 14376,
        "Total revenue financing activities": 2343,
        "Net profit from business activities": 5299,
        "Profit": -937,
        "Profit before tax": 4362,
        "Present corporate income tax expenses": "N/A",
        "Deferred income taxes expenses": "N/A",
        "The interests of minority shareholders": "N/A",
        "Total Cost of profits": 0,
        "Profit after tax corporate income": 4362,
        "Volume": 14728019,
        "Close of Quarter": 13.3,
        "EPS": 607,
        "Non-adjusted EPS": 607,
        "PE": 21.9,
        "Book Price": 9.2
      }
    },
    {
      "quarter": "Q2 2015",
      "income status": {
        "Net sales": 240849,
        "Cost of goods sold": 231293,
        "Gross Profit": 9556,
        "Financial expenses": 3446,
        "Of which: Interest expense": 1441,
        "Cost of sales": 4673,
        "Enterprise cost management": 277,
        "Total Operating Expenses": 8396,
        "Total revenue financing activities": 1014,
        "Net profit from business activities": 2174,
        "Profit": -2,
        "Profit before tax": 2173,
        "Present corporate income tax expenses": "N/A",
        "Deferred income taxes expenses": "N/A",
        "The interests of minority shareholders": "N/A",
        "Total Cost of profits": 0,
        "Profit after tax corporate income": 2173,
        "Volume": 14728019,
        "Close of Quarter": 13,
        "EPS": 903,
        "Non-adjusted EPS": 903,
        "PE": 14.4,
        "Book Price": 8.9
      }
    },
    {
      "quarter": "Q1 2015",
      "income status": {
        "Net sales": 102961,
        "Cost of goods sold": 98792,
        "Gross Profit": 4169,
        "Financial expenses": 927,
        "Of which: Interest expense": 519,
        "Cost of sales": 2942,
        "Enterprise cost management": 2535,
        "Total Operating Expenses": 6404,
        "Total revenue financing activities": 3429,
        "Net profit from business activities": 1195,
        "Profit": 312,
        "Profit before tax": 1507,
        "Present corporate income tax expenses": "N/A",
        "Deferred income taxes expenses": "N/A",
        "The interests of minority shareholders": "N/A",
        "Total Cost of profits": 0,
        "Profit after tax corporate income": 1507,
        "Volume": 14728019,
        "Close of Quarter": 13.9,
        "EPS": 785,
        "Non-adjusted EPS": 785,
        "PE": 17.7,
        "Book Price": 8.7
      }
    },
    {
      "quarter": "Q4 2014",
      "income status": {
        "Net sales": 162608,
        "Cost of goods sold": 151935,
        "Gross Profit": 10673,
        "Financial expenses": 2662,
        "Of which: Interest expense": 899,
        "Cost of sales": 5256,
        "Enterprise cost management": 6495,
        "Total Operating Expenses": 14413,
        "Total revenue financing activities": 4676,
        "Net profit from business activities": 936,
        "Profit": 52,
        "Profit before tax": 988,
        "Present corporate income tax expenses": "N/A",
        "Deferred income taxes expenses": 94,
        "The interests of minority shareholders": "N/A",
        "Total Cost of profits": 94,
        "Profit after tax corporate income": 895,
        "Volume": 14728019,
        "Close of Quarter": 12,
        "EPS": 791,
        "Non-adjusted EPS": 791,
        "PE": 15.2,
        "Book Price": 8.6
      }
    },
    {
      "quarter": "Q3 2014",
      "income status": {
        "Net sales": 272857,
        "Cost of goods sold": 253231,
        "Gross Profit": 19626,
        "Financial expenses": 2288,
        "Of which: Interest expense": 1395,
        "Cost of sales": 6862,
        "Enterprise cost management": 2723,
        "Total Operating Expenses": 11873,
        "Total revenue financing activities": 978,
        "Net profit from business activities": 8731,
        "Profit": -11,
        "Profit before tax": 8719,
        "Present corporate income tax expenses": "N/A",
        "Deferred income taxes expenses": "N/A",
        "The interests of minority shareholders": "N/A",
        "Total Cost of profits": 0,
        "Profit after tax corporate income": 8719,
        "Volume": 14728019,
        "Close of Quarter": 15.3,
        "EPS": 1722,
        "Non-adjusted EPS": 1722,
        "PE": 8.9,
        "Book Price": 8.5
      }
    },
    {
      "quarter": "Q2 2014",
      "income status": {
        "Net sales": 161692,
        "Cost of goods sold": 154096,
        "Gross Profit": 7596,
        "Financial expenses": 2259,
        "Of which: Interest expense": 1340,
        "Cost of sales": 4177,
        "Enterprise cost management": 2062,
        "Total Operating Expenses": 8498,
        "Total revenue financing activities": 1220,
        "Net profit from business activities": 318,
        "Profit": 29,
        "Profit before tax": 347,
        "Present corporate income tax expenses": "N/A",
        "Deferred income taxes expenses": -89,
        "The interests of minority shareholders": "N/A",
        "Total Cost of profits": -89,
        "Profit after tax corporate income": 436,
        "Volume": 14728019,
        "Close of Quarter": 10.8,
        "EPS": 1568,
        "Non-adjusted EPS": 1568,
        "PE": 6.9,
        "Book Price": 8
      }
    },
    {
      "quarter": "Q1 2014",
      "income status": {
        "Net sales": 94285,
        "Cost of goods sold": 88115,
        "Gross Profit": 6170,
        "Financial expenses": 328,
        "Of which: Interest expense": 317,
        "Cost of sales": 2675,
        "Enterprise cost management": 1868,
        "Total Operating Expenses": 4871,
        "Total revenue financing activities": 258,
        "Net profit from business activities": 1557,
        "Profit": 37,
        "Profit before tax": 1594,
        "Present corporate income tax expenses": "N/A",
        "Deferred income taxes expenses": "N/A",
        "The interests of minority shareholders": "N/A",
        "Total Cost of profits": 0,
        "Profit after tax corporate income": 1594,
        "Volume": 14728019,
        "Close of Quarter": 11.8,
        "EPS": 2412,
        "Non-adjusted EPS": 2412,
        "PE": 4.9,
        "Book Price": 7.9
      }
    },
    {
      "quarter": "Q4 2013",
      "income status": {
        "Net sales": 148024,
        "Cost of goods sold": 125148,
        "Gross Profit": 22876,
        "Financial expenses": 803,
        "Of which: Interest expense": 784,
        "Cost of sales": 4843,
        "Enterprise cost management": 7358,
        "Total Operating Expenses": 13004,
        "Total revenue financing activities": 4723,
        "Net profit from business activities": 14595,
        "Profit": 12,
        "Profit before tax": 14607,
        "Present corporate income tax expenses": "N/A",
        "Deferred income taxes expenses": "N/A",
        "The interests of minority shareholders": "N/A",
        "Total Cost of profits": 0,
        "Profit after tax corporate income": 14607,
        "Volume": 14728019,
        "Close of Quarter": 8.1,
        "EPS": 2310,
        "Non-adjusted EPS": 2310,
        "PE": 3.5,
        "Book Price": 7.8
      }
    },
    {
      "quarter": "Q3 2013",
      "income status": {
        "Net sales": 211711,
        "Cost of goods sold": 195555,
        "Gross Profit": 16157,
        "Financial expenses": 1297,
        "Of which: Interest expense": 1281,
        "Cost of sales": 4876,
        "Enterprise cost management": 3765,
        "Total Operating Expenses": 9938,
        "Total revenue financing activities": 374,
        "Net profit from business activities": 6591,
        "Profit": -139,
        "Profit before tax": 6452,
        "Present corporate income tax expenses": "N/A",
        "Deferred income taxes expenses": "N/A",
        "The interests of minority shareholders": "N/A",
        "Total Cost of profits": 0,
        "Profit after tax corporate income": 6452,
        "Volume": 14728019,
        "Close of Quarter": 4.8,
        "EPS": 773,
        "Non-adjusted EPS": 773,
        "PE": 6.2,
        "Book Price": 6.9
      }
    },
    {
      "quarter": "Q2 2013",
      "income status": {
        "Net sales": 80661,
        "Cost of goods sold": 87924,
        "Gross Profit": -7263,
        "Financial expenses": 2896,
        "Of which: Interest expense": 1853,
        "Cost of sales": 2594,
        "Enterprise cost management": 2124,
        "Total Operating Expenses": 7614,
        "Total revenue financing activities": 221,
        "Net profit from business activities": -14657,
        "Profit": 36315,
        "Profit before tax": 21659,
        "Present corporate income tax expenses": 8942,
        "Deferred income taxes expenses": -149,
        "The interests of minority shareholders": "N/A",
        "Total Cost of profits": 8793,
        "Profit after tax corporate income": 12866,
        "Volume": 14728019,
        "Close of Quarter": 5.2,
        "EPS": -996,
        "Non-adjusted EPS": -996,
        "PE": -5.2,
        "Book Price": 6.4
      }
    },
    {
      "quarter": "Q1 2013",
      "income status": {
        "Net sales": 97194,
        "Cost of goods sold": 90164,
        "Gross Profit": 7031,
        "Financial expenses": 1640,
        "Of which: Interest expense": 1639,
        "Cost of sales": 3676,
        "Enterprise cost management": 1676,
        "Total Operating Expenses": 6992,
        "Total revenue financing activities": 81,
        "Net profit from business activities": 119,
        "Profit": -15,
        "Profit before tax": 104,
        "Present corporate income tax expenses": "N/A",
        "Deferred income taxes expenses": "N/A",
        "The interests of minority shareholders": "N/A",
        "Total Cost of profits": 0,
        "Profit after tax corporate income": 104,
        "Volume": 14728019,
        "Close of Quarter": 4.8,
        "EPS": -7925,
        "Non-adjusted EPS": -7925,
        "PE": -0.6,
        "Book Price": 5.5
      }
    },
    {
      "quarter": "Q4 2012",
      "income status": {
        "Net sales": 240234,
        "Cost of goods sold": 239318,
        "Gross Profit": 916,
        "Financial expenses": 4916,
        "Of which: Interest expense": 4824,
        "Cost of sales": 5738,
        "Enterprise cost management": 3763,
        "Total Operating Expenses": 14417,
        "Total revenue financing activities": 4281,
        "Net profit from business activities": -9220,
        "Profit": 1182,
        "Profit before tax": -8038,
        "Present corporate income tax expenses": "N/A",
        "Deferred income taxes expenses": "N/A",
        "The interests of minority shareholders": "N/A",
        "Total Cost of profits": 0,
        "Profit after tax corporate income": -8038,
        "Volume": 14728019,
        "Close of Quarter": 3.9,
        "EPS": -10359,
        "Non-adjusted EPS": -10359,
        "PE": -0.4,
        "Book Price": 5.5
      }
    },
    {
      "quarter": "Q3 2012",
      "income status": {
        "Net sales": 272297,
        "Cost of goods sold": 275308,
        "Gross Profit": -3011,
        "Financial expenses": 9438,
        "Of which: Interest expense": 7748,
        "Cost of sales": 6338,
        "Enterprise cost management": 3242,
        "Total Operating Expenses": 19018,
        "Total revenue financing activities": 2622,
        "Net profit from business activities": -19406,
        "Profit": -199,
        "Profit before tax": -19605,
        "Present corporate income tax expenses": "N/A",
        "Deferred income taxes expenses": "N/A",
        "The interests of minority shareholders": "N/A",
        "Total Cost of profits": 0,
        "Profit after tax corporate income": -19605,
        "Volume": 14728019,
        "Close of Quarter": 6.9,
        "EPS": -12617,
        "Non-adjusted EPS": -12617,
        "PE": -0.6,
        "Book Price": 6.1
      }
    },
    {
      "quarter": "Q2 2012",
      "income status": {
        "Net sales": 195943,
        "Cost of goods sold": 263410,
        "Gross Profit": -67466,
        "Financial expenses": 14636,
        "Of which: Interest expense": 11281,
        "Cost of sales": 5588,
        "Enterprise cost management": 3601,
        "Total Operating Expenses": 23825,
        "Total revenue financing activities": 1400,
        "Net profit from business activities": -89890,
        "Profit": 292,
        "Profit before tax": -89598,
        "Present corporate income tax expenses": -425,
        "Deferred income taxes expenses": "N/A",
        "The interests of minority shareholders": "N/A",
        "Total Cost of profits": -425,
        "Profit after tax corporate income": -89174,
        "Volume": 14728019,
        "Close of Quarter": 11.2,
        "EPS": -10852,
        "Non-adjusted EPS": -10852,
        "PE": -1.0,
        "Book Price": 6.8
      }
    },
    {
      "quarter": "Q1 2012",
      "income status": {
        "Net sales": 197380,
        "Cost of goods sold": 217262,
        "Gross Profit": -19881,
        "Financial expenses": 10213,
        "Of which: Interest expense": 8489,
        "Cost of sales": 4484,
        "Enterprise cost management": 3386,
        "Total Operating Expenses": 18083,
        "Total revenue financing activities": 2118,
        "Net profit from business activities": -35847,
        "Profit": 103,
        "Profit before tax": -35744,
        "Present corporate income tax expenses": "N/A",
        "Deferred income taxes expenses": "N/A",
        "The interests of minority shareholders": "N/A",
        "Total Cost of profits": 0,
        "Profit after tax corporate income": -35744,
        "Volume": 14728019,
        "Close of Quarter": 15.2,
        "EPS": -4246,
        "Non-adjusted EPS": -4246,
        "PE": -3.6,
        "Book Price": 12.8
      }
    },
    {
      "quarter": "Q4 2011",
      "income status": {
        "Net sales": 279002,
        "Cost of goods sold": 327636,
        "Gross Profit": -48635,
        "Financial expenses": 17294,
        "Of which: Interest expense": 15605,
        "Cost of sales": 5212,
        "Enterprise cost management": -7983,
        "Total Operating Expenses": 14523,
        "Total revenue financing activities": 6489,
        "Net profit from business activities": -56670,
        "Profit": 281,
        "Profit before tax": -56389,
        "Present corporate income tax expenses": -15082,
        "Deferred income taxes expenses": "N/A",
        "The interests of minority shareholders": "N/A",
        "Total Cost of profits": -15082,
        "Profit after tax corporate income": -41307,
        "Volume": 14728019,
        "Close of Quarter": 14.4,
        "EPS": 716,
        "Non-adjusted EPS": 716,
        "PE": 20.1,
        "Book Price": 15.8
      }
    },
    {
      "quarter": "Q3 2011",
      "income status": {
        "Net sales": 282839,
        "Cost of goods sold": 250477,
        "Gross Profit": 32362,
        "Financial expenses": 15039,
        "Of which: Interest expense": 14594,
        "Cost of sales": 3686,
        "Enterprise cost management": 6636,
        "Total Operating Expenses": 25361,
        "Total revenue financing activities": 1356,
        "Net profit from business activities": 8357,
        "Profit": -50,
        "Profit before tax": 8306,
        "Present corporate income tax expenses": 1913,
        "Deferred income taxes expenses": "N/A",
        "The interests of minority shareholders": "N/A",
        "Total Cost of profits": 1913,
        "Profit after tax corporate income": 6394,
        "Volume": 14728019,
        "Close of Quarter": 17,
        "EPS": 6462,
        "Non-adjusted EPS": 6462,
        "PE": 2.6,
        "Book Price": 18.8
      }
    },
    {
      "quarter": "Q2 2011",
      "income status": {
        "Net sales": 183484,
        "Cost of goods sold": 162188,
        "Gross Profit": 21296,
        "Financial expenses": 10536,
        "Of which: Interest expense": 7470,
        "Cost of sales": 2917,
        "Enterprise cost management": 7381,
        "Total Operating Expenses": 20834,
        "Total revenue financing activities": 9890,
        "Net profit from business activities": 10352,
        "Profit": 43,
        "Profit before tax": 10395,
        "Present corporate income tax expenses": 2278,
        "Deferred income taxes expenses": "N/A",
        "The interests of minority shareholders": "N/A",
        "Total Cost of profits": 2278,
        "Profit after tax corporate income": 8117,
        "Volume": 13389414,
        "Close of Quarter": 16.1,
        "EPS": 7318.4,
        "Non-adjusted EPS": 8050,
        "PE": 2,
        "Book Price": 18.3
      }
    },
    {
      "quarter": "Q1 2011",
      "income status": {
        "Net sales": 161170,
        "Cost of goods sold": 105421,
        "Gross Profit": 55749,
        "Financial expenses": 1519,
        "Of which: Interest expense": 249,
        "Cost of sales": 2492,
        "Enterprise cost management": 6070,
        "Total Operating Expenses": 10081,
        "Total revenue financing activities": 3997,
        "Net profit from business activities": 49665,
        "Profit": 27,
        "Profit before tax": 49692,
        "Present corporate income tax expenses": 12357,
        "Deferred income taxes expenses": "N/A",
        "The interests of minority shareholders": "N/A",
        "Total Cost of profits": 12357,
        "Profit after tax corporate income": 37335,
        "Volume": 13389414,
        "Close of Quarter": 18.6,
        "EPS": 7385.6,
        "Non-adjusted EPS": 8124,
        "PE": 2.3,
        "Book Price": 18.8
      }
    }
  ]
}