{
  "ticker": "LDP",
  "data": [
    {
      "quarter": "Q4 2016",
      "income status": {
        "Net sales": 126878,
        "Cost of goods sold": 102698,
        "Gross Profit": 24180,
        "Financial expenses": 726,
        "Of which: Interest expense": 726,
        "Cost of sales": 12639,
        "Enterprise cost management": 5494,
        "Total Operating Expenses": 18859,
        "Total revenue financing activities": 91,
        "Net profit from business activities": 5412,
        "Profit": 74,
        "Profit before tax": 5486,
        "Present corporate income tax expenses": 587,
        "Deferred income taxes expenses": "N/A",
        "The interests of minority shareholders": "N/A",
        "Total Cost of profits": 587,
        "Profit after tax corporate income": 4899,
        "Volume": 3399959,
        "Close of Quarter": 32.6,
        "EPS": 2915.5,
        "Non-adjusted EPS": 5831,
        "PE": 5.6,
        "Book Price": 14.2
      }
    },
    {
      "quarter": "Q3 2016",
      "income status": {
        "Net sales": 138867,
        "Cost of goods sold": 120024,
        "Gross Profit": 18843,
        "Financial expenses": 690,
        "Of which: Interest expense": 690,
        "Cost of sales": 8976,
        "Enterprise cost management": 3022,
        "Total Operating Expenses": 12688,
        "Total revenue financing activities": 113,
        "Net profit from business activities": 6268,
        "Profit": 61,
        "Profit before tax": 6329,
        "Present corporate income tax expenses": 720,
        "Deferred income taxes expenses": "N/A",
        "The interests of minority shareholders": "N/A",
        "Total Cost of profits": 720,
        "Profit after tax corporate income": 5609,
        "Volume": 3399959,
        "Close of Quarter": 28.5,
        "EPS": 2900.0,
        "Non-adjusted EPS": 5800,
        "PE": 4.9,
        "Book Price": 13.5
      }
    },
    {
      "quarter": "Q2 2016",
      "income status": {
        "Net sales": 125687,
        "Cost of goods sold": 106461,
        "Gross Profit": 19226,
        "Financial expenses": 751,
        "Of which: Interest expense": 1337,
        "Cost of sales": 9187,
        "Enterprise cost management": 4142,
        "Total Operating Expenses": 14080,
        "Total revenue financing activities": 92,
        "Net profit from business activities": 5238,
        "Profit": 289,
        "Profit before tax": 5527,
        "Present corporate income tax expenses": 720,
        "Deferred income taxes expenses": "N/A",
        "The interests of minority shareholders": "N/A",
        "Total Cost of profits": 720,
        "Profit after tax corporate income": 4807,
        "Volume": 3399959,
        "Close of Quarter": 28.2,
        "EPS": 2773.0,
        "Non-adjusted EPS": 5546,
        "PE": 5.1,
        "Book Price": 12.6
      }
    },
    {
      "quarter": "Q1 2016",
      "income status": {
        "Net sales": 122438,
        "Cost of goods sold": 105441,
        "Gross Profit": 16997,
        "Financial expenses": 591,
        "Of which: Interest expense": 6,
        "Cost of sales": 7529,
        "Enterprise cost management": 4141,
        "Total Operating Expenses": 12261,
        "Total revenue financing activities": 214,
        "Net profit from business activities": 4948,
        "Profit": 98,
        "Profit before tax": 5046,
        "Present corporate income tax expenses": 536,
        "Deferred income taxes expenses": "N/A",
        "The interests of minority shareholders": "N/A",
        "Total Cost of profits": 536,
        "Profit after tax corporate income": 4510,
        "Volume": 3399959,
        "Close of Quarter": 15.9,
        "EPS": 2673.5,
        "Non-adjusted EPS": 5347,
        "PE": 3.0,
        "Book Price": 13.8
      }
    },
    {
      "quarter": "Q4 2015",
      "income status": {
        "Net sales": 130812,
        "Cost of goods sold": 110581,
        "Gross Profit": 20231,
        "Financial expenses": 469,
        "Of which: Interest expense": 469,
        "Cost of sales": 9014,
        "Enterprise cost management": 5581,
        "Total Operating Expenses": 15064,
        "Total revenue financing activities": 76,
        "Net profit from business activities": 5243,
        "Profit": 226,
        "Profit before tax": 5469,
        "Present corporate income tax expenses": 674,
        "Deferred income taxes expenses": "N/A",
        "The interests of minority shareholders": "N/A",
        "Total Cost of profits": 674,
        "Profit after tax corporate income": 4794,
        "Volume": 3399959,
        "Close of Quarter": 17.7,
        "EPS": 2600.5,
        "Non-adjusted EPS": 5201,
        "PE": 3.4,
        "Book Price": 13.2
      }
    },
    {
      "quarter": "Q3 2015",
      "income status": {
        "Net sales": 125701,
        "Cost of goods sold": 109961,
        "Gross Profit": 15740,
        "Financial expenses": 397,
        "Of which: Interest expense": 397,
        "Cost of sales": 6369,
        "Enterprise cost management": 3664,
        "Total Operating Expenses": 10430,
        "Total revenue financing activities": 48,
        "Net profit from business activities": 5358,
        "Profit": 174,
        "Profit before tax": 5532,
        "Present corporate income tax expenses": 788,
        "Deferred income taxes expenses": "N/A",
        "The interests of minority shareholders": "N/A",
        "Total Cost of profits": 788,
        "Profit after tax corporate income": 4744,
        "Volume": 3399959,
        "Close of Quarter": 17.3,
        "EPS": 2508.0,
        "Non-adjusted EPS": 5016,
        "PE": 3.5,
        "Book Price": 12.5
      }
    },
    {
      "quarter": "Q2 2015",
      "income status": {
        "Net sales": 119669,
        "Cost of goods sold": 105291,
        "Gross Profit": 14378,
        "Financial expenses": 434,
        "Of which: Interest expense": 424,
        "Cost of sales": 5833,
        "Enterprise cost management": 3237,
        "Total Operating Expenses": 9504,
        "Total revenue financing activities": 68,
        "Net profit from business activities": 4943,
        "Profit": 282,
        "Profit before tax": 5225,
        "Present corporate income tax expenses": 1092,
        "Deferred income taxes expenses": "N/A",
        "The interests of minority shareholders": "N/A",
        "Total Cost of profits": 1092,
        "Profit after tax corporate income": 4133,
        "Volume": 3399959,
        "Close of Quarter": 21.3,
        "EPS": 2562.5,
        "Non-adjusted EPS": 5125,
        "PE": 4.2,
        "Book Price": 11.8
      }
    },
    {
      "quarter": "Q1 2015",
      "income status": {
        "Net sales": 108097,
        "Cost of goods sold": 94550,
        "Gross Profit": 13547,
        "Financial expenses": 291,
        "Of which: Interest expense": 291,
        "Cost of sales": 5972,
        "Enterprise cost management": 3243,
        "Total Operating Expenses": 9506,
        "Total revenue financing activities": 45,
        "Net profit from business activities": 4087,
        "Profit": 236,
        "Profit before tax": 4324,
        "Present corporate income tax expenses": 313,
        "Deferred income taxes expenses": "N/A",
        "The interests of minority shareholders": "N/A",
        "Total Cost of profits": 313,
        "Profit after tax corporate income": 4011,
        "Volume": 3399959,
        "Close of Quarter": 22.5,
        "EPS": 2720.5,
        "Non-adjusted EPS": 5441,
        "PE": 4.1,
        "Book Price": 13.1
      }
    },
    {
      "quarter": "Q4 2014",
      "income status": {
        "Net sales": 139833,
        "Cost of goods sold": 122974,
        "Gross Profit": 16859,
        "Financial expenses": 317,
        "Of which: Interest expense": 317,
        "Cost of sales": 8046,
        "Enterprise cost management": 3740,
        "Total Operating Expenses": 12103,
        "Total revenue financing activities": 59,
        "Net profit from business activities": 4816,
        "Profit": 758,
        "Profit before tax": 5574,
        "Present corporate income tax expenses": 1407,
        "Deferred income taxes expenses": "N/A",
        "The interests of minority shareholders": "N/A",
        "Total Cost of profits": 1407,
        "Profit after tax corporate income": 4167,
        "Volume": 3399959,
        "Close of Quarter": 19.0,
        "EPS": 2780.0,
        "Non-adjusted EPS": 5560,
        "PE": 3.4,
        "Book Price": 12.5
      }
    },
    {
      "quarter": "Q3 2014",
      "income status": {
        "Net sales": 112922,
        "Cost of goods sold": 98646,
        "Gross Profit": 14276,
        "Financial expenses": 35,
        "Of which: Interest expense": 35,
        "Cost of sales": 5070,
        "Enterprise cost management": 3073,
        "Total Operating Expenses": 8178,
        "Total revenue financing activities": 79,
        "Net profit from business activities": 6177,
        "Profit": 299,
        "Profit before tax": 6476,
        "Present corporate income tax expenses": 1363,
        "Deferred income taxes expenses": "N/A",
        "The interests of minority shareholders": "N/A",
        "Total Cost of profits": 1363,
        "Profit after tax corporate income": 5113,
        "Volume": 3399959,
        "Close of Quarter": 19.4,
        "EPS": 2734.5,
        "Non-adjusted EPS": 5469,
        "PE": 3.6,
        "Book Price": 11.9
      }
    },
    {
      "quarter": "Q2 2014",
      "income status": {
        "Net sales": 115823,
        "Cost of goods sold": 100687,
        "Gross Profit": 15136,
        "Financial expenses": 39,
        "Of which: Interest expense": 39,
        "Cost of sales": 5418,
        "Enterprise cost management": 3360,
        "Total Operating Expenses": 8817,
        "Total revenue financing activities": 82,
        "Net profit from business activities": 6401,
        "Profit": 358,
        "Profit before tax": 6759,
        "Present corporate income tax expenses": 1552,
        "Deferred income taxes expenses": "N/A",
        "The interests of minority shareholders": "N/A",
        "Total Cost of profits": 1552,
        "Profit after tax corporate income": 5207,
        "Volume": 3399959,
        "Close of Quarter": 21.6,
        "EPS": 2756.5,
        "Non-adjusted EPS": 5513,
        "PE": 3.9,
        "Book Price": 11.2
      }
    },
    {
      "quarter": "Q1 2014",
      "income status": {
        "Net sales": 115731,
        "Cost of goods sold": 100018,
        "Gross Profit": 15713,
        "Financial expenses": 50,
        "Of which: Interest expense": 48,
        "Cost of sales": 6429,
        "Enterprise cost management": 3966,
        "Total Operating Expenses": 10445,
        "Total revenue financing activities": 196,
        "Net profit from business activities": 5464,
        "Profit": 200,
        "Profit before tax": 5663,
        "Present corporate income tax expenses": 1246,
        "Deferred income taxes expenses": "N/A",
        "The interests of minority shareholders": "N/A",
        "Total Cost of profits": 1246,
        "Profit after tax corporate income": 4418,
        "Volume": 3399959,
        "Close of Quarter": 20.1,
        "EPS": 2657.0,
        "Non-adjusted EPS": 5314,
        "PE": 3.8,
        "Book Price": 12.2
      }
    },
    {
      "quarter": "Q4 2013",
      "income status": {
        "Net sales": 114828,
        "Cost of goods sold": 99891,
        "Gross Profit": 14937,
        "Financial expenses": 3,
        "Of which: Interest expense": 3,
        "Cost of sales": 6782,
        "Enterprise cost management": 3320,
        "Total Operating Expenses": 10105,
        "Total revenue financing activities": 83,
        "Net profit from business activities": 4915,
        "Profit": 325,
        "Profit before tax": 5240,
        "Present corporate income tax expenses": 1382,
        "Deferred income taxes expenses": "N/A",
        "The interests of minority shareholders": "N/A",
        "Total Cost of profits": 1382,
        "Profit after tax corporate income": 3858,
        "Volume": 3399959,
        "Close of Quarter": 13.8,
        "EPS": 2644.5,
        "Non-adjusted EPS": 5289,
        "PE": 2.6,
        "Book Price": 11.6
      }
    },
    {
      "quarter": "Q3 2013",
      "income status": {
        "Net sales": 122840,
        "Cost of goods sold": 105462,
        "Gross Profit": 17378,
        "Financial expenses": "N/A",
        "Of which: Interest expense": "N/A",
        "Cost of sales": 6748,
        "Enterprise cost management": 4150,
        "Total Operating Expenses": 10898,
        "Total revenue financing activities": 159,
        "Net profit from business activities": 6640,
        "Profit": 376,
        "Profit before tax": 7015,
        "Present corporate income tax expenses": 1754,
        "Deferred income taxes expenses": "N/A",
        "The interests of minority shareholders": "N/A",
        "Total Cost of profits": 1754,
        "Profit after tax corporate income": 5261,
        "Volume": 3399959,
        "Close of Quarter": 14.2,
        "EPS": 2921.0,
        "Non-adjusted EPS": 5842,
        "PE": 2.4,
        "Book Price": 11
      }
    },
    {
      "quarter": "Q2 2013",
      "income status": {
        "Net sales": 110378,
        "Cost of goods sold": 94911,
        "Gross Profit": 15467,
        "Financial expenses": "N/A",
        "Of which: Interest expense": "N/A",
        "Cost of sales": 5799,
        "Enterprise cost management": 3518,
        "Total Operating Expenses": 9317,
        "Total revenue financing activities": 157,
        "Net profit from business activities": 6308,
        "Profit": 25,
        "Profit before tax": 6333,
        "Present corporate income tax expenses": 1801,
        "Deferred income taxes expenses": "N/A",
        "The interests of minority shareholders": "N/A",
        "Total Cost of profits": 1801,
        "Profit after tax corporate income": 4532,
        "Volume": 3399959,
        "Close of Quarter": 14.1,
        "EPS": 3017.0,
        "Non-adjusted EPS": 6034,
        "PE": 2.3,
        "Book Price": 10.3
      }
    },
    {
      "quarter": "Q1 2013",
      "income status": {
        "Net sales": 114848,
        "Cost of goods sold": 100547,
        "Gross Profit": 14301,
        "Financial expenses": "N/A",
        "Of which: Interest expense": "N/A",
        "Cost of sales": 5451,
        "Enterprise cost management": 3545,
        "Total Operating Expenses": 8996,
        "Total revenue financing activities": 214,
        "Net profit from business activities": 5518,
        "Profit": 255,
        "Profit before tax": 5773,
        "Present corporate income tax expenses": 1443,
        "Deferred income taxes expenses": "N/A",
        "The interests of minority shareholders": "N/A",
        "Total Cost of profits": 1443,
        "Profit after tax corporate income": 4330,
        "Volume": 3399959,
        "Close of Quarter": 10.6,
        "EPS": 2953.0,
        "Non-adjusted EPS": 5906,
        "PE": 1.8,
        "Book Price": 11.5
      }
    },
    {
      "quarter": "Q4 2012",
      "income status": {
        "Net sales": 111632,
        "Cost of goods sold": 95570,
        "Gross Profit": 16062,
        "Financial expenses": "N/A",
        "Of which: Interest expense": "N/A",
        "Cost of sales": 6417,
        "Enterprise cost management": 3272,
        "Total Operating Expenses": 9689,
        "Total revenue financing activities": 126,
        "Net profit from business activities": 6499,
        "Profit": 480,
        "Profit before tax": 6979,
        "Present corporate income tax expenses": 1239,
        "Deferred income taxes expenses": "N/A",
        "The interests of minority shareholders": "N/A",
        "Total Cost of profits": 1239,
        "Profit after tax corporate income": 5740,
        "Volume": 3399959,
        "Close of Quarter": 8.8,
        "EPS": 2923.0,
        "Non-adjusted EPS": 5846,
        "PE": 1.5,
        "Book Price": 10.9
      }
    },
    {
      "quarter": "Q3 2012",
      "income status": {
        "Net sales": 102114,
        "Cost of goods sold": 89358,
        "Gross Profit": 12756,
        "Financial expenses": "N/A",
        "Of which: Interest expense": "N/A",
        "Cost of sales": 4786,
        "Enterprise cost management": 2010,
        "Total Operating Expenses": 6796,
        "Total revenue financing activities": 121,
        "Net profit from business activities": 6082,
        "Profit": 74,
        "Profit before tax": 6156,
        "Present corporate income tax expenses": 242,
        "Deferred income taxes expenses": "N/A",
        "The interests of minority shareholders": "N/A",
        "Total Cost of profits": 242,
        "Profit after tax corporate income": 5914,
        "Volume": 2550000,
        "Close of Quarter": 8.3,
        "EPS": 3157.6,
        "Non-adjusted EPS": 8420,
        "PE": 1.0,
        "Book Price": 10.0
      }
    },
    {
      "quarter": "Q2 2012",
      "income status": {
        "Net sales": 107540,
        "Cost of goods sold": 94579,
        "Gross Profit": 12960,
        "Financial expenses": "N/A",
        "Of which: Interest expense": "N/A",
        "Cost of sales": 5209,
        "Enterprise cost management": 2664,
        "Total Operating Expenses": 7873,
        "Total revenue financing activities": 156,
        "Net profit from business activities": 5243,
        "Profit": 271,
        "Profit before tax": 5514,
        "Present corporate income tax expenses": 1418,
        "Deferred income taxes expenses": "N/A",
        "The interests of minority shareholders": "N/A",
        "Total Cost of profits": 1418,
        "Profit after tax corporate income": 4096,
        "Volume": 2550000,
        "Close of Quarter": 8.1,
        "EPS": 3174.1,
        "Non-adjusted EPS": 8464,
        "PE": 1.0,
        "Book Price": 9.1
      }
    },
    {
      "quarter": "Q1 2012",
      "income status": {
        "Net sales": 101564,
        "Cost of goods sold": 87561,
        "Gross Profit": 14003,
        "Financial expenses": 80,
        "Of which: Interest expense": 80,
        "Cost of sales": 4709,
        "Enterprise cost management": 4083,
        "Total Operating Expenses": 8872,
        "Total revenue financing activities": 142,
        "Net profit from business activities": 5272,
        "Profit": 220,
        "Profit before tax": 5493,
        "Present corporate income tax expenses": 1366,
        "Deferred income taxes expenses": "N/A",
        "The interests of minority shareholders": "N/A",
        "Total Cost of profits": 1366,
        "Profit after tax corporate income": 4127,
        "Volume": 2550000,
        "Close of Quarter": 7.9,
        "EPS": 3271.9,
        "Non-adjusted EPS": 8725,
        "PE": 0.9,
        "Book Price": 10.4
      }
    },
    {
      "quarter": "Q4 2011",
      "income status": {
        "Net sales": 102693,
        "Cost of goods sold": 83400,
        "Gross Profit": 19293,
        "Financial expenses": 21,
        "Of which: Interest expense": 21,
        "Cost of sales": 5750,
        "Enterprise cost management": 4136,
        "Total Operating Expenses": 9907,
        "Total revenue financing activities": 86,
        "Net profit from business activities": 9471,
        "Profit": 307,
        "Profit before tax": 9778,
        "Present corporate income tax expenses": 2444,
        "Deferred income taxes expenses": "N/A",
        "The interests of minority shareholders": "N/A",
        "Total Cost of profits": 2444,
        "Profit after tax corporate income": 7333,
        "Volume": 2550000,
        "Close of Quarter": 4.6,
        "EPS": 3112.2,
        "Non-adjusted EPS": 8299,
        "PE": 0.6,
        "Book Price": 9.6
      }
    },
    {
      "quarter": "Q3 2011",
      "income status": {
        "Net sales": 92961,
        "Cost of goods sold": 79591,
        "Gross Profit": 13371,
        "Financial expenses": 141,
        "Of which: Interest expense": 141,
        "Cost of sales": 4366,
        "Enterprise cost management": 1334,
        "Total Operating Expenses": 5841,
        "Total revenue financing activities": 102,
        "Net profit from business activities": 7631,
        "Profit": 403,
        "Profit before tax": 8034,
        "Present corporate income tax expenses": 2009,
        "Deferred income taxes expenses": "N/A",
        "The interests of minority shareholders": "N/A",
        "Total Cost of profits": 2009,
        "Profit after tax corporate income": 6026,
        "Volume": 2550000,
        "Close of Quarter": 5.3,
        "EPS": 3072.8,
        "Non-adjusted EPS": 8194,
        "PE": 0.6,
        "Book Price": 8.6
      }
    },
    {
      "quarter": "Q2 2011",
      "income status": {
        "Net sales": 85957,
        "Cost of goods sold": 73543,
        "Gross Profit": 12415,
        "Financial expenses": 93,
        "Of which: Interest expense": 93,
        "Cost of sales": 4860,
        "Enterprise cost management": 1422,
        "Total Operating Expenses": 6375,
        "Total revenue financing activities": 57,
        "Net profit from business activities": 6097,
        "Profit": 241,
        "Profit before tax": 6338,
        "Present corporate income tax expenses": 1576,
        "Deferred income taxes expenses": "N/A",
        "The interests of minority shareholders": "N/A",
        "Total Cost of profits": 1576,
        "Profit after tax corporate income": 4762,
        "Volume": 1700000,
        "Close of Quarter": 5.0,
        "EPS": 2955.6,
        "Non-adjusted EPS": 11822,
        "PE": 0.4,
        "Book Price": 6.4
      }
    },
    {
      "quarter": "Q1 2011",
      "income status": {
        "Net sales": 71405,
        "Cost of goods sold": 60763,
        "Gross Profit": 10643,
        "Financial expenses": 81,
        "Of which: Interest expense": 81,
        "Cost of sales": 3390,
        "Enterprise cost management": 3394,
        "Total Operating Expenses": 6865,
        "Total revenue financing activities": 200,
        "Net profit from business activities": 3977,
        "Profit": 79,
        "Profit before tax": 4056,
        "Present corporate income tax expenses": 1014,
        "Deferred income taxes expenses": "N/A",
        "The interests of minority shareholders": "N/A",
        "Total Cost of profits": 1014,
        "Profit after tax corporate income": 3042,
        "Volume": 1700000,
        "Close of Quarter": 5.5,
        "EPS": 2735.6,
        "Non-adjusted EPS": 10942,
        "PE": 0.5,
        "Book Price": 7.9
      }
    }
  ]
}