{
  "ticker": "GTA",
  "data": [
    {
      "quarter": "Q4 2016",
      "income status": {
        "Net sales": 121915,
        "Cost of goods sold": 112305,
        "Gross Profit": 9610,
        "Financial expenses": 2562,
        "Of which: Interest expense": 2596,
        "Cost of sales": 2598,
        "Enterprise cost management": 4583,
        "Total Operating Expenses": 9743,
        "Total revenue financing activities": 4985,
        "Net profit from business activities": 4852,
        "Profit": 125,
        "Profit before tax": 4977,
        "Present corporate income tax expenses": 1030,
        "Deferred income taxes expenses": "N/A",
        "The interests of minority shareholders": "N/A",
        "Total Cost of profits": 1030,
        "Profit after tax corporate income": 3947,
        "Volume": 9830000,
        "Close of Quarter": 12.1,
        "EPS": 1479,
        "Non-adjusted EPS": 1479,
        "PE": 8.2,
        "Book Price": 16.6
      }
    },
    {
      "quarter": "Q3 2016",
      "income status": {
        "Net sales": 126159,
        "Cost of goods sold": 115800,
        "Gross Profit": 10359,
        "Financial expenses": 1907,
        "Of which: Interest expense": 1890,
        "Cost of sales": 2405,
        "Enterprise cost management": 4471,
        "Total Operating Expenses": 8783,
        "Total revenue financing activities": 3353,
        "Net profit from business activities": 4929,
        "Profit": 140,
        "Profit before tax": 5069,
        "Present corporate income tax expenses": 1028,
        "Deferred income taxes expenses": "N/A",
        "The interests of minority shareholders": "N/A",
        "Total Cost of profits": 1028,
        "Profit after tax corporate income": 4041,
        "Volume": 9830000,
        "Close of Quarter": 12.1,
        "EPS": 1367,
        "Non-adjusted EPS": 1367,
        "PE": 8.9,
        "Book Price": 16.2
      }
    },
    {
      "quarter": "Q2 2016",
      "income status": {
        "Net sales": 124411,
        "Cost of goods sold": 114978,
        "Gross Profit": 9433,
        "Financial expenses": 1662,
        "Of which: Interest expense": 1656,
        "Cost of sales": 1950,
        "Enterprise cost management": 4778,
        "Total Operating Expenses": 8390,
        "Total revenue financing activities": 3147,
        "Net profit from business activities": 4189,
        "Profit": 140,
        "Profit before tax": 4329,
        "Present corporate income tax expenses": 880,
        "Deferred income taxes expenses": "N/A",
        "The interests of minority shareholders": "N/A",
        "Total Cost of profits": 880,
        "Profit after tax corporate income": 3449,
        "Volume": 9830000,
        "Close of Quarter": 15.1,
        "EPS": 1357,
        "Non-adjusted EPS": 1357,
        "PE": 11.1,
        "Book Price": 15.8
      }
    },
    {
      "quarter": "Q1 2016",
      "income status": {
        "Net sales": 117728,
        "Cost of goods sold": 108542,
        "Gross Profit": 9186,
        "Financial expenses": 1252,
        "Of which: Interest expense": 1040,
        "Cost of sales": 1734,
        "Enterprise cost management": 4146,
        "Total Operating Expenses": 7132,
        "Total revenue financing activities": 1634,
        "Net profit from business activities": 3688,
        "Profit": 212,
        "Profit before tax": 3900,
        "Present corporate income tax expenses": 794,
        "Deferred income taxes expenses": "N/A",
        "The interests of minority shareholders": "N/A",
        "Total Cost of profits": 794,
        "Profit after tax corporate income": 3106,
        "Volume": 9830000,
        "Close of Quarter": 16.1,
        "EPS": 1398,
        "Non-adjusted EPS": 1398,
        "PE": 11.5,
        "Book Price": 15.4
      }
    },
    {
      "quarter": "Q4 2015",
      "income status": {
        "Net sales": 95407,
        "Cost of goods sold": 87669,
        "Gross Profit": 7738,
        "Financial expenses": 619,
        "Of which: Interest expense": 261,
        "Cost of sales": 1731,
        "Enterprise cost management": 4155,
        "Total Operating Expenses": 6505,
        "Total revenue financing activities": 2228,
        "Net profit from business activities": 3462,
        "Profit": 158,
        "Profit before tax": 3619,
        "Present corporate income tax expenses": 781,
        "Deferred income taxes expenses": "N/A",
        "The interests of minority shareholders": "N/A",
        "Total Cost of profits": 781,
        "Profit after tax corporate income": 2839,
        "Volume": 9830000,
        "Close of Quarter": 14.3,
        "EPS": 1408,
        "Non-adjusted EPS": 1408,
        "PE": 10.2,
        "Book Price": 16.4
      }
    },
    {
      "quarter": "Q3 2015",
      "income status": {
        "Net sales": 149157,
        "Cost of goods sold": 138864,
        "Gross Profit": 10293,
        "Financial expenses": "N/A",
        "Of which: Interest expense": "N/A",
        "Cost of sales": 1722,
        "Enterprise cost management": 4253,
        "Total Operating Expenses": 5975,
        "Total revenue financing activities": 613,
        "Net profit from business activities": 4930,
        "Profit": 150,
        "Profit before tax": 5080,
        "Present corporate income tax expenses": 1132,
        "Deferred income taxes expenses": "N/A",
        "The interests of minority shareholders": "N/A",
        "Total Cost of profits": 1132,
        "Profit after tax corporate income": 3948,
        "Volume": 9830000,
        "Close of Quarter": 15.2,
        "EPS": 1434,
        "Non-adjusted EPS": 1434,
        "PE": 10.6,
        "Book Price": 16.2
      }
    },
    {
      "quarter": "Q2 2015",
      "income status": {
        "Net sales": 132564,
        "Cost of goods sold": 122855,
        "Gross Profit": 9708,
        "Financial expenses": "N/A",
        "Of which: Interest expense": "N/A",
        "Cost of sales": 1477,
        "Enterprise cost management": 3834,
        "Total Operating Expenses": 5311,
        "Total revenue financing activities": 410,
        "Net profit from business activities": 4807,
        "Profit": 146,
        "Profit before tax": 4953,
        "Present corporate income tax expenses": 1107,
        "Deferred income taxes expenses": "N/A",
        "The interests of minority shareholders": "N/A",
        "Total Cost of profits": 1107,
        "Profit after tax corporate income": 3846,
        "Volume": 9830000,
        "Close of Quarter": 15.1,
        "EPS": 1375,
        "Non-adjusted EPS": 1375,
        "PE": 11.0,
        "Book Price": 15.8
      }
    },
    {
      "quarter": "Q1 2015",
      "income status": {
        "Net sales": 108230,
        "Cost of goods sold": 100055,
        "Gross Profit": 8175,
        "Financial expenses": 1,
        "Of which: Interest expense": "N/A",
        "Cost of sales": 1351,
        "Enterprise cost management": 3219,
        "Total Operating Expenses": 4571,
        "Total revenue financing activities": 405,
        "Net profit from business activities": 4009,
        "Profit": 127,
        "Profit before tax": 4135,
        "Present corporate income tax expenses": 927,
        "Deferred income taxes expenses": "N/A",
        "The interests of minority shareholders": "N/A",
        "Total Cost of profits": 927,
        "Profit after tax corporate income": 3208,
        "Volume": 9830000,
        "Close of Quarter": 12.9,
        "EPS": 1376,
        "Non-adjusted EPS": 1376,
        "PE": 9.3,
        "Book Price": 15.4
      }
    },
    {
      "quarter": "Q4 2014",
      "income status": {
        "Net sales": 100911,
        "Cost of goods sold": 92264,
        "Gross Profit": 8647,
        "Financial expenses": 14,
        "Of which: Interest expense": "N/A",
        "Cost of sales": 2100,
        "Enterprise cost management": 3897,
        "Total Operating Expenses": 6011,
        "Total revenue financing activities": 1213,
        "Net profit from business activities": 3848,
        "Profit": 207,
        "Profit before tax": 4056,
        "Present corporate income tax expenses": 958,
        "Deferred income taxes expenses": "N/A",
        "The interests of minority shareholders": "N/A",
        "Total Cost of profits": 958,
        "Profit after tax corporate income": 3097,
        "Volume": 9830000,
        "Close of Quarter": 13.4,
        "EPS": 1322,
        "Non-adjusted EPS": 1322,
        "PE": 10.1,
        "Book Price": 16.3
      }
    },
    {
      "quarter": "Q3 2014",
      "income status": {
        "Net sales": 130450,
        "Cost of goods sold": 121379,
        "Gross Profit": 9070,
        "Financial expenses": 76,
        "Of which: Interest expense": "N/A",
        "Cost of sales": 1753,
        "Enterprise cost management": 3482,
        "Total Operating Expenses": 5311,
        "Total revenue financing activities": 588,
        "Net profit from business activities": 4347,
        "Profit": -10,
        "Profit before tax": 4338,
        "Present corporate income tax expenses": 973,
        "Deferred income taxes expenses": "N/A",
        "The interests of minority shareholders": "N/A",
        "Total Cost of profits": 973,
        "Profit after tax corporate income": 3365,
        "Volume": 9830000,
        "Close of Quarter": 9.9,
        "EPS": 1474,
        "Non-adjusted EPS": 1474,
        "PE": 6.7,
        "Book Price": 16
      }
    },
    {
      "quarter": "Q2 2014",
      "income status": {
        "Net sales": 115821,
        "Cost of goods sold": 105635,
        "Gross Profit": 10186,
        "Financial expenses": "N/A",
        "Of which: Interest expense": "N/A",
        "Cost of sales": 1739,
        "Enterprise cost management": 3917,
        "Total Operating Expenses": 5656,
        "Total revenue financing activities": 394,
        "Net profit from business activities": 4923,
        "Profit": 36,
        "Profit before tax": 4959,
        "Present corporate income tax expenses": 1103,
        "Deferred income taxes expenses": "N/A",
        "The interests of minority shareholders": "N/A",
        "Total Cost of profits": 1103,
        "Profit after tax corporate income": 3857,
        "Volume": 9830000,
        "Close of Quarter": 8.7,
        "EPS": 1412,
        "Non-adjusted EPS": 1412,
        "PE": 6.2,
        "Book Price": 15.6
      }
    },
    {
      "quarter": "Q1 2014",
      "income status": {
        "Net sales": 121336,
        "Cost of goods sold": 113771,
        "Gross Profit": 7565,
        "Financial expenses": 894,
        "Of which: Interest expense": 893,
        "Cost of sales": 1120,
        "Enterprise cost management": 3493,
        "Total Operating Expenses": 5507,
        "Total revenue financing activities": 1331,
        "Net profit from business activities": 3389,
        "Profit": 80,
        "Profit before tax": 3469,
        "Present corporate income tax expenses": 789,
        "Deferred income taxes expenses": "N/A",
        "The interests of minority shareholders": "N/A",
        "Total Cost of profits": 789,
        "Profit after tax corporate income": 2680,
        "Volume": 9830000,
        "Close of Quarter": 8.9,
        "EPS": 1219,
        "Non-adjusted EPS": 1219,
        "PE": 7.3,
        "Book Price": 15.2
      }
    },
    {
      "quarter": "Q4 2013",
      "income status": {
        "Net sales": 129838,
        "Cost of goods sold": 120180,
        "Gross Profit": 9658,
        "Financial expenses": 336,
        "Of which: Interest expense": 307,
        "Cost of sales": 1292,
        "Enterprise cost management": 3897,
        "Total Operating Expenses": 5525,
        "Total revenue financing activities": 1440,
        "Net profit from business activities": 5573,
        "Profit": 598,
        "Profit before tax": 6171,
        "Present corporate income tax expenses": 1588,
        "Deferred income taxes expenses": "N/A",
        "The interests of minority shareholders": "N/A",
        "Total Cost of profits": 1588,
        "Profit after tax corporate income": 4583,
        "Volume": 9830000,
        "Close of Quarter": 8.4,
        "EPS": 1191,
        "Non-adjusted EPS": 1191,
        "PE": 7.1,
        "Book Price": 16.1
      }
    },
    {
      "quarter": "Q3 2013",
      "income status": {
        "Net sales": 130810,
        "Cost of goods sold": 122485,
        "Gross Profit": 8326,
        "Financial expenses": "N/A",
        "Of which: Interest expense": "N/A",
        "Cost of sales": 1115,
        "Enterprise cost management": 4034,
        "Total Operating Expenses": 5149,
        "Total revenue financing activities": 363,
        "Net profit from business activities": 3540,
        "Profit": 173,
        "Profit before tax": 3713,
        "Present corporate income tax expenses": 951,
        "Deferred income taxes expenses": "N/A",
        "The interests of minority shareholders": "N/A",
        "Total Cost of profits": 951,
        "Profit after tax corporate income": 2762,
        "Volume": 9830000,
        "Close of Quarter": 5.5,
        "EPS": 1052,
        "Non-adjusted EPS": 1052,
        "PE": 5.3,
        "Book Price": 15.7
      }
    },
    {
      "quarter": "Q2 2013",
      "income status": {
        "Net sales": 115371,
        "Cost of goods sold": 108559,
        "Gross Profit": 6812,
        "Financial expenses": 4,
        "Of which: Interest expense": "N/A",
        "Cost of sales": 1000,
        "Enterprise cost management": 3899,
        "Total Operating Expenses": 4903,
        "Total revenue financing activities": 693,
        "Net profit from business activities": 2602,
        "Profit": 35,
        "Profit before tax": 2637,
        "Present corporate income tax expenses": 676,
        "Deferred income taxes expenses": "N/A",
        "The interests of minority shareholders": "N/A",
        "Total Cost of profits": 676,
        "Profit after tax corporate income": 1961,
        "Volume": 9830000,
        "Close of Quarter": 6.2,
        "EPS": 1028,
        "Non-adjusted EPS": 1028,
        "PE": 6.1,
        "Book Price": 15.4
      }
    },
    {
      "quarter": "Q1 2013",
      "income status": {
        "Net sales": 94831,
        "Cost of goods sold": 88537,
        "Gross Profit": 6295,
        "Financial expenses": 1,
        "Of which: Interest expense": "N/A",
        "Cost of sales": 637,
        "Enterprise cost management": 3175,
        "Total Operating Expenses": 3813,
        "Total revenue financing activities": 679,
        "Net profit from business activities": 3161,
        "Profit": 65,
        "Profit before tax": 3227,
        "Present corporate income tax expenses": 821,
        "Deferred income taxes expenses": "N/A",
        "The interests of minority shareholders": "N/A",
        "Total Cost of profits": 821,
        "Profit after tax corporate income": 2405,
        "Volume": 9830000,
        "Close of Quarter": 5.6,
        "EPS": 1158,
        "Non-adjusted EPS": 1158,
        "PE": 4.8,
        "Book Price": 16.3
      }
    },
    {
      "quarter": "Q4 2012",
      "income status": {
        "Net sales": 126167,
        "Cost of goods sold": 119218,
        "Gross Profit": 6949,
        "Financial expenses": 13,
        "Of which: Interest expense": "N/A",
        "Cost of sales": 665,
        "Enterprise cost management": 3938,
        "Total Operating Expenses": 4616,
        "Total revenue financing activities": 878,
        "Net profit from business activities": 3211,
        "Profit": -206,
        "Profit before tax": 3005,
        "Present corporate income tax expenses": -205,
        "Deferred income taxes expenses": "N/A",
        "The interests of minority shareholders": "N/A",
        "Total Cost of profits": -205,
        "Profit after tax corporate income": 3211,
        "Volume": 9830000,
        "Close of Quarter": 4.9,
        "EPS": 1259,
        "Non-adjusted EPS": 1259,
        "PE": 3.9,
        "Book Price": 16.1
      }
    },
    {
      "quarter": "Q3 2012",
      "income status": {
        "Net sales": 160766,
        "Cost of goods sold": 153569,
        "Gross Profit": 7197,
        "Financial expenses": 33,
        "Of which: Interest expense": "N/A",
        "Cost of sales": 474,
        "Enterprise cost management": 3950,
        "Total Operating Expenses": 4457,
        "Total revenue financing activities": 637,
        "Net profit from business activities": 3376,
        "Profit": 25,
        "Profit before tax": 3402,
        "Present corporate income tax expenses": 868,
        "Deferred income taxes expenses": "N/A",
        "The interests of minority shareholders": "N/A",
        "Total Cost of profits": 868,
        "Profit after tax corporate income": 2533,
        "Volume": 9830000,
        "Close of Quarter": 5.1,
        "EPS": 1177,
        "Non-adjusted EPS": 1177,
        "PE": 4.3,
        "Book Price": 15.8
      }
    },
    {
      "quarter": "Q2 2012",
      "income status": {
        "Net sales": 143034,
        "Cost of goods sold": 134140,
        "Gross Profit": 8894,
        "Financial expenses": 1,
        "Of which: Interest expense": "N/A",
        "Cost of sales": 1453,
        "Enterprise cost management": 3864,
        "Total Operating Expenses": 5318,
        "Total revenue financing activities": 969,
        "Net profit from business activities": 4546,
        "Profit": 69,
        "Profit before tax": 4615,
        "Present corporate income tax expenses": 1383,
        "Deferred income taxes expenses": "N/A",
        "The interests of minority shareholders": "N/A",
        "Total Cost of profits": 1383,
        "Profit after tax corporate income": 3232,
        "Volume": 9830000,
        "Close of Quarter": 5.4,
        "EPS": 1110,
        "Non-adjusted EPS": 1110,
        "PE": 4.9,
        "Book Price": 15.5
      }
    },
    {
      "quarter": "Q1 2012",
      "income status": {
        "Net sales": 102939,
        "Cost of goods sold": 93956,
        "Gross Profit": 8983,
        "Financial expenses": 99,
        "Of which: Interest expense": "N/A",
        "Cost of sales": 1535,
        "Enterprise cost management": 3623,
        "Total Operating Expenses": 5257,
        "Total revenue financing activities": 466,
        "Net profit from business activities": 4193,
        "Profit": 410,
        "Profit before tax": 4603,
        "Present corporate income tax expenses": 1200,
        "Deferred income taxes expenses": "N/A",
        "The interests of minority shareholders": "N/A",
        "Total Cost of profits": 1200,
        "Profit after tax corporate income": 3402,
        "Volume": 9830000,
        "Close of Quarter": 4.9,
        "EPS": 1173,
        "Non-adjusted EPS": 1173,
        "PE": 4.2,
        "Book Price": 16.2
      }
    },
    {
      "quarter": "Q4 2011",
      "income status": {
        "Net sales": 65951,
        "Cost of goods sold": 60349,
        "Gross Profit": 5602,
        "Financial expenses": 61,
        "Of which: Interest expense": 41,
        "Cost of sales": 2117,
        "Enterprise cost management": 3093,
        "Total Operating Expenses": 5271,
        "Total revenue financing activities": 2007,
        "Net profit from business activities": 2338,
        "Profit": 22,
        "Profit before tax": 2360,
        "Present corporate income tax expenses": -38,
        "Deferred income taxes expenses": "N/A",
        "The interests of minority shareholders": "N/A",
        "Total Cost of profits": -38,
        "Profit after tax corporate income": 2398,
        "Volume": 9830000,
        "Close of Quarter": 4,
        "EPS": 1172,
        "Non-adjusted EPS": 1172,
        "PE": 3.4,
        "Book Price": 15.9
      }
    },
    {
      "quarter": "Q3 2011",
      "income status": {
        "Net sales": 114040,
        "Cost of goods sold": 105421,
        "Gross Profit": 8619,
        "Financial expenses": 828,
        "Of which: Interest expense": 233,
        "Cost of sales": 4153,
        "Enterprise cost management": 3681,
        "Total Operating Expenses": 8662,
        "Total revenue financing activities": 2471,
        "Net profit from business activities": 2429,
        "Profit": 50,
        "Profit before tax": 2478,
        "Present corporate income tax expenses": 597,
        "Deferred income taxes expenses": "N/A",
        "The interests of minority shareholders": "N/A",
        "Total Cost of profits": 597,
        "Profit after tax corporate income": 1881,
        "Volume": 9830000,
        "Close of Quarter": 5.1,
        "EPS": 1216,
        "Non-adjusted EPS": 1216,
        "PE": 4.2,
        "Book Price": 15.6
      }
    },
    {
      "quarter": "Q2 2011",
      "income status": {
        "Net sales": 155195,
        "Cost of goods sold": 145522,
        "Gross Profit": 9673,
        "Financial expenses": 256,
        "Of which: Interest expense": "N/A",
        "Cost of sales": 1630,
        "Enterprise cost management": 4074,
        "Total Operating Expenses": 5960,
        "Total revenue financing activities": 1193,
        "Net profit from business activities": 4906,
        "Profit": 44,
        "Profit before tax": 4951,
        "Present corporate income tax expenses": 1099,
        "Deferred income taxes expenses": "N/A",
        "The interests of minority shareholders": "N/A",
        "Total Cost of profits": 1099,
        "Profit after tax corporate income": 3852,
        "Volume": 9830000,
        "Close of Quarter": 5.0,
        "EPS": 1340,
        "Non-adjusted EPS": 1340,
        "PE": 3.7,
        "Book Price": 15.4
      }
    },
    {
      "quarter": "Q1 2011",
      "income status": {
        "Net sales": 117194,
        "Cost of goods sold": 113985,
        "Gross Profit": 3209,
        "Financial expenses": 34,
        "Of which: Interest expense": "N/A",
        "Cost of sales": 860,
        "Enterprise cost management": 3262,
        "Total Operating Expenses": 4156,
        "Total revenue financing activities": 4881,
        "Net profit from business activities": 3934,
        "Profit": 325,
        "Profit before tax": 4259,
        "Present corporate income tax expenses": 866,
        "Deferred income taxes expenses": "N/A",
        "The interests of minority shareholders": "N/A",
        "Total Cost of profits": 866,
        "Profit after tax corporate income": 3393,
        "Volume": 10130000,
        "Close of Quarter": 4.5,
        "EPS": 1311.9,
        "Non-adjusted EPS": 1273,
        "PE": 3.5,
        "Book Price": 16.3
      }
    }
  ]
}