{
  "ticker": "KSB",
  "data": [
    {
      "quarter": "Q4 2016",
      "income status": {
        "Net sales": 208366,
        "Cost of goods sold": 127205,
        "Gross Profit": 81161,
        "Financial expenses": -303,
        "Of which: Interest expense": "N/A",
        "Cost of sales": 13198,
        "Enterprise cost management": 7501,
        "Total Operating Expenses": 20396,
        "Total revenue financing activities": 3965,
        "Net profit from business activities": 64730,
        "Profit": 336,
        "Profit before tax": 65066,
        "Present corporate income tax expenses": 13171,
        "Deferred income taxes expenses": -59,
        "The interests of minority shareholders": "N/A",
        "Total Cost of profits": 13112,
        "Profit after tax corporate income": 51955,
        "Volume": 23400000,
        "Close of Quarter": 32.7,
        "EPS": 8796,
        "Non-adjusted EPS": 8796,
        "PE": 3.7,
        "Book Price": 26.1
      }
    },
    {
      "quarter": "Q3 2016",
      "income status": {
        "Net sales": 236771,
        "Cost of goods sold": 135067,
        "Gross Profit": 101704,
        "Financial expenses": "N/A",
        "Of which: Interest expense": "N/A",
        "Cost of sales": 15602,
        "Enterprise cost management": 8932,
        "Total Operating Expenses": 24534,
        "Total revenue financing activities": 2773,
        "Net profit from business activities": 79943,
        "Profit": 235,
        "Profit before tax": 80177,
        "Present corporate income tax expenses": 18816,
        "Deferred income taxes expenses": -2625,
        "The interests of minority shareholders": "N/A",
        "Total Cost of profits": 16191,
        "Profit after tax corporate income": 63986,
        "Volume": 23400000,
        "Close of Quarter": 35.8,
        "EPS": 7811,
        "Non-adjusted EPS": 7811,
        "PE": 4.6,
        "Book Price": 25.1
      }
    },
    {
      "quarter": "Q2 2016",
      "income status": {
        "Net sales": 224529,
        "Cost of goods sold": 131988,
        "Gross Profit": 92541,
        "Financial expenses": -40,
        "Of which: Interest expense": "N/A",
        "Cost of sales": 16648,
        "Enterprise cost management": 7201,
        "Total Operating Expenses": 23809,
        "Total revenue financing activities": 271,
        "Net profit from business activities": 69004,
        "Profit": 1983,
        "Profit before tax": 70987,
        "Present corporate income tax expenses": 14420,
        "Deferred income taxes expenses": -36,
        "The interests of minority shareholders": "N/A",
        "Total Cost of profits": 14384,
        "Profit after tax corporate income": 56602,
        "Volume": 23400000,
        "Close of Quarter": 35.9,
        "EPS": 6436,
        "Non-adjusted EPS": 6436,
        "PE": 5.6,
        "Book Price": 24.2
      }
    },
    {
      "quarter": "Q1 2016",
      "income status": {
        "Net sales": 180137,
        "Cost of goods sold": 112431,
        "Gross Profit": 67706,
        "Financial expenses": 558,
        "Of which: Interest expense": "N/A",
        "Cost of sales": 15445,
        "Enterprise cost management": 10802,
        "Total Operating Expenses": 26805,
        "Total revenue financing activities": 201,
        "Net profit from business activities": 41102,
        "Profit": 955,
        "Profit before tax": 42057,
        "Present corporate income tax expenses": 10432,
        "Deferred income taxes expenses": -1647,
        "The interests of minority shareholders": "N/A",
        "Total Cost of profits": 8785,
        "Profit after tax corporate income": 33273,
        "Volume": 23400000,
        "Close of Quarter": 19.9,
        "EPS": 5609,
        "Non-adjusted EPS": 5609,
        "PE": 3.6,
        "Book Price": 23.6
      }
    },
    {
      "quarter": "Q4 2015",
      "income status": {
        "Net sales": 189741,
        "Cost of goods sold": 125407,
        "Gross Profit": 64334,
        "Financial expenses": "N/A",
        "Of which: Interest expense": "N/A",
        "Cost of sales": 13377,
        "Enterprise cost management": 12704,
        "Total Operating Expenses": 26081,
        "Total revenue financing activities": 446,
        "Net profit from business activities": 38698,
        "Profit": -874,
        "Profit before tax": 37825,
        "Present corporate income tax expenses": 8956,
        "Deferred income taxes expenses": -39,
        "The interests of minority shareholders": "N/A",
        "Total Cost of profits": 8917,
        "Profit after tax corporate income": 28908,
        "Volume": 23400000,
        "Close of Quarter": 16.8,
        "EPS": 5361,
        "Non-adjusted EPS": 5361,
        "PE": 3.1,
        "Book Price": 22.4
      }
    },
    {
      "quarter": "Q3 2015",
      "income status": {
        "Net sales": 184624,
        "Cost of goods sold": 120111,
        "Gross Profit": 64513,
        "Financial expenses": "N/A",
        "Of which: Interest expense": "N/A",
        "Cost of sales": 17560,
        "Enterprise cost management": 8385,
        "Total Operating Expenses": 25945,
        "Total revenue financing activities": 2567,
        "Net profit from business activities": 41135,
        "Profit": 27,
        "Profit before tax": 41162,
        "Present corporate income tax expenses": 8924,
        "Deferred income taxes expenses": 411,
        "The interests of minority shareholders": "N/A",
        "Total Cost of profits": 9335,
        "Profit after tax corporate income": 31827,
        "Volume": 23400000,
        "Close of Quarter": 13.1,
        "EPS": 5183,
        "Non-adjusted EPS": 5183,
        "PE": 2.5,
        "Book Price": 22.8
      }
    },
    {
      "quarter": "Q2 2015",
      "income status": {
        "Net sales": 198362,
        "Cost of goods sold": 126382,
        "Gross Profit": 71980,
        "Financial expenses": "N/A",
        "Of which: Interest expense": "N/A",
        "Cost of sales": 15582,
        "Enterprise cost management": 10124,
        "Total Operating Expenses": 25706,
        "Total revenue financing activities": 1190,
        "Net profit from business activities": 47463,
        "Profit": 129,
        "Profit before tax": 47592,
        "Present corporate income tax expenses": 10185,
        "Deferred income taxes expenses": 173,
        "The interests of minority shareholders": "N/A",
        "Total Cost of profits": 10358,
        "Profit after tax corporate income": 37233,
        "Volume": 18000000,
        "Close of Quarter": 11.3,
        "EPS": 4983.9,
        "Non-adjusted EPS": 6479,
        "PE": 1.7,
        "Book Price": 21.9
      }
    },
    {
      "quarter": "Q1 2015",
      "income status": {
        "Net sales": 165013,
        "Cost of goods sold": 101384,
        "Gross Profit": 63629,
        "Financial expenses": "N/A",
        "Of which: Interest expense": "N/A",
        "Cost of sales": 15545,
        "Enterprise cost management": 12582,
        "Total Operating Expenses": 28127,
        "Total revenue financing activities": 654,
        "Net profit from business activities": 36156,
        "Profit": 74,
        "Profit before tax": 36230,
        "Present corporate income tax expenses": 8865,
        "Deferred income taxes expenses": -108,
        "The interests of minority shareholders": "N/A",
        "Total Cost of profits": 8757,
        "Profit after tax corporate income": 27474,
        "Volume": 18000000,
        "Close of Quarter": 10.0,
        "EPS": 4481.5,
        "Non-adjusted EPS": 5826,
        "PE": 1.7,
        "Book Price": 21.8
      }
    },
    {
      "quarter": "Q4 2014",
      "income status": {
        "Net sales": 185126,
        "Cost of goods sold": 120623,
        "Gross Profit": 64502,
        "Financial expenses": "N/A",
        "Of which: Interest expense": "N/A",
        "Cost of sales": 20741,
        "Enterprise cost management": 12781,
        "Total Operating Expenses": 33522,
        "Total revenue financing activities": 873,
        "Net profit from business activities": 31853,
        "Profit": -241,
        "Profit before tax": 31612,
        "Present corporate income tax expenses": 6997,
        "Deferred income taxes expenses": -143,
        "The interests of minority shareholders": "N/A",
        "Total Cost of profits": 6854,
        "Profit after tax corporate income": 24759,
        "Volume": 18000000,
        "Close of Quarter": 10.0,
        "EPS": 4126.2,
        "Non-adjusted EPS": 5364,
        "PE": 1.9,
        "Book Price": 20.8
      }
    },
    {
      "quarter": "Q3 2014",
      "income status": {
        "Net sales": 164912,
        "Cost of goods sold": 101297,
        "Gross Profit": 63616,
        "Financial expenses": "N/A",
        "Of which: Interest expense": "N/A",
        "Cost of sales": 20431,
        "Enterprise cost management": 8088,
        "Total Operating Expenses": 28519,
        "Total revenue financing activities": -116,
        "Net profit from business activities": 34981,
        "Profit": 189,
        "Profit before tax": 35170,
        "Present corporate income tax expenses": 8200,
        "Deferred income taxes expenses": -187,
        "The interests of minority shareholders": "N/A",
        "Total Cost of profits": 8013,
        "Profit after tax corporate income": 27156,
        "Volume": 18000000,
        "Close of Quarter": 9.5,
        "EPS": 4094.6,
        "Non-adjusted EPS": 5323,
        "PE": 1.8,
        "Book Price": 20.9
      }
    },
    {
      "quarter": "Q2 2014",
      "income status": {
        "Net sales": 150881,
        "Cost of goods sold": 96762,
        "Gross Profit": 54118,
        "Financial expenses": -22,
        "Of which: Interest expense": "N/A",
        "Cost of sales": 15547,
        "Enterprise cost management": 7215,
        "Total Operating Expenses": 22740,
        "Total revenue financing activities": 878,
        "Net profit from business activities": 32255,
        "Profit": 1061,
        "Profit before tax": 33316,
        "Present corporate income tax expenses": 7168,
        "Deferred income taxes expenses": 670,
        "The interests of minority shareholders": "N/A",
        "Total Cost of profits": 7838,
        "Profit after tax corporate income": 25479,
        "Volume": 18000000,
        "Close of Quarter": 8.7,
        "EPS": 3826.9,
        "Non-adjusted EPS": 4975,
        "PE": 1.7,
        "Book Price": 20
      }
    },
    {
      "quarter": "Q1 2014",
      "income status": {
        "Net sales": 123279,
        "Cost of goods sold": 85410,
        "Gross Profit": 37869,
        "Financial expenses": 22,
        "Of which: Interest expense": "N/A",
        "Cost of sales": 10929,
        "Enterprise cost management": 6927,
        "Total Operating Expenses": 17878,
        "Total revenue financing activities": 79,
        "Net profit from business activities": 20071,
        "Profit": 4479,
        "Profit before tax": 24550,
        "Present corporate income tax expenses": 5506,
        "Deferred income taxes expenses": -115,
        "The interests of minority shareholders": "N/A",
        "Total Cost of profits": 5391,
        "Profit after tax corporate income": 19159,
        "Volume": 18000000,
        "Close of Quarter": 8.7,
        "EPS": 3670,
        "Non-adjusted EPS": 4771,
        "PE": 1.8,
        "Book Price": 20.2
      }
    },
    {
      "quarter": "Q4 2013",
      "income status": {
        "Net sales": 156366,
        "Cost of goods sold": 102668,
        "Gross Profit": 53698,
        "Financial expenses": "N/A",
        "Of which: Interest expense": "N/A",
        "Cost of sales": 16308,
        "Enterprise cost management": 6987,
        "Total Operating Expenses": 23295,
        "Total revenue financing activities": 149,
        "Net profit from business activities": 30552,
        "Profit": 1803,
        "Profit before tax": 32355,
        "Present corporate income tax expenses": 8720,
        "Deferred income taxes expenses": -391,
        "The interests of minority shareholders": "N/A",
        "Total Cost of profits": 8329,
        "Profit after tax corporate income": 24027,
        "Volume": 18000000,
        "Close of Quarter": 6.3,
        "EPS": 3577.7,
        "Non-adjusted EPS": 4651,
        "PE": 1.4,
        "Book Price": 19.5
      }
    },
    {
      "quarter": "Q3 2013",
      "income status": {
        "Net sales": 131408,
        "Cost of goods sold": 82775,
        "Gross Profit": 48633,
        "Financial expenses": "N/A",
        "Of which: Interest expense": "N/A",
        "Cost of sales": 14096,
        "Enterprise cost management": 7282,
        "Total Operating Expenses": 21378,
        "Total revenue financing activities": -71,
        "Net profit from business activities": 27183,
        "Profit": 624,
        "Profit before tax": 27807,
        "Present corporate income tax expenses": 7197,
        "Deferred income taxes expenses": -278,
        "The interests of minority shareholders": "N/A",
        "Total Cost of profits": 6919,
        "Profit after tax corporate income": 20888,
        "Volume": 18000000,
        "Close of Quarter": 5.0,
        "EPS": 3322.3,
        "Non-adjusted EPS": 4319,
        "PE": 1.2,
        "Book Price": 19.9
      }
    },
    {
      "quarter": "Q2 2013",
      "income status": {
        "Net sales": 134942,
        "Cost of goods sold": 86485,
        "Gross Profit": 48458,
        "Financial expenses": 540,
        "Of which: Interest expense": "N/A",
        "Cost of sales": 12924,
        "Enterprise cost management": 6227,
        "Total Operating Expenses": 19691,
        "Total revenue financing activities": 907,
        "Net profit from business activities": 29674,
        "Profit": -99,
        "Profit before tax": 29574,
        "Present corporate income tax expenses": 7296,
        "Deferred income taxes expenses": 472,
        "The interests of minority shareholders": "N/A",
        "Total Cost of profits": 7768,
        "Profit after tax corporate income": 21806,
        "Volume": 18000000,
        "Close of Quarter": 5.2,
        "EPS": 3518.5,
        "Non-adjusted EPS": 4574,
        "PE": 1.1,
        "Book Price": 19.1
      }
    },
    {
      "quarter": "Q1 2013",
      "income status": {
        "Net sales": 115816,
        "Cost of goods sold": 74554,
        "Gross Profit": 41262,
        "Financial expenses": 1869,
        "Of which: Interest expense": "N/A",
        "Cost of sales": 9046,
        "Enterprise cost management": 8668,
        "Total Operating Expenses": 19583,
        "Total revenue financing activities": 921,
        "Net profit from business activities": 22599,
        "Profit": 173,
        "Profit before tax": 22773,
        "Present corporate income tax expenses": 6371,
        "Deferred income taxes expenses": -598,
        "The interests of minority shareholders": "N/A",
        "Total Cost of profits": 5773,
        "Profit after tax corporate income": 17001,
        "Volume": 18000000,
        "Close of Quarter": 5.7,
        "EPS": 3810.8,
        "Non-adjusted EPS": 4954,
        "PE": 1.1,
        "Book Price": 19.7
      }
    },
    {
      "quarter": "Q4 2012",
      "income status": {
        "Net sales": 153295,
        "Cost of goods sold": 105913,
        "Gross Profit": 47381,
        "Financial expenses": 1546,
        "Of which: Interest expense": "N/A",
        "Cost of sales": 16343,
        "Enterprise cost management": 6905,
        "Total Operating Expenses": 24794,
        "Total revenue financing activities": 654,
        "Net profit from business activities": 23241,
        "Profit": 245,
        "Profit before tax": 23486,
        "Present corporate income tax expenses": 6433,
        "Deferred income taxes expenses": -1000,
        "The interests of minority shareholders": "N/A",
        "Total Cost of profits": 5433,
        "Profit after tax corporate income": 18053,
        "Volume": 18000000,
        "Close of Quarter": 4.7,
        "EPS": 3860,
        "Non-adjusted EPS": 5018,
        "PE": 0.9,
        "Book Price": 19.2
      }
    },
    {
      "quarter": "Q3 2012",
      "income status": {
        "Net sales": 153243,
        "Cost of goods sold": 99327,
        "Gross Profit": 53916,
        "Financial expenses": "N/A",
        "Of which: Interest expense": "N/A",
        "Cost of sales": 12307,
        "Enterprise cost management": 8803,
        "Total Operating Expenses": 21110,
        "Total revenue financing activities": 874,
        "Net profit from business activities": 33680,
        "Profit": 339,
        "Profit before tax": 34019,
        "Present corporate income tax expenses": 8794,
        "Deferred income taxes expenses": -242,
        "The interests of minority shareholders": "N/A",
        "Total Cost of profits": 8552,
        "Profit after tax corporate income": 25467,
        "Volume": 18000000,
        "Close of Quarter": 4.5,
        "EPS": 4138.5,
        "Non-adjusted EPS": 5380,
        "PE": 0.8,
        "Book Price": 19.4
      }
    },
    {
      "quarter": "Q2 2012",
      "income status": {
        "Net sales": 151838,
        "Cost of goods sold": 96245,
        "Gross Profit": 55594,
        "Financial expenses": 62,
        "Of which: Interest expense": "N/A",
        "Cost of sales": 10863,
        "Enterprise cost management": 7979,
        "Total Operating Expenses": 18904,
        "Total revenue financing activities": 1260,
        "Net profit from business activities": 37950,
        "Profit": 390,
        "Profit before tax": 38340,
        "Present corporate income tax expenses": 10081,
        "Deferred income taxes expenses": -385,
        "The interests of minority shareholders": "N/A",
        "Total Cost of profits": 9696,
        "Profit after tax corporate income": 28644,
        "Volume": 18000000,
        "Close of Quarter": 5.0,
        "EPS": 4226.2,
        "Non-adjusted EPS": 5494,
        "PE": 0.9,
        "Book Price": 18.5
      }
    },
    {
      "quarter": "Q1 2012",
      "income status": {
        "Net sales": 111242,
        "Cost of goods sold": 73445,
        "Gross Profit": 37796,
        "Financial expenses": "N/A",
        "Of which: Interest expense": "N/A",
        "Cost of sales": 9721,
        "Enterprise cost management": 5701,
        "Total Operating Expenses": 15422,
        "Total revenue financing activities": 1702,
        "Net profit from business activities": 24077,
        "Profit": 149,
        "Profit before tax": 24226,
        "Present corporate income tax expenses": 5982,
        "Deferred income taxes expenses": 88,
        "The interests of minority shareholders": "N/A",
        "Total Cost of profits": 6070,
        "Profit after tax corporate income": 18156,
        "Volume": 10700000,
        "Close of Quarter": 5.5,
        "EPS": 4323.0,
        "Non-adjusted EPS": 9454,
        "PE": 0.6,
        "Book Price": 18.8
      }
    },
    {
      "quarter": "Q4 2011",
      "income status": {
        "Net sales": 138838,
        "Cost of goods sold": 86420,
        "Gross Profit": 52418,
        "Financial expenses": "N/A",
        "Of which: Interest expense": "N/A",
        "Cost of sales": 9686,
        "Enterprise cost management": 11613,
        "Total Operating Expenses": 21299,
        "Total revenue financing activities": 2375,
        "Net profit from business activities": 33494,
        "Profit": 566,
        "Profit before tax": 34059,
        "Present corporate income tax expenses": 9468,
        "Deferred income taxes expenses": 14,
        "The interests of minority shareholders": "N/A",
        "Total Cost of profits": 9482,
        "Profit after tax corporate income": 24577,
        "Volume": 10700000,
        "Close of Quarter": 4.9,
        "EPS": 5111.3,
        "Non-adjusted EPS": 11178,
        "PE": 0.4,
        "Book Price": 18.1
      }
    },
    {
      "quarter": "Q3 2011",
      "income status": {
        "Net sales": 134575,
        "Cost of goods sold": 84932,
        "Gross Profit": 49643,
        "Financial expenses": 10,
        "Of which: Interest expense": "N/A",
        "Cost of sales": 9756,
        "Enterprise cost management": 4738,
        "Total Operating Expenses": 14504,
        "Total revenue financing activities": 1085,
        "Net profit from business activities": 36224,
        "Profit": 638,
        "Profit before tax": 36862,
        "Present corporate income tax expenses": 9590,
        "Deferred income taxes expenses": -240,
        "The interests of minority shareholders": "N/A",
        "Total Cost of profits": 9350,
        "Profit after tax corporate income": 27512,
        "Volume": 10700000,
        "Close of Quarter": 6.4,
        "EPS": 5324.9,
        "Non-adjusted EPS": 11645,
        "PE": 0.6,
        "Book Price": 17.7
      }
    },
    {
      "quarter": "Q2 2011",
      "income status": {
        "Net sales": 154114,
        "Cost of goods sold": 97532,
        "Gross Profit": 56582,
        "Financial expenses": 236,
        "Of which: Interest expense": "N/A",
        "Cost of sales": 12204,
        "Enterprise cost management": 5571,
        "Total Operating Expenses": 18011,
        "Total revenue financing activities": 3889,
        "Net profit from business activities": 42460,
        "Profit": 519,
        "Profit before tax": 42979,
        "Present corporate income tax expenses": 11899,
        "Deferred income taxes expenses": 164,
        "The interests of minority shareholders": "N/A",
        "Total Cost of profits": 12063,
        "Profit after tax corporate income": 30916,
        "Volume": 10700000,
        "Close of Quarter": 6.2,
        "EPS": 5749.7,
        "Non-adjusted EPS": 12574,
        "PE": 0.5,
        "Book Price": 16.7
      }
    },
    {
      "quarter": "Q1 2011",
      "income status": {
        "Net sales": 126238,
        "Cost of goods sold": 74678,
        "Gross Profit": 51560,
        "Financial expenses": -624,
        "Of which: Interest expense": "N/A",
        "Cost of sales": 8531,
        "Enterprise cost management": 5795,
        "Total Operating Expenses": 13702,
        "Total revenue financing activities": 7775,
        "Net profit from business activities": 45633,
        "Profit": 1242,
        "Profit before tax": 46876,
        "Present corporate income tax expenses": 10275,
        "Deferred income taxes expenses": "N/A",
        "The interests of minority shareholders": "N/A",
        "Total Cost of profits": 10275,
        "Profit after tax corporate income": 36601,
        "Volume": 10700000,
        "Close of Quarter": 7.6,
        "EPS": 5852.1,
        "Non-adjusted EPS": 12798,
        "PE": 0.6,
        "Book Price": 17.5
      }
    }
  ]
}