{
  "ticker": "BPC",
  "data": [
    {
      "quarter": "Q4 2016",
      "income status": {
        "Net sales": 90979,
        "Cost of goods sold": 78010,
        "Gross Profit": 12969,
        "Financial expenses": 609,
        "Of which: Interest expense": 909,
        "Cost of sales": 1797,
        "Enterprise cost management": 5791,
        "Total Operating Expenses": 8197,
        "Total revenue financing activities": 39,
        "Net profit from business activities": 4812,
        "Profit": 43,
        "Profit before tax": 4855,
        "Present corporate income tax expenses": 977,
        "Deferred income taxes expenses": "N/A",
        "The interests of minority shareholders": "N/A",
        "Total Cost of profits": 977,
        "Profit after tax corporate income": 3879,
        "Volume": 3800000,
        "Close of Quarter": 18.5,
        "EPS": 4559,
        "Non-adjusted EPS": 4559,
        "PE": 4.1,
        "Book Price": 26.2
      }
    },
    {
      "quarter": "Q3 2016",
      "income status": {
        "Net sales": 74047,
        "Cost of goods sold": 60867,
        "Gross Profit": 13180,
        "Financial expenses": 742,
        "Of which: Interest expense": 742,
        "Cost of sales": 1616,
        "Enterprise cost management": 5814,
        "Total Operating Expenses": 8172,
        "Total revenue financing activities": 8,
        "Net profit from business activities": 5015,
        "Profit": "N/A",
        "Profit before tax": 5015,
        "Present corporate income tax expenses": 1056,
        "Deferred income taxes expenses": "N/A",
        "The interests of minority shareholders": "N/A",
        "Total Cost of profits": 1056,
        "Profit after tax corporate income": 3959,
        "Volume": 3800000,
        "Close of Quarter": 21,
        "EPS": 4475,
        "Non-adjusted EPS": 4475,
        "PE": 4.7,
        "Book Price": 25.2
      }
    },
    {
      "quarter": "Q2 2016",
      "income status": {
        "Net sales": 85841,
        "Cost of goods sold": 71150,
        "Gross Profit": 14691,
        "Financial expenses": 780,
        "Of which: Interest expense": 1481,
        "Cost of sales": 1129,
        "Enterprise cost management": 5615,
        "Total Operating Expenses": 7524,
        "Total revenue financing activities": 9,
        "Net profit from business activities": 7176,
        "Profit": -142,
        "Profit before tax": 7034,
        "Present corporate income tax expenses": 1280,
        "Deferred income taxes expenses": "N/A",
        "The interests of minority shareholders": "N/A",
        "Total Cost of profits": 1280,
        "Profit after tax corporate income": 5754,
        "Volume": 3800000,
        "Close of Quarter": 22.3,
        "EPS": 3912,
        "Non-adjusted EPS": 3912,
        "PE": 5.7,
        "Book Price": 24.1
      }
    },
    {
      "quarter": "Q1 2016",
      "income status": {
        "Net sales": 79781,
        "Cost of goods sold": 68297,
        "Gross Profit": 11483,
        "Financial expenses": 720,
        "Of which: Interest expense": "N/A",
        "Cost of sales": 1051,
        "Enterprise cost management": 4920,
        "Total Operating Expenses": 6691,
        "Total revenue financing activities": 6,
        "Net profit from business activities": 4799,
        "Profit": 3,
        "Profit before tax": 4801,
        "Present corporate income tax expenses": 1069,
        "Deferred income taxes expenses": "N/A",
        "The interests of minority shareholders": "N/A",
        "Total Cost of profits": 1069,
        "Profit after tax corporate income": 3732,
        "Volume": 3800000,
        "Close of Quarter": 12.1,
        "EPS": 3306,
        "Non-adjusted EPS": 3306,
        "PE": 3.7,
        "Book Price": 24.8
      }
    },
    {
      "quarter": "Q4 2015",
      "income status": {
        "Net sales": 87751,
        "Cost of goods sold": 76323,
        "Gross Profit": 11428,
        "Financial expenses": 832,
        "Of which: Interest expense": 756,
        "Cost of sales": 1213,
        "Enterprise cost management": 4990,
        "Total Operating Expenses": 7035,
        "Total revenue financing activities": 94,
        "Net profit from business activities": 4487,
        "Profit": 68,
        "Profit before tax": 4555,
        "Present corporate income tax expenses": 996,
        "Deferred income taxes expenses": "N/A",
        "The interests of minority shareholders": "N/A",
        "Total Cost of profits": 996,
        "Profit after tax corporate income": 3559,
        "Volume": 3800000,
        "Close of Quarter": 11.5,
        "EPS": 2766,
        "Non-adjusted EPS": 2766,
        "PE": 4.2,
        "Book Price": 23.8
      }
    },
    {
      "quarter": "Q3 2015",
      "income status": {
        "Net sales": 67114,
        "Cost of goods sold": 59617,
        "Gross Profit": 7496,
        "Financial expenses": 675,
        "Of which: Interest expense": 675,
        "Cost of sales": 1251,
        "Enterprise cost management": 3251,
        "Total Operating Expenses": 5177,
        "Total revenue financing activities": 10,
        "Net profit from business activities": 2329,
        "Profit": 13,
        "Profit before tax": 2341,
        "Present corporate income tax expenses": 523,
        "Deferred income taxes expenses": "N/A",
        "The interests of minority shareholders": "N/A",
        "Total Cost of profits": 523,
        "Profit after tax corporate income": 1819,
        "Volume": 3800000,
        "Close of Quarter": 11.5,
        "EPS": 2582,
        "Non-adjusted EPS": 2582,
        "PE": 4.5,
        "Book Price": 22.8
      }
    },
    {
      "quarter": "Q2 2015",
      "income status": {
        "Net sales": 83379,
        "Cost of goods sold": 72892,
        "Gross Profit": 10487,
        "Financial expenses": 818,
        "Of which: Interest expense": 727,
        "Cost of sales": 1134,
        "Enterprise cost management": 4088,
        "Total Operating Expenses": 6040,
        "Total revenue financing activities": 8,
        "Net profit from business activities": 4456,
        "Profit": "N/A",
        "Profit before tax": 4456,
        "Present corporate income tax expenses": 1004,
        "Deferred income taxes expenses": "N/A",
        "The interests of minority shareholders": "N/A",
        "Total Cost of profits": 1004,
        "Profit after tax corporate income": 3452,
        "Volume": 3800000,
        "Close of Quarter": 11.8,
        "EPS": 2303,
        "Non-adjusted EPS": 2303,
        "PE": 5.1,
        "Book Price": 22.4
      }
    },
    {
      "quarter": "Q1 2015",
      "income status": {
        "Net sales": 55635,
        "Cost of goods sold": 49376,
        "Gross Profit": 6259,
        "Financial expenses": 667,
        "Of which: Interest expense": 667,
        "Cost of sales": 647,
        "Enterprise cost management": 2833,
        "Total Operating Expenses": 4147,
        "Total revenue financing activities": 40,
        "Net profit from business activities": 2152,
        "Profit": 1,
        "Profit before tax": 2153,
        "Present corporate income tax expenses": 474,
        "Deferred income taxes expenses": "N/A",
        "The interests of minority shareholders": "N/A",
        "Total Cost of profits": 474,
        "Profit after tax corporate income": 1679,
        "Volume": 3800000,
        "Close of Quarter": 12.7,
        "EPS": 2177,
        "Non-adjusted EPS": 2177,
        "PE": 5.8,
        "Book Price": 23.5
      }
    },
    {
      "quarter": "Q4 2014",
      "income status": {
        "Net sales": 79862,
        "Cost of goods sold": 70981,
        "Gross Profit": 8881,
        "Financial expenses": 598,
        "Of which: Interest expense": 812,
        "Cost of sales": 985,
        "Enterprise cost management": 3712,
        "Total Operating Expenses": 5295,
        "Total revenue financing activities": 7,
        "Net profit from business activities": 3592,
        "Profit": 94,
        "Profit before tax": 3687,
        "Present corporate income tax expenses": 826,
        "Deferred income taxes expenses": "N/A",
        "The interests of minority shareholders": "N/A",
        "Total Cost of profits": 826,
        "Profit after tax corporate income": 2861,
        "Volume": 3800000,
        "Close of Quarter": 9.4,
        "EPS": 2196,
        "Non-adjusted EPS": 2196,
        "PE": 4.3,
        "Book Price": 23
      }
    },
    {
      "quarter": "Q3 2014",
      "income status": {
        "Net sales": 63237,
        "Cost of goods sold": 58375,
        "Gross Profit": 4862,
        "Financial expenses": 363,
        "Of which: Interest expense": 721,
        "Cost of sales": 827,
        "Enterprise cost management": 2801,
        "Total Operating Expenses": 3991,
        "Total revenue financing activities": 9,
        "Net profit from business activities": 881,
        "Profit": 80,
        "Profit before tax": 961,
        "Present corporate income tax expenses": 201,
        "Deferred income taxes expenses": "N/A",
        "The interests of minority shareholders": "N/A",
        "Total Cost of profits": 201,
        "Profit after tax corporate income": 760,
        "Volume": 3800000,
        "Close of Quarter": 9.7,
        "EPS": 1808,
        "Non-adjusted EPS": 1808,
        "PE": 5.4,
        "Book Price": 22.1
      }
    },
    {
      "quarter": "Q2 2014",
      "income status": {
        "Net sales": 78761,
        "Cost of goods sold": 71224,
        "Gross Profit": 7537,
        "Financial expenses": -780,
        "Of which: Interest expense": 942,
        "Cost of sales": 1144,
        "Enterprise cost management": 3181,
        "Total Operating Expenses": 3545,
        "Total revenue financing activities": -296,
        "Net profit from business activities": 3696,
        "Profit": 40,
        "Profit before tax": 3736,
        "Present corporate income tax expenses": 765,
        "Deferred income taxes expenses": "N/A",
        "The interests of minority shareholders": "N/A",
        "Total Cost of profits": 765,
        "Profit after tax corporate income": 2971,
        "Volume": 3800000,
        "Close of Quarter": 8.6,
        "EPS": 2115,
        "Non-adjusted EPS": 2115,
        "PE": 4.1,
        "Book Price": 22.1
      }
    },
    {
      "quarter": "Q1 2014",
      "income status": {
        "Net sales": 70024,
        "Cost of goods sold": 63914,
        "Gross Profit": 6110,
        "Financial expenses": 898,
        "Of which: Interest expense": 897,
        "Cost of sales": 583,
        "Enterprise cost management": 2628,
        "Total Operating Expenses": 4109,
        "Total revenue financing activities": 331,
        "Net profit from business activities": 2332,
        "Profit": 22,
        "Profit before tax": 2354,
        "Present corporate income tax expenses": 600,
        "Deferred income taxes expenses": "N/A",
        "The interests of minority shareholders": "N/A",
        "Total Cost of profits": 600,
        "Profit after tax corporate income": 1753,
        "Volume": 3800000,
        "Close of Quarter": 9.3,
        "EPS": 1881,
        "Non-adjusted EPS": 1881,
        "PE": 5.0,
        "Book Price": 21.1
      }
    },
    {
      "quarter": "Q4 2013",
      "income status": {
        "Net sales": 86446,
        "Cost of goods sold": 78947,
        "Gross Profit": 7499,
        "Financial expenses": 919,
        "Of which: Interest expense": 879,
        "Cost of sales": 1134,
        "Enterprise cost management": 3420,
        "Total Operating Expenses": 5473,
        "Total revenue financing activities": 11,
        "Net profit from business activities": 2038,
        "Profit": 52,
        "Profit before tax": 2090,
        "Present corporate income tax expenses": 705,
        "Deferred income taxes expenses": "N/A",
        "The interests of minority shareholders": "N/A",
        "Total Cost of profits": 705,
        "Profit after tax corporate income": 1386,
        "Volume": 3800000,
        "Close of Quarter": 7.7,
        "EPS": 2051,
        "Non-adjusted EPS": 2051,
        "PE": 3.8,
        "Book Price": 22.4
      }
    },
    {
      "quarter": "Q3 2013",
      "income status": {
        "Net sales": 69967,
        "Cost of goods sold": 63407,
        "Gross Profit": 6560,
        "Financial expenses": 702,
        "Of which: Interest expense": 701,
        "Cost of sales": 1097,
        "Enterprise cost management": 2475,
        "Total Operating Expenses": 4274,
        "Total revenue financing activities": 193,
        "Net profit from business activities": 2479,
        "Profit": 31,
        "Profit before tax": 2510,
        "Present corporate income tax expenses": 582,
        "Deferred income taxes expenses": "N/A",
        "The interests of minority shareholders": "N/A",
        "Total Cost of profits": 582,
        "Profit after tax corporate income": 1927,
        "Volume": 3800000,
        "Close of Quarter": 6.5,
        "EPS": 2415,
        "Non-adjusted EPS": 2415,
        "PE": 2.7,
        "Book Price": 21.9
      }
    },
    {
      "quarter": "Q2 2013",
      "income status": {
        "Net sales": 83388,
        "Cost of goods sold": 74944,
        "Gross Profit": 8444,
        "Financial expenses": 412,
        "Of which: Interest expense": 813,
        "Cost of sales": 1173,
        "Enterprise cost management": 4122,
        "Total Operating Expenses": 5707,
        "Total revenue financing activities": 67,
        "Net profit from business activities": 2804,
        "Profit": -11,
        "Profit before tax": 2794,
        "Present corporate income tax expenses": 712,
        "Deferred income taxes expenses": "N/A",
        "The interests of minority shareholders": "N/A",
        "Total Cost of profits": 712,
        "Profit after tax corporate income": 2082,
        "Volume": 3800000,
        "Close of Quarter": 6.2,
        "EPS": 2381,
        "Non-adjusted EPS": 2381,
        "PE": 2.6,
        "Book Price": 21.4
      }
    },
    {
      "quarter": "Q1 2013",
      "income status": {
        "Net sales": 81251,
        "Cost of goods sold": 73365,
        "Gross Profit": 7886,
        "Financial expenses": 954,
        "Of which: Interest expense": 954,
        "Cost of sales": 741,
        "Enterprise cost management": 3062,
        "Total Operating Expenses": 4757,
        "Total revenue financing activities": 25,
        "Net profit from business activities": 3155,
        "Profit": 59,
        "Profit before tax": 3214,
        "Present corporate income tax expenses": 815,
        "Deferred income taxes expenses": "N/A",
        "The interests of minority shareholders": "N/A",
        "Total Cost of profits": 815,
        "Profit after tax corporate income": 2398,
        "Volume": 3800000,
        "Close of Quarter": 6.1,
        "EPS": 2340,
        "Non-adjusted EPS": 2340,
        "PE": 2.6,
        "Book Price": 20.8
      }
    },
    {
      "quarter": "Q4 2012",
      "income status": {
        "Net sales": 98800,
        "Cost of goods sold": 88717,
        "Gross Profit": 10084,
        "Financial expenses": 1231,
        "Of which: Interest expense": 1193,
        "Cost of sales": 1304,
        "Enterprise cost management": 5799,
        "Total Operating Expenses": 8334,
        "Total revenue financing activities": 965,
        "Net profit from business activities": 2715,
        "Profit": -4,
        "Profit before tax": 2711,
        "Present corporate income tax expenses": -60,
        "Deferred income taxes expenses": "N/A",
        "The interests of minority shareholders": "N/A",
        "Total Cost of profits": -60,
        "Profit after tax corporate income": 2771,
        "Volume": 3800000,
        "Close of Quarter": 5.4,
        "EPS": 2347,
        "Non-adjusted EPS": 2347,
        "PE": 2.3,
        "Book Price": 21.8
      }
    },
    {
      "quarter": "Q3 2012",
      "income status": {
        "Net sales": 64539,
        "Cost of goods sold": 57692,
        "Gross Profit": 6847,
        "Financial expenses": 1295,
        "Of which: Interest expense": 1295,
        "Cost of sales": 754,
        "Enterprise cost management": 2736,
        "Total Operating Expenses": 4785,
        "Total revenue financing activities": 331,
        "Net profit from business activities": 2393,
        "Profit": 2,
        "Profit before tax": 2395,
        "Present corporate income tax expenses": 599,
        "Deferred income taxes expenses": "N/A",
        "The interests of minority shareholders": "N/A",
        "Total Cost of profits": 599,
        "Profit after tax corporate income": 1796,
        "Volume": 3800000,
        "Close of Quarter": 5.2,
        "EPS": 2082,
        "Non-adjusted EPS": 2082,
        "PE": 2.5,
        "Book Price": 21.1
      }
    },
    {
      "quarter": "Q2 2012",
      "income status": {
        "Net sales": 65323,
        "Cost of goods sold": 57559,
        "Gross Profit": 7765,
        "Financial expenses": 1031,
        "Of which: Interest expense": 1235,
        "Cost of sales": 363,
        "Enterprise cost management": 3908,
        "Total Operating Expenses": 5302,
        "Total revenue financing activities": 61,
        "Net profit from business activities": 2524,
        "Profit": 40,
        "Profit before tax": 2564,
        "Present corporate income tax expenses": 636,
        "Deferred income taxes expenses": "N/A",
        "The interests of minority shareholders": "N/A",
        "Total Cost of profits": 636,
        "Profit after tax corporate income": 1928,
        "Volume": 3800000,
        "Close of Quarter": 5.2,
        "EPS": 2041,
        "Non-adjusted EPS": 2041,
        "PE": 2.5,
        "Book Price": 20.7
      }
    },
    {
      "quarter": "Q1 2012",
      "income status": {
        "Net sales": 64903,
        "Cost of goods sold": 57423,
        "Gross Profit": 7480,
        "Financial expenses": 1247,
        "Of which: Interest expense": 1247,
        "Cost of sales": 671,
        "Enterprise cost management": 2647,
        "Total Operating Expenses": 4565,
        "Total revenue financing activities": 179,
        "Net profit from business activities": 3093,
        "Profit": 154,
        "Profit before tax": 3247,
        "Present corporate income tax expenses": 824,
        "Deferred income taxes expenses": "N/A",
        "The interests of minority shareholders": "N/A",
        "Total Cost of profits": 824,
        "Profit after tax corporate income": 2424,
        "Volume": 3800000,
        "Close of Quarter": 4.8,
        "EPS": 2192,
        "Non-adjusted EPS": 2192,
        "PE": 2.2,
        "Book Price": 20.1
      }
    },
    {
      "quarter": "Q4 2011",
      "income status": {
        "Net sales": 64925,
        "Cost of goods sold": 56981,
        "Gross Profit": 7943,
        "Financial expenses": 2429,
        "Of which: Interest expense": 942,
        "Cost of sales": 903,
        "Enterprise cost management": 3618,
        "Total Operating Expenses": 6950,
        "Total revenue financing activities": 114,
        "Net profit from business activities": 1108,
        "Profit": 1183,
        "Profit before tax": 2291,
        "Present corporate income tax expenses": 529,
        "Deferred income taxes expenses": "N/A",
        "The interests of minority shareholders": "N/A",
        "Total Cost of profits": 529,
        "Profit after tax corporate income": 1762,
        "Volume": 3800000,
        "Close of Quarter": 3.7,
        "EPS": 2106,
        "Non-adjusted EPS": 2106,
        "PE": 1.7,
        "Book Price": 21.1
      }
    },
    {
      "quarter": "Q3 2011",
      "income status": {
        "Net sales": 59605,
        "Cost of goods sold": 52801,
        "Gross Profit": 6804,
        "Financial expenses": 1511,
        "Of which: Interest expense": 1430,
        "Cost of sales": 654,
        "Enterprise cost management": 2438,
        "Total Operating Expenses": 4603,
        "Total revenue financing activities": 38,
        "Net profit from business activities": 2239,
        "Profit": -17,
        "Profit before tax": 2222,
        "Present corporate income tax expenses": 581,
        "Deferred income taxes expenses": "N/A",
        "The interests of minority shareholders": "N/A",
        "Total Cost of profits": 581,
        "Profit after tax corporate income": 1642,
        "Volume": 3800000,
        "Close of Quarter": 4.3,
        "EPS": 2217,
        "Non-adjusted EPS": 2217,
        "PE": 2.0,
        "Book Price": 20.6
      }
    },
    {
      "quarter": "Q2 2011",
      "income status": {
        "Net sales": 89012,
        "Cost of goods sold": 78469,
        "Gross Profit": 10543,
        "Financial expenses": 4725,
        "Of which: Interest expense": 1793,
        "Cost of sales": 740,
        "Enterprise cost management": 2086,
        "Total Operating Expenses": 7551,
        "Total revenue financing activities": 153,
        "Net profit from business activities": 3145,
        "Profit": 196,
        "Profit before tax": 3341,
        "Present corporate income tax expenses": 840,
        "Deferred income taxes expenses": "N/A",
        "The interests of minority shareholders": "N/A",
        "Total Cost of profits": 840,
        "Profit after tax corporate income": 2501,
        "Volume": 3800000,
        "Close of Quarter": 4.2,
        "EPS": 2123,
        "Non-adjusted EPS": 2123,
        "PE": 2.0,
        "Book Price": 20.1
      }
    },
    {
      "quarter": "Q1 2011",
      "income status": {
        "Net sales": 77612,
        "Cost of goods sold": 70182,
        "Gross Profit": 7430,
        "Financial expenses": 1026,
        "Of which: Interest expense": 1025,
        "Cost of sales": 582,
        "Enterprise cost management": 3314,
        "Total Operating Expenses": 4922,
        "Total revenue financing activities": 288,
        "Net profit from business activities": 2797,
        "Profit": "N/A",
        "Profit before tax": 2797,
        "Present corporate income tax expenses": 699,
        "Deferred income taxes expenses": "N/A",
        "The interests of minority shareholders": "N/A",
        "Total Cost of profits": 699,
        "Profit after tax corporate income": 2098,
        "Volume": 3800000,
        "Close of Quarter": 5.2,
        "EPS": 2396,
        "Non-adjusted EPS": 2396,
        "PE": 2.2,
        "Book Price": 21.4
      }
    }
  ]
}