{
  "ticker": "VID",
  "data": [
    {
      "quarter": "Q4 2016",
      "income status": {
        "Net sales": 43121,
        "Cost of goods sold": 42625,
        "Gross Profit": 497,
        "Financial expenses": 2068,
        "Of which: Interest expense": "N/A",
        "Cost of sales": 140,
        "Enterprise cost management": -7591,
        "Total Operating Expenses": -5383,
        "Total revenue financing activities": 2392,
        "Net profit from business activities": 8271,
        "Profit": -3203,
        "Profit before tax": 5068,
        "Present corporate income tax expenses": 101,
        "Deferred income taxes expenses": "N/A",
        "The interests of minority shareholders": "N/A",
        "Total Cost of profits": 101,
        "Profit after tax corporate income": 4967,
        "Volume": 25522767,
        "Close of Quarter": 3.9,
        "EPS": 283,
        "Non-adjusted EPS": 283,
        "PE": 13.8,
        "Book Price": 12.7
      }
    },
    {
      "quarter": "Q3 2016",
      "income status": {
        "Net sales": 7464,
        "Cost of goods sold": 7095,
        "Gross Profit": 370,
        "Financial expenses": -10486,
        "Of which: Interest expense": -680,
        "Cost of sales": 242,
        "Enterprise cost management": 10842,
        "Total Operating Expenses": 598,
        "Total revenue financing activities": 623,
        "Net profit from business activities": 395,
        "Profit": -43,
        "Profit before tax": 352,
        "Present corporate income tax expenses": 80,
        "Deferred income taxes expenses": "N/A",
        "The interests of minority shareholders": "N/A",
        "Total Cost of profits": 80,
        "Profit after tax corporate income": 272,
        "Volume": 25522767,
        "Close of Quarter": 4.3,
        "EPS": 319,
        "Non-adjusted EPS": 319,
        "PE": 13.5,
        "Book Price": 11.6
      }
    },
    {
      "quarter": "Q2 2016",
      "income status": {
        "Net sales": 19262,
        "Cost of goods sold": 16465,
        "Gross Profit": 2797,
        "Financial expenses": 11647,
        "Of which: Interest expense": 1781,
        "Cost of sales": 355,
        "Enterprise cost management": -8556,
        "Total Operating Expenses": 3446,
        "Total revenue financing activities": 1,
        "Net profit from business activities": -648,
        "Profit": 3133,
        "Profit before tax": 2486,
        "Present corporate income tax expenses": 1194,
        "Deferred income taxes expenses": "N/A",
        "The interests of minority shareholders": "N/A",
        "Total Cost of profits": 1194,
        "Profit after tax corporate income": 1291,
        "Volume": 25522767,
        "Close of Quarter": 4.2,
        "EPS": 984,
        "Non-adjusted EPS": 984,
        "PE": 4.3,
        "Book Price": 11.5
      }
    },
    {
      "quarter": "Q1 2016",
      "income status": {
        "Net sales": 6839,
        "Cost of goods sold": 5394,
        "Gross Profit": 1445,
        "Financial expenses": 2968,
        "Of which: Interest expense": 2968,
        "Cost of sales": 405,
        "Enterprise cost management": 1586,
        "Total Operating Expenses": 4959,
        "Total revenue financing activities": 588,
        "Net profit from business activities": -2926,
        "Profit": 3670,
        "Profit before tax": 745,
        "Present corporate income tax expenses": 58,
        "Deferred income taxes expenses": "N/A",
        "The interests of minority shareholders": "N/A",
        "Total Cost of profits": 58,
        "Profit after tax corporate income": 687,
        "Volume": 25522767,
        "Close of Quarter": 4.7,
        "EPS": 944,
        "Non-adjusted EPS": 944,
        "PE": 5.0,
        "Book Price": 11.5
      }
    },
    {
      "quarter": "Q4 2015",
      "income status": {
        "Net sales": 6994,
        "Cost of goods sold": 8003,
        "Gross Profit": -1009,
        "Financial expenses": -10467,
        "Of which: Interest expense": 1579,
        "Cost of sales": 415,
        "Enterprise cost management": 1625,
        "Total Operating Expenses": -8427,
        "Total revenue financing activities": 59,
        "Net profit from business activities": 7476,
        "Profit": 109,
        "Profit before tax": 7585,
        "Present corporate income tax expenses": 1688,
        "Deferred income taxes expenses": "N/A",
        "The interests of minority shareholders": "N/A",
        "Total Cost of profits": 1688,
        "Profit after tax corporate income": 5897,
        "Volume": 25522767,
        "Close of Quarter": 6,
        "EPS": 600,
        "Non-adjusted EPS": 600,
        "PE": 10,
        "Book Price": 11.7
      }
    },
    {
      "quarter": "Q3 2015",
      "income status": {
        "Net sales": 75640,
        "Cost of goods sold": 87907,
        "Gross Profit": -12268,
        "Financial expenses": 35994,
        "Of which: Interest expense": 1615,
        "Cost of sales": 409,
        "Enterprise cost management": 15507,
        "Total Operating Expenses": 51910,
        "Total revenue financing activities": 85946,
        "Net profit from business activities": 21769,
        "Profit": -65,
        "Profit before tax": 21704,
        "Present corporate income tax expenses": 4473,
        "Deferred income taxes expenses": "N/A",
        "The interests of minority shareholders": "N/A",
        "Total Cost of profits": 4473,
        "Profit after tax corporate income": 17232,
        "Volume": 25522767,
        "Close of Quarter": 8.4,
        "EPS": 1791,
        "Non-adjusted EPS": 1791,
        "PE": 4.7,
        "Book Price": 11.5
      }
    },
    {
      "quarter": "Q2 2015",
      "income status": {
        "Net sales": 16450,
        "Cost of goods sold": 17831,
        "Gross Profit": -1381,
        "Financial expenses": -150,
        "Of which: Interest expense": 1633,
        "Cost of sales": 450,
        "Enterprise cost management": -605,
        "Total Operating Expenses": -305,
        "Total revenue financing activities": 172,
        "Net profit from business activities": -904,
        "Profit": 1172,
        "Profit before tax": 268,
        "Present corporate income tax expenses": "N/A",
        "Deferred income taxes expenses": "N/A",
        "The interests of minority shareholders": "N/A",
        "Total Cost of profits": 0,
        "Profit after tax corporate income": 268,
        "Volume": 25522767,
        "Close of Quarter": 4.6,
        "EPS": 1009,
        "Non-adjusted EPS": 1009,
        "PE": 4.6,
        "Book Price": 10.8
      }
    },
    {
      "quarter": "Q1 2015",
      "income status": {
        "Net sales": 24415,
        "Cost of goods sold": 27946,
        "Gross Profit": -3531,
        "Financial expenses": 2226,
        "Of which: Interest expense": 2226,
        "Cost of sales": 346,
        "Enterprise cost management": 1838,
        "Total Operating Expenses": 4410,
        "Total revenue financing activities": 921,
        "Net profit from business activities": -7021,
        "Profit": -1068,
        "Profit before tax": -8089,
        "Present corporate income tax expenses": "N/A",
        "Deferred income taxes expenses": "N/A",
        "The interests of minority shareholders": "N/A",
        "Total Cost of profits": 0,
        "Profit after tax corporate income": -8089,
        "Volume": 25522767,
        "Close of Quarter": 4.6,
        "EPS": -23,
        "Non-adjusted EPS": -23,
        "PE": -200,
        "Book Price": 10.8
      }
    },
    {
      "quarter": "Q4 2014",
      "income status": {
        "Net sales": 8218,
        "Cost of goods sold": 7735,
        "Gross Profit": 484,
        "Financial expenses": 22683,
        "Of which: Interest expense": 4819,
        "Cost of sales": 333,
        "Enterprise cost management": -1451,
        "Total Operating Expenses": 21565,
        "Total revenue financing activities": 56921,
        "Net profit from business activities": 35839,
        "Profit": 466,
        "Profit before tax": 36305,
        "Present corporate income tax expenses": "N/A",
        "Deferred income taxes expenses": "N/A",
        "The interests of minority shareholders": "N/A",
        "Total Cost of profits": 0,
        "Profit after tax corporate income": 36305,
        "Volume": 25522767,
        "Close of Quarter": 4.1,
        "EPS": 300,
        "Non-adjusted EPS": 300,
        "PE": 13.7,
        "Book Price": 11
      }
    },
    {
      "quarter": "Q3 2014",
      "income status": {
        "Net sales": 21372,
        "Cost of goods sold": 21978,
        "Gross Profit": -606,
        "Financial expenses": 1575,
        "Of which: Interest expense": 1553,
        "Cost of sales": 384,
        "Enterprise cost management": 1749,
        "Total Operating Expenses": 3708,
        "Total revenue financing activities": 1092,
        "Net profit from business activities": -3223,
        "Profit": 488,
        "Profit before tax": -2734,
        "Present corporate income tax expenses": "N/A",
        "Deferred income taxes expenses": "N/A",
        "The interests of minority shareholders": "N/A",
        "Total Cost of profits": 0,
        "Profit after tax corporate income": -2734,
        "Volume": 25522767,
        "Close of Quarter": 4.2,
        "EPS": 1853,
        "Non-adjusted EPS": 1853,
        "PE": 2.3,
        "Book Price": 9.7
      }
    },
    {
      "quarter": "Q2 2014",
      "income status": {
        "Net sales": 11009,
        "Cost of goods sold": 9107,
        "Gross Profit": 1902,
        "Financial expenses": 1561,
        "Of which: Interest expense": 2440,
        "Cost of sales": 437,
        "Enterprise cost management": 26596,
        "Total Operating Expenses": 28594,
        "Total revenue financing activities": 1,
        "Net profit from business activities": -26691,
        "Profit": 704,
        "Profit before tax": -25986,
        "Present corporate income tax expenses": 83,
        "Deferred income taxes expenses": "N/A",
        "The interests of minority shareholders": "N/A",
        "Total Cost of profits": 83,
        "Profit after tax corporate income": -26070,
        "Volume": 25522767,
        "Close of Quarter": 4.6,
        "EPS": 1853,
        "Non-adjusted EPS": 1853,
        "PE": 2.5,
        "Book Price": 9.8
      }
    },
    {
      "quarter": "Q1 2014",
      "income status": {
        "Net sales": 49696,
        "Cost of goods sold": 49240,
        "Gross Profit": 457,
        "Financial expenses": 549,
        "Of which: Interest expense": 540,
        "Cost of sales": 491,
        "Enterprise cost management": 1825,
        "Total Operating Expenses": 2865,
        "Total revenue financing activities": 2344,
        "Net profit from business activities": -64,
        "Profit": 219,
        "Profit before tax": 155,
        "Present corporate income tax expenses": "N/A",
        "Deferred income taxes expenses": "N/A",
        "The interests of minority shareholders": "N/A",
        "Total Cost of profits": 0,
        "Profit after tax corporate income": 155,
        "Volume": 25522767,
        "Close of Quarter": 6.2,
        "EPS": 815,
        "Non-adjusted EPS": 815,
        "PE": 7.6,
        "Book Price": 10.9
      }
    },
    {
      "quarter": "Q4 2013",
      "income status": {
        "Net sales": 28127,
        "Cost of goods sold": 33050,
        "Gross Profit": -4922,
        "Financial expenses": 90620,
        "Of which: Interest expense": 7287,
        "Cost of sales": -796,
        "Enterprise cost management": -40969,
        "Total Operating Expenses": 48855,
        "Total revenue financing activities": 130408,
        "Net profit from business activities": 76631,
        "Profit": -1825,
        "Profit before tax": 74806,
        "Present corporate income tax expenses": -1133,
        "Deferred income taxes expenses": "N/A",
        "The interests of minority shareholders": "N/A",
        "Total Cost of profits": -1133,
        "Profit after tax corporate income": 75939,
        "Volume": 25522767,
        "Close of Quarter": 4,
        "EPS": 883,
        "Non-adjusted EPS": 883,
        "PE": 4.5,
        "Book Price": 10.8
      }
    },
    {
      "quarter": "Q3 2013",
      "income status": {
        "Net sales": 62809,
        "Cost of goods sold": 51288,
        "Gross Profit": 11521,
        "Financial expenses": 14797,
        "Of which: Interest expense": 14635,
        "Cost of sales": 1923,
        "Enterprise cost management": 23435,
        "Total Operating Expenses": 40155,
        "Total revenue financing activities": 330,
        "Net profit from business activities": -28304,
        "Profit": 26616,
        "Profit before tax": -1688,
        "Present corporate income tax expenses": 1038,
        "Deferred income taxes expenses": "N/A",
        "The interests of minority shareholders": "N/A",
        "Total Cost of profits": 1038,
        "Profit after tax corporate income": -2727,
        "Volume": 25522767,
        "Close of Quarter": 3.1,
        "EPS": -1581,
        "Non-adjusted EPS": -1581,
        "PE": -2.0,
        "Book Price": 7.9
      }
    },
    {
      "quarter": "Q2 2013",
      "income status": {
        "Net sales": 77689,
        "Cost of goods sold": 65157,
        "Gross Profit": 12533,
        "Financial expenses": 29722,
        "Of which: Interest expense": 17210,
        "Cost of sales": 1987,
        "Enterprise cost management": 34619,
        "Total Operating Expenses": 66328,
        "Total revenue financing activities": 958,
        "Net profit from business activities": -52837,
        "Profit": 478,
        "Profit before tax": -52359,
        "Present corporate income tax expenses": 196,
        "Deferred income taxes expenses": "N/A",
        "The interests of minority shareholders": "N/A",
        "Total Cost of profits": 196,
        "Profit after tax corporate income": -52555,
        "Volume": 25522767,
        "Close of Quarter": 4.2,
        "EPS": -1578,
        "Non-adjusted EPS": -1578,
        "PE": -2.7,
        "Book Price": 8
      }
    },
    {
      "quarter": "Q1 2013",
      "income status": {
        "Net sales": 72799,
        "Cost of goods sold": 60118,
        "Gross Profit": 12681,
        "Financial expenses": 5623,
        "Of which: Interest expense": 5428,
        "Cost of sales": 2358,
        "Enterprise cost management": 5298,
        "Total Operating Expenses": 13279,
        "Total revenue financing activities": 2263,
        "Net profit from business activities": 1665,
        "Profit": 530,
        "Profit before tax": 2195,
        "Present corporate income tax expenses": 302,
        "Deferred income taxes expenses": "N/A",
        "The interests of minority shareholders": "N/A",
        "Total Cost of profits": 302,
        "Profit after tax corporate income": 1892,
        "Volume": 25522767,
        "Close of Quarter": 4.2,
        "EPS": 451,
        "Non-adjusted EPS": 451,
        "PE": 9.3,
        "Book Price": 10.1
      }
    },
    {
      "quarter": "Q4 2012",
      "income status": {
        "Net sales": 166564,
        "Cost of goods sold": 151216,
        "Gross Profit": 15349,
        "Financial expenses": -4386,
        "Of which: Interest expense": 5467,
        "Cost of sales": 1761,
        "Enterprise cost management": 5785,
        "Total Operating Expenses": 3160,
        "Total revenue financing activities": 172,
        "Net profit from business activities": 12362,
        "Profit": 962,
        "Profit before tax": 13324,
        "Present corporate income tax expenses": 294,
        "Deferred income taxes expenses": "N/A",
        "The interests of minority shareholders": "N/A",
        "Total Cost of profits": 294,
        "Profit after tax corporate income": 13030,
        "Volume": 25522767,
        "Close of Quarter": 2.7,
        "EPS": 284,
        "Non-adjusted EPS": 284,
        "PE": 9.5,
        "Book Price": 11.2
      }
    },
    {
      "quarter": "Q3 2012",
      "income status": {
        "Net sales": 89537,
        "Cost of goods sold": 77356,
        "Gross Profit": 12181,
        "Financial expenses": 8456,
        "Of which: Interest expense": 8091,
        "Cost of sales": 1764,
        "Enterprise cost management": 5713,
        "Total Operating Expenses": 15933,
        "Total revenue financing activities": 409,
        "Net profit from business activities": -3343,
        "Profit": 1050,
        "Profit before tax": -2293,
        "Present corporate income tax expenses": 345,
        "Deferred income taxes expenses": "N/A",
        "The interests of minority shareholders": "N/A",
        "Total Cost of profits": 345,
        "Profit after tax corporate income": -2638,
        "Volume": 25522767,
        "Close of Quarter": 3.8,
        "EPS": -502,
        "Non-adjusted EPS": -502,
        "PE": -7.6,
        "Book Price": 10.7
      }
    },
    {
      "quarter": "Q2 2012",
      "income status": {
        "Net sales": 126487,
        "Cost of goods sold": 111495,
        "Gross Profit": 14992,
        "Financial expenses": 9471,
        "Of which: Interest expense": 7959,
        "Cost of sales": 2524,
        "Enterprise cost management": 5469,
        "Total Operating Expenses": 17464,
        "Total revenue financing activities": 1414,
        "Net profit from business activities": -1059,
        "Profit": 658,
        "Profit before tax": -401,
        "Present corporate income tax expenses": 380,
        "Deferred income taxes expenses": "N/A",
        "The interests of minority shareholders": "N/A",
        "Total Cost of profits": 380,
        "Profit after tax corporate income": -780,
        "Volume": 25522767,
        "Close of Quarter": 4.7,
        "EPS": -391,
        "Non-adjusted EPS": -391,
        "PE": -12.0,
        "Book Price": 10.8
      }
    },
    {
      "quarter": "Q1 2012",
      "income status": {
        "Net sales": 230060,
        "Cost of goods sold": 212034,
        "Gross Profit": 18026,
        "Financial expenses": 13199,
        "Of which: Interest expense": 12710,
        "Cost of sales": 2214,
        "Enterprise cost management": 7757,
        "Total Operating Expenses": 23170,
        "Total revenue financing activities": 2612,
        "Net profit from business activities": -2532,
        "Profit": 429,
        "Profit before tax": -2103,
        "Present corporate income tax expenses": 258,
        "Deferred income taxes expenses": "N/A",
        "The interests of minority shareholders": "N/A",
        "Total Cost of profits": 258,
        "Profit after tax corporate income": -2361,
        "Volume": 25522767,
        "Close of Quarter": 4.2,
        "EPS": -342,
        "Non-adjusted EPS": -342,
        "PE": -12.3,
        "Book Price": 10.9
      }
    },
    {
      "quarter": "Q4 2011",
      "income status": {
        "Net sales": 219851,
        "Cost of goods sold": 202241,
        "Gross Profit": 17610,
        "Financial expenses": 32226,
        "Of which: Interest expense": 19296,
        "Cost of sales": 3351,
        "Enterprise cost management": 8221,
        "Total Operating Expenses": 43798,
        "Total revenue financing activities": 418,
        "Net profit from business activities": -25770,
        "Profit": 18893,
        "Profit before tax": -6877,
        "Present corporate income tax expenses": 165,
        "Deferred income taxes expenses": "N/A",
        "The interests of minority shareholders": "N/A",
        "Total Cost of profits": 165,
        "Profit after tax corporate income": -7042,
        "Volume": 25522767,
        "Close of Quarter": 4,
        "EPS": -231,
        "Non-adjusted EPS": -231,
        "PE": -17.3,
        "Book Price": 11.1
      }
    },
    {
      "quarter": "Q3 2011",
      "income status": {
        "Net sales": 297847,
        "Cost of goods sold": 270499,
        "Gross Profit": 27348,
        "Financial expenses": 19731,
        "Of which: Interest expense": 17863,
        "Cost of sales": 1902,
        "Enterprise cost management": 6676,
        "Total Operating Expenses": 28309,
        "Total revenue financing activities": 881,
        "Net profit from business activities": -80,
        "Profit": 691,
        "Profit before tax": 611,
        "Present corporate income tax expenses": 399,
        "Deferred income taxes expenses": "N/A",
        "The interests of minority shareholders": "N/A",
        "Total Cost of profits": 399,
        "Profit after tax corporate income": 212,
        "Volume": 25522767,
        "Close of Quarter": 5.7,
        "EPS": 79,
        "Non-adjusted EPS": 79,
        "PE": 72.2,
        "Book Price": 11.4
      }
    },
    {
      "quarter": "Q2 2011",
      "income status": {
        "Net sales": 223830,
        "Cost of goods sold": 197937,
        "Gross Profit": 25893,
        "Financial expenses": 20126,
        "Of which: Interest expense": 15394,
        "Cost of sales": 2837,
        "Enterprise cost management": 7228,
        "Total Operating Expenses": 30191,
        "Total revenue financing activities": 4361,
        "Net profit from business activities": 62,
        "Profit": 514,
        "Profit before tax": 576,
        "Present corporate income tax expenses": 120,
        "Deferred income taxes expenses": "N/A",
        "The interests of minority shareholders": "N/A",
        "Total Cost of profits": 120,
        "Profit after tax corporate income": 456,
        "Volume": 25522767,
        "Close of Quarter": 5.7,
        "EPS": 251,
        "Non-adjusted EPS": 251,
        "PE": 22.7,
        "Book Price": 11.9
      }
    },
    {
      "quarter": "Q1 2011",
      "income status": {
        "Net sales": 236940,
        "Cost of goods sold": 215334,
        "Gross Profit": 21606,
        "Financial expenses": 22051,
        "Of which: Interest expense": 12975,
        "Cost of sales": 2558,
        "Enterprise cost management": 6898,
        "Total Operating Expenses": 31507,
        "Total revenue financing activities": 10177,
        "Net profit from business activities": 276,
        "Profit": 497,
        "Profit before tax": 773,
        "Present corporate income tax expenses": 297,
        "Deferred income taxes expenses": "N/A",
        "The interests of minority shareholders": "N/A",
        "Total Cost of profits": 297,
        "Profit after tax corporate income": 476,
        "Volume": 25522767,
        "Close of Quarter": 8.6,
        "EPS": 405,
        "Non-adjusted EPS": 405,
        "PE": 21.2,
        "Book Price": 12
      }
    }
  ]
}