{
  "ticker": "NGC",
  "data": [
    {
      "quarter": "Q4 2016",
      "income status": {
        "Net sales": 61719,
        "Cost of goods sold": 55646,
        "Gross Profit": 6073,
        "Financial expenses": 1236,
        "Of which: Interest expense": 1057,
        "Cost of sales": 1801,
        "Enterprise cost management": 1762,
        "Total Operating Expenses": 4799,
        "Total revenue financing activities": 241,
        "Net profit from business activities": 1515,
        "Profit": "N/A",
        "Profit before tax": 1515,
        "Present corporate income tax expenses": "N/A",
        "Deferred income taxes expenses": "N/A",
        "The interests of minority shareholders": "N/A",
        "Total Cost of profits": 0,
        "Profit after tax corporate income": 1515,
        "Volume": 1999944,
        "Close of Quarter": 8,
        "EPS": 1656,
        "Non-adjusted EPS": 1656,
        "PE": 4.8,
        "Book Price": 11.5
      }
    },
    {
      "quarter": "Q3 2016",
      "income status": {
        "Net sales": 52945,
        "Cost of goods sold": 48095,
        "Gross Profit": 4850,
        "Financial expenses": 1069,
        "Of which: Interest expense": 1061,
        "Cost of sales": 1945,
        "Enterprise cost management": 1314,
        "Total Operating Expenses": 4328,
        "Total revenue financing activities": 96,
        "Net profit from business activities": 617,
        "Profit": -8,
        "Profit before tax": 610,
        "Present corporate income tax expenses": "N/A",
        "Deferred income taxes expenses": "N/A",
        "The interests of minority shareholders": "N/A",
        "Total Cost of profits": 0,
        "Profit after tax corporate income": 610,
        "Volume": 1999944,
        "Close of Quarter": 8,
        "EPS": 1688,
        "Non-adjusted EPS": 1688,
        "PE": 4.7,
        "Book Price": 10.8
      }
    },
    {
      "quarter": "Q2 2016",
      "income status": {
        "Net sales": 51860,
        "Cost of goods sold": 46941,
        "Gross Profit": 4920,
        "Financial expenses": 1232,
        "Of which: Interest expense": 1174,
        "Cost of sales": 2079,
        "Enterprise cost management": 1631,
        "Total Operating Expenses": 4942,
        "Total revenue financing activities": 130,
        "Net profit from business activities": 108,
        "Profit": 49,
        "Profit before tax": 157,
        "Present corporate income tax expenses": -499,
        "Deferred income taxes expenses": "N/A",
        "The interests of minority shareholders": "N/A",
        "Total Cost of profits": -499,
        "Profit after tax corporate income": 656,
        "Volume": 1999944,
        "Close of Quarter": 9,
        "EPS": 1439,
        "Non-adjusted EPS": 1439,
        "PE": 6.3,
        "Book Price": 10.6
      }
    },
    {
      "quarter": "Q1 2016",
      "income status": {
        "Net sales": 55692,
        "Cost of goods sold": 50633,
        "Gross Profit": 5059,
        "Financial expenses": 1628,
        "Of which: Interest expense": 1435,
        "Cost of sales": 1752,
        "Enterprise cost management": 1350,
        "Total Operating Expenses": 4730,
        "Total revenue financing activities": 210,
        "Net profit from business activities": 539,
        "Profit": -8,
        "Profit before tax": 531,
        "Present corporate income tax expenses": "N/A",
        "Deferred income taxes expenses": "N/A",
        "The interests of minority shareholders": "N/A",
        "Total Cost of profits": 0,
        "Profit after tax corporate income": 531,
        "Volume": 1999944,
        "Close of Quarter": 8.3,
        "EPS": 1030,
        "Non-adjusted EPS": 1030,
        "PE": 8.1,
        "Book Price": 11.3
      }
    },
    {
      "quarter": "Q4 2015",
      "income status": {
        "Net sales": 61615,
        "Cost of goods sold": 53596,
        "Gross Profit": 8019,
        "Financial expenses": 2248,
        "Of which: Interest expense": 1769,
        "Cost of sales": 2317,
        "Enterprise cost management": 1440,
        "Total Operating Expenses": 6005,
        "Total revenue financing activities": 251,
        "Net profit from business activities": 2265,
        "Profit": -235,
        "Profit before tax": 2031,
        "Present corporate income tax expenses": 453,
        "Deferred income taxes expenses": "N/A",
        "The interests of minority shareholders": "N/A",
        "Total Cost of profits": 453,
        "Profit after tax corporate income": 1578,
        "Volume": 1999944,
        "Close of Quarter": 7.6,
        "EPS": 944,
        "Non-adjusted EPS": 944,
        "PE": 8.1,
        "Book Price": 11.2
      }
    },
    {
      "quarter": "Q3 2015",
      "income status": {
        "Net sales": 53503,
        "Cost of goods sold": 50349,
        "Gross Profit": 3153,
        "Financial expenses": 1134,
        "Of which: Interest expense": 1003,
        "Cost of sales": 1225,
        "Enterprise cost management": 1056,
        "Total Operating Expenses": 3415,
        "Total revenue financing activities": 402,
        "Net profit from business activities": 140,
        "Profit": "N/A",
        "Profit before tax": 140,
        "Present corporate income tax expenses": 28,
        "Deferred income taxes expenses": "N/A",
        "The interests of minority shareholders": "N/A",
        "Total Cost of profits": 28,
        "Profit after tax corporate income": 112,
        "Volume": 1999944,
        "Close of Quarter": 6.9,
        "EPS": 345,
        "Non-adjusted EPS": 345,
        "PE": 19.9,
        "Book Price": 10.5
      }
    },
    {
      "quarter": "Q2 2015",
      "income status": {
        "Net sales": 67685,
        "Cost of goods sold": 61952,
        "Gross Profit": 5733,
        "Financial expenses": 1792,
        "Of which: Interest expense": 1149,
        "Cost of sales": 2861,
        "Enterprise cost management": 1422,
        "Total Operating Expenses": 6075,
        "Total revenue financing activities": 141,
        "Net profit from business activities": -201,
        "Profit": "N/A",
        "Profit before tax": -201,
        "Present corporate income tax expenses": -40,
        "Deferred income taxes expenses": "N/A",
        "The interests of minority shareholders": "N/A",
        "Total Cost of profits": -40,
        "Profit after tax corporate income": -161,
        "Volume": 1200000,
        "Close of Quarter": 13.9,
        "EPS": 3846.7,
        "Non-adjusted EPS": 6411,
        "PE": 2.2,
        "Book Price": 10.6
      }
    },
    {
      "quarter": "Q1 2015",
      "income status": {
        "Net sales": 55866,
        "Cost of goods sold": 50992,
        "Gross Profit": 4874,
        "Financial expenses": 1223,
        "Of which: Interest expense": 1192,
        "Cost of sales": 2036,
        "Enterprise cost management": 1349,
        "Total Operating Expenses": 4608,
        "Total revenue financing activities": 182,
        "Net profit from business activities": 449,
        "Profit": "N/A",
        "Profit before tax": 449,
        "Present corporate income tax expenses": 90,
        "Deferred income taxes expenses": "N/A",
        "The interests of minority shareholders": "N/A",
        "Total Cost of profits": 90,
        "Profit after tax corporate income": 359,
        "Volume": 1200000,
        "Close of Quarter": 14.0,
        "EPS": 4956.7,
        "Non-adjusted EPS": 8261,
        "PE": 1.7,
        "Book Price": 11.3
      }
    },
    {
      "quarter": "Q4 2014",
      "income status": {
        "Net sales": 77779,
        "Cost of goods sold": 70775,
        "Gross Profit": 7004,
        "Financial expenses": 1227,
        "Of which: Interest expense": 1125,
        "Cost of sales": 3839,
        "Enterprise cost management": 1542,
        "Total Operating Expenses": 6608,
        "Total revenue financing activities": 78,
        "Net profit from business activities": 474,
        "Profit": "N/A",
        "Profit before tax": 474,
        "Present corporate income tax expenses": 95,
        "Deferred income taxes expenses": "N/A",
        "The interests of minority shareholders": "N/A",
        "Total Cost of profits": 95,
        "Profit after tax corporate income": 379,
        "Volume": 1200000,
        "Close of Quarter": 12.3,
        "EPS": 5019.7,
        "Non-adjusted EPS": 8366,
        "PE": 1.5,
        "Book Price": 11.5
      }
    },
    {
      "quarter": "Q3 2014",
      "income status": {
        "Net sales": 78217,
        "Cost of goods sold": 72066,
        "Gross Profit": 6152,
        "Financial expenses": 1392,
        "Of which: Interest expense": 1329,
        "Cost of sales": 2596,
        "Enterprise cost management": 1224,
        "Total Operating Expenses": 5212,
        "Total revenue financing activities": 110,
        "Net profit from business activities": 1050,
        "Profit": 8054,
        "Profit before tax": 9104,
        "Present corporate income tax expenses": 2325,
        "Deferred income taxes expenses": -337,
        "The interests of minority shareholders": "N/A",
        "Total Cost of profits": 1988,
        "Profit after tax corporate income": 7116,
        "Volume": 1200000,
        "Close of Quarter": 8.8,
        "EPS": 5465.0,
        "Non-adjusted EPS": 9108,
        "PE": 1.0,
        "Book Price": 11.4
      }
    },
    {
      "quarter": "Q2 2014",
      "income status": {
        "Net sales": 58777,
        "Cost of goods sold": 53026,
        "Gross Profit": 5751,
        "Financial expenses": 1607,
        "Of which: Interest expense": 1435,
        "Cost of sales": 2079,
        "Enterprise cost management": 1197,
        "Total Operating Expenses": 4883,
        "Total revenue financing activities": 139,
        "Net profit from business activities": 1006,
        "Profit": 1616,
        "Profit before tax": 2623,
        "Present corporate income tax expenses": 900,
        "Deferred income taxes expenses": -337,
        "The interests of minority shareholders": "N/A",
        "Total Cost of profits": 563,
        "Profit after tax corporate income": 2059,
        "Volume": 1200000,
        "Close of Quarter": 8.0,
        "EPS": 2040.1,
        "Non-adjusted EPS": 3400,
        "PE": 2.4,
        "Book Price": 8.6
      }
    },
    {
      "quarter": "Q1 2014",
      "income status": {
        "Net sales": 42270,
        "Cost of goods sold": 37469,
        "Gross Profit": 4802,
        "Financial expenses": 1674,
        "Of which: Interest expense": 1668,
        "Cost of sales": 1383,
        "Enterprise cost management": 1201,
        "Total Operating Expenses": 4258,
        "Total revenue financing activities": 62,
        "Net profit from business activities": 606,
        "Profit": "N/A",
        "Profit before tax": 606,
        "Present corporate income tax expenses": 121,
        "Deferred income taxes expenses": "N/A",
        "The interests of minority shareholders": "N/A",
        "Total Cost of profits": 121,
        "Profit after tax corporate income": 485,
        "Volume": 1200000,
        "Close of Quarter": 7.0,
        "EPS": 1481.4,
        "Non-adjusted EPS": 2469,
        "PE": 2.8,
        "Book Price": 8.6
      }
    },
    {
      "quarter": "Q4 2013",
      "income status": {
        "Net sales": 52826,
        "Cost of goods sold": 46106,
        "Gross Profit": 6720,
        "Financial expenses": 1538,
        "Of which: Interest expense": 1482,
        "Cost of sales": 1746,
        "Enterprise cost management": 1383,
        "Total Operating Expenses": 4667,
        "Total revenue financing activities": 178,
        "Net profit from business activities": 2231,
        "Profit": -526,
        "Profit before tax": 1704,
        "Present corporate income tax expenses": 436,
        "Deferred income taxes expenses": "N/A",
        "The interests of minority shareholders": "N/A",
        "Total Cost of profits": 436,
        "Profit after tax corporate income": 1269,
        "Volume": 1200000,
        "Close of Quarter": 6.3,
        "EPS": 1294.2,
        "Non-adjusted EPS": 2157,
        "PE": 2.9,
        "Book Price": 8.5
      }
    },
    {
      "quarter": "Q3 2013",
      "income status": {
        "Net sales": 42476,
        "Cost of goods sold": 38469,
        "Gross Profit": 4007,
        "Financial expenses": 1525,
        "Of which: Interest expense": 1274,
        "Cost of sales": 1239,
        "Enterprise cost management": 1090,
        "Total Operating Expenses": 3854,
        "Total revenue financing activities": 180,
        "Net profit from business activities": 334,
        "Profit": "N/A",
        "Profit before tax": 334,
        "Present corporate income tax expenses": 67,
        "Deferred income taxes expenses": "N/A",
        "The interests of minority shareholders": "N/A",
        "Total Cost of profits": 67,
        "Profit after tax corporate income": 267,
        "Volume": 1200000,
        "Close of Quarter": 4.1,
        "EPS": 1608.1,
        "Non-adjusted EPS": 2680,
        "PE": 1.5,
        "Book Price": 7.9
      }
    },
    {
      "quarter": "Q2 2013",
      "income status": {
        "Net sales": 36727,
        "Cost of goods sold": 33442,
        "Gross Profit": 3285,
        "Financial expenses": 2093,
        "Of which: Interest expense": 1881,
        "Cost of sales": 2335,
        "Enterprise cost management": 1270,
        "Total Operating Expenses": 5698,
        "Total revenue financing activities": 140,
        "Net profit from business activities": -2274,
        "Profit": 3554,
        "Profit before tax": 1281,
        "Present corporate income tax expenses": 339,
        "Deferred income taxes expenses": "N/A",
        "The interests of minority shareholders": "N/A",
        "Total Cost of profits": 339,
        "Profit after tax corporate income": 942,
        "Volume": 1200000,
        "Close of Quarter": 4.4,
        "EPS": 1207.8,
        "Non-adjusted EPS": 2013,
        "PE": 2.2,
        "Book Price": 8.0
      }
    },
    {
      "quarter": "Q1 2013",
      "income status": {
        "Net sales": 36571,
        "Cost of goods sold": 32559,
        "Gross Profit": 4013,
        "Financial expenses": 1664,
        "Of which: Interest expense": 1629,
        "Cost of sales": 1275,
        "Enterprise cost management": 1034,
        "Total Operating Expenses": 3973,
        "Total revenue financing activities": 83,
        "Net profit from business activities": 123,
        "Profit": "N/A",
        "Profit before tax": 123,
        "Present corporate income tax expenses": 12,
        "Deferred income taxes expenses": "N/A",
        "The interests of minority shareholders": "N/A",
        "Total Cost of profits": 12,
        "Profit after tax corporate income": 110,
        "Volume": 1200000,
        "Close of Quarter": 4.5,
        "EPS": 970.2,
        "Non-adjusted EPS": 1617,
        "PE": 2.8,
        "Book Price": 7.9
      }
    },
    {
      "quarter": "Q4 2012",
      "income status": {
        "Net sales": 60762,
        "Cost of goods sold": 53290,
        "Gross Profit": 7472,
        "Financial expenses": 2119,
        "Of which: Interest expense": 2108,
        "Cost of sales": 1901,
        "Enterprise cost management": 1467,
        "Total Operating Expenses": 5487,
        "Total revenue financing activities": 63,
        "Net profit from business activities": 2049,
        "Profit": "N/A",
        "Profit before tax": 2049,
        "Present corporate income tax expenses": 151,
        "Deferred income taxes expenses": "N/A",
        "The interests of minority shareholders": "N/A",
        "Total Cost of profits": 151,
        "Profit after tax corporate income": 1897,
        "Volume": 1200000,
        "Close of Quarter": 5.7,
        "EPS": 982.8,
        "Non-adjusted EPS": 1638,
        "PE": 3.5,
        "Book Price": 8.0
      }
    },
    {
      "quarter": "Q3 2012",
      "income status": {
        "Net sales": 41736,
        "Cost of goods sold": 37868,
        "Gross Profit": 3868,
        "Financial expenses": 2350,
        "Of which: Interest expense": 2317,
        "Cost of sales": 1102,
        "Enterprise cost management": 1026,
        "Total Operating Expenses": 4478,
        "Total revenue financing activities": 76,
        "Net profit from business activities": -534,
        "Profit": "N/A",
        "Profit before tax": -534,
        "Present corporate income tax expenses": "N/A",
        "Deferred income taxes expenses": "N/A",
        "The interests of minority shareholders": "N/A",
        "Total Cost of profits": 0,
        "Profit after tax corporate income": -534,
        "Volume": 1200000,
        "Close of Quarter": 4.7,
        "EPS": 624.0,
        "Non-adjusted EPS": 1040,
        "PE": 4.5,
        "Book Price": 7.2
      }
    },
    {
      "quarter": "Q2 2012",
      "income status": {
        "Net sales": 69394,
        "Cost of goods sold": 62183,
        "Gross Profit": 7211,
        "Financial expenses": 2829,
        "Of which: Interest expense": 2769,
        "Cost of sales": 2300,
        "Enterprise cost management": 1700,
        "Total Operating Expenses": 6829,
        "Total revenue financing activities": 137,
        "Net profit from business activities": 519,
        "Profit": "N/A",
        "Profit before tax": 519,
        "Present corporate income tax expenses": 52,
        "Deferred income taxes expenses": "N/A",
        "The interests of minority shareholders": "N/A",
        "Total Cost of profits": 52,
        "Profit after tax corporate income": 467,
        "Volume": 1200000,
        "Close of Quarter": 4.2,
        "EPS": 945.6,
        "Non-adjusted EPS": 1576,
        "PE": 2.7,
        "Book Price": 7.5
      }
    },
    {
      "quarter": "Q1 2012",
      "income status": {
        "Net sales": 54633,
        "Cost of goods sold": 48955,
        "Gross Profit": 5679,
        "Financial expenses": 2983,
        "Of which: Interest expense": 2863,
        "Cost of sales": 1443,
        "Enterprise cost management": 1282,
        "Total Operating Expenses": 5708,
        "Total revenue financing activities": 179,
        "Net profit from business activities": 150,
        "Profit": "N/A",
        "Profit before tax": 150,
        "Present corporate income tax expenses": 15,
        "Deferred income taxes expenses": "N/A",
        "The interests of minority shareholders": "N/A",
        "Total Cost of profits": 15,
        "Profit after tax corporate income": 135,
        "Volume": 1200000,
        "Close of Quarter": 3.1,
        "EPS": 1208.4,
        "Non-adjusted EPS": 2014,
        "PE": 1.5,
        "Book Price": 7.6
      }
    },
    {
      "quarter": "Q4 2011",
      "income status": {
        "Net sales": 73223,
        "Cost of goods sold": 65977,
        "Gross Profit": 7246,
        "Financial expenses": 3202,
        "Of which: Interest expense": 2973,
        "Cost of sales": 1681,
        "Enterprise cost management": 1552,
        "Total Operating Expenses": 6435,
        "Total revenue financing activities": 643,
        "Net profit from business activities": 1454,
        "Profit": "N/A",
        "Profit before tax": 1454,
        "Present corporate income tax expenses": 274,
        "Deferred income taxes expenses": "N/A",
        "The interests of minority shareholders": "N/A",
        "Total Cost of profits": 274,
        "Profit after tax corporate income": 1180,
        "Volume": 1200000,
        "Close of Quarter": 2.5,
        "EPS": 1414.8,
        "Non-adjusted EPS": 2358,
        "PE": 1.1,
        "Book Price": 8.2
      }
    },
    {
      "quarter": "Q3 2011",
      "income status": {
        "Net sales": 71803,
        "Cost of goods sold": 66108,
        "Gross Profit": 5695,
        "Financial expenses": 2685,
        "Of which: Interest expense": 2104,
        "Cost of sales": 1874,
        "Enterprise cost management": 1480,
        "Total Operating Expenses": 6039,
        "Total revenue financing activities": 467,
        "Net profit from business activities": 122,
        "Profit": "N/A",
        "Profit before tax": 122,
        "Present corporate income tax expenses": 12,
        "Deferred income taxes expenses": "N/A",
        "The interests of minority shareholders": "N/A",
        "Total Cost of profits": 12,
        "Profit after tax corporate income": 109,
        "Volume": 1200000,
        "Close of Quarter": 3.0,
        "EPS": 1957.3,
        "Non-adjusted EPS": 3262,
        "PE": 0.9,
        "Book Price": 7.9
      }
    },
    {
      "quarter": "Q2 2011",
      "income status": {
        "Net sales": 55327,
        "Cost of goods sold": 49537,
        "Gross Profit": 5790,
        "Financial expenses": 1818,
        "Of which: Interest expense": 1597,
        "Cost of sales": 1775,
        "Enterprise cost management": 1523,
        "Total Operating Expenses": 5116,
        "Total revenue financing activities": 430,
        "Net profit from business activities": 1104,
        "Profit": "N/A",
        "Profit before tax": 1104,
        "Present corporate income tax expenses": 110,
        "Deferred income taxes expenses": "N/A",
        "The interests of minority shareholders": "N/A",
        "Total Cost of profits": 110,
        "Profit after tax corporate income": 993,
        "Volume": 1200000,
        "Close of Quarter": 3.0,
        "EPS": 2014.9,
        "Non-adjusted EPS": 3358,
        "PE": 0.9,
        "Book Price": 7.9
      }
    },
    {
      "quarter": "Q1 2011",
      "income status": {
        "Net sales": 37521,
        "Cost of goods sold": 33835,
        "Gross Profit": 3686,
        "Financial expenses": 2540,
        "Of which: Interest expense": 1546,
        "Cost of sales": 1074,
        "Enterprise cost management": 1105,
        "Total Operating Expenses": 4719,
        "Total revenue financing activities": 1642,
        "Net profit from business activities": 608,
        "Profit": "N/A",
        "Profit before tax": 608,
        "Present corporate income tax expenses": 60,
        "Deferred income taxes expenses": "N/A",
        "The interests of minority shareholders": "N/A",
        "Total Cost of profits": 60,
        "Profit after tax corporate income": 548,
        "Volume": 1200000,
        "Close of Quarter": 3.0,
        "EPS": 1723.9,
        "Non-adjusted EPS": 2873,
        "PE": 1.0,
        "Book Price": 7.6
      }
    }
  ]
}