{
  "ticker": "HAI",
  "data": [
    {
      "quarter": "Q4 2016",
      "income status": {
        "Net sales": 613375,
        "Cost of goods sold": 550115,
        "Gross Profit": 63260,
        "Financial expenses": 13075,
        "Of which: Interest expense": 11257,
        "Cost of sales": 22946,
        "Enterprise cost management": 6701,
        "Total Operating Expenses": 42722,
        "Total revenue financing activities": 9095,
        "Net profit from business activities": 29632,
        "Profit": 4061,
        "Profit before tax": 33694,
        "Present corporate income tax expenses": 8416,
        "Deferred income taxes expenses": -1222,
        "The interests of minority shareholders": "N/A",
        "Total Cost of profits": 7194,
        "Profit after tax corporate income": 26500,
        "Volume": 117299314,
        "Close of Quarter": 3.4,
        "EPS": 536,
        "Non-adjusted EPS": 536,
        "PE": 6.3,
        "Book Price": 11.5
      }
    },
    {
      "quarter": "Q3 2016",
      "income status": {
        "Net sales": 363454,
        "Cost of goods sold": 320420,
        "Gross Profit": 43034,
        "Financial expenses": 9208,
        "Of which: Interest expense": 9000,
        "Cost of sales": 27060,
        "Enterprise cost management": 6097,
        "Total Operating Expenses": 42365,
        "Total revenue financing activities": 5372,
        "Net profit from business activities": 6041,
        "Profit": 1440,
        "Profit before tax": 7480,
        "Present corporate income tax expenses": 1171,
        "Deferred income taxes expenses": 502,
        "The interests of minority shareholders": "N/A",
        "Total Cost of profits": 1673,
        "Profit after tax corporate income": 5808,
        "Volume": 117299314,
        "Close of Quarter": 3.8,
        "EPS": 778,
        "Non-adjusted EPS": 778,
        "PE": 4.8,
        "Book Price": 11.3
      }
    },
    {
      "quarter": "Q2 2016",
      "income status": {
        "Net sales": 367570,
        "Cost of goods sold": 313532,
        "Gross Profit": 54037,
        "Financial expenses": 8507,
        "Of which: Interest expense": 9089,
        "Cost of sales": 28695,
        "Enterprise cost management": 6005,
        "Total Operating Expenses": 43207,
        "Total revenue financing activities": 6484,
        "Net profit from business activities": 17314,
        "Profit": 267,
        "Profit before tax": 17581,
        "Present corporate income tax expenses": 3333,
        "Deferred income taxes expenses": 178,
        "The interests of minority shareholders": "N/A",
        "Total Cost of profits": 3511,
        "Profit after tax corporate income": 14070,
        "Volume": 117299314,
        "Close of Quarter": 4.6,
        "EPS": 691,
        "Non-adjusted EPS": 691,
        "PE": 6.7,
        "Book Price": 11.2
      }
    },
    {
      "quarter": "Q1 2016",
      "income status": {
        "Net sales": 267540,
        "Cost of goods sold": 221291,
        "Gross Profit": 46249,
        "Financial expenses": 7793,
        "Of which: Interest expense": 7773,
        "Cost of sales": 29499,
        "Enterprise cost management": 5796,
        "Total Operating Expenses": 43088,
        "Total revenue financing activities": 9899,
        "Net profit from business activities": 13059,
        "Profit": 7276,
        "Profit before tax": 20335,
        "Present corporate income tax expenses": 4080,
        "Deferred income taxes expenses": -286,
        "The interests of minority shareholders": "N/A",
        "Total Cost of profits": 3794,
        "Profit after tax corporate income": 16541,
        "Volume": 117299314,
        "Close of Quarter": 6,
        "EPS": 637,
        "Non-adjusted EPS": 637,
        "PE": 9.4,
        "Book Price": 11.2
      }
    },
    {
      "quarter": "Q4 2015",
      "income status": {
        "Net sales": 304936,
        "Cost of goods sold": 254335,
        "Gross Profit": 50601,
        "Financial expenses": -3214,
        "Of which: Interest expense": 6989,
        "Cost of sales": 32920,
        "Enterprise cost management": -3287,
        "Total Operating Expenses": 26419,
        "Total revenue financing activities": 29969,
        "Net profit from business activities": 54151,
        "Profit": 12409,
        "Profit before tax": 66560,
        "Present corporate income tax expenses": 11805,
        "Deferred income taxes expenses": -56,
        "The interests of minority shareholders": "N/A",
        "Total Cost of profits": 11749,
        "Profit after tax corporate income": 54810,
        "Volume": 117299314,
        "Close of Quarter": 5.2,
        "EPS": 639,
        "Non-adjusted EPS": 639,
        "PE": 8.1,
        "Book Price": 11
      }
    },
    {
      "quarter": "Q3 2015",
      "income status": {
        "Net sales": 498486,
        "Cost of goods sold": 453780,
        "Gross Profit": 44706,
        "Financial expenses": 9531,
        "Of which: Interest expense": 6244,
        "Cost of sales": 35851,
        "Enterprise cost management": 10621,
        "Total Operating Expenses": 56003,
        "Total revenue financing activities": 7028,
        "Net profit from business activities": -3714,
        "Profit": 1284,
        "Profit before tax": -2431,
        "Present corporate income tax expenses": 2543,
        "Deferred income taxes expenses": -634,
        "The interests of minority shareholders": "N/A",
        "Total Cost of profits": 1909,
        "Profit after tax corporate income": -4339,
        "Volume": 117299314,
        "Close of Quarter": 5.8,
        "EPS": 257,
        "Non-adjusted EPS": 257,
        "PE": 22.6,
        "Book Price": 10.7
      }
    },
    {
      "quarter": "Q2 2015",
      "income status": {
        "Net sales": 427049,
        "Cost of goods sold": 382957,
        "Gross Profit": 44091,
        "Financial expenses": 8000,
        "Of which: Interest expense": 3878,
        "Cost of sales": 25305,
        "Enterprise cost management": 12413,
        "Total Operating Expenses": 45718,
        "Total revenue financing activities": 20222,
        "Net profit from business activities": 18483,
        "Profit": -6875,
        "Profit before tax": 11608,
        "Present corporate income tax expenses": 3707,
        "Deferred income taxes expenses": 168,
        "The interests of minority shareholders": "N/A",
        "Total Cost of profits": 3875,
        "Profit after tax corporate income": 7733,
        "Volume": 101999955,
        "Close of Quarter": 8.2,
        "EPS": 458.3,
        "Non-adjusted EPS": 527,
        "PE": 15.5,
        "Book Price": 10.7
      }
    },
    {
      "quarter": "Q1 2015",
      "income status": {
        "Net sales": 393282,
        "Cost of goods sold": 334936,
        "Gross Profit": 58345,
        "Financial expenses": 5542,
        "Of which: Interest expense": 4754,
        "Cost of sales": 34453,
        "Enterprise cost management": 5380,
        "Total Operating Expenses": 45375,
        "Total revenue financing activities": 240,
        "Net profit from business activities": 12932,
        "Profit": 8475,
        "Profit before tax": 21407,
        "Present corporate income tax expenses": 4816,
        "Deferred income taxes expenses": -203,
        "The interests of minority shareholders": "N/A",
        "Total Cost of profits": 4613,
        "Profit after tax corporate income": 16795,
        "Volume": 86999955,
        "Close of Quarter": 10.5,
        "EPS": 440.6,
        "Non-adjusted EPS": 594,
        "PE": 17.7,
        "Book Price": 9.1
      }
    },
    {
      "quarter": "Q4 2014",
      "income status": {
        "Net sales": 210394,
        "Cost of goods sold": 182393,
        "Gross Profit": 28001,
        "Financial expenses": -2203,
        "Of which: Interest expense": 3764,
        "Cost of sales": 20128,
        "Enterprise cost management": 1696,
        "Total Operating Expenses": 19621,
        "Total revenue financing activities": 2438,
        "Net profit from business activities": 10818,
        "Profit": -127,
        "Profit before tax": 10692,
        "Present corporate income tax expenses": 589,
        "Deferred income taxes expenses": 139,
        "The interests of minority shareholders": "N/A",
        "Total Cost of profits": 728,
        "Profit after tax corporate income": 9964,
        "Volume": 34799982,
        "Close of Quarter": 11.8,
        "EPS": 406.5,
        "Non-adjusted EPS": 1370,
        "PE": 8.6,
        "Book Price": 3.4
      }
    },
    {
      "quarter": "Q3 2014",
      "income status": {
        "Net sales": 258536,
        "Cost of goods sold": 196191,
        "Gross Profit": 62345,
        "Financial expenses": 5823,
        "Of which: Interest expense": 5437,
        "Cost of sales": 22573,
        "Enterprise cost management": 13522,
        "Total Operating Expenses": 41918,
        "Total revenue financing activities": 1042,
        "Net profit from business activities": 21392,
        "Profit": 7188,
        "Profit before tax": 28580,
        "Present corporate income tax expenses": 9399,
        "Deferred income taxes expenses": -80,
        "The interests of minority shareholders": "N/A",
        "Total Cost of profits": 9319,
        "Profit after tax corporate income": 19262,
        "Volume": 17399991,
        "Close of Quarter": 16.9,
        "EPS": 328.3,
        "Non-adjusted EPS": 2213,
        "PE": 7.6,
        "Book Price": 3.3
      }
    },
    {
      "quarter": "Q2 2014",
      "income status": {
        "Net sales": 198228,
        "Cost of goods sold": 167228,
        "Gross Profit": 31000,
        "Financial expenses": 5706,
        "Of which: Interest expense": 4411,
        "Cost of sales": 19990,
        "Enterprise cost management": 3087,
        "Total Operating Expenses": 28783,
        "Total revenue financing activities": -107,
        "Net profit from business activities": 2177,
        "Profit": 5180,
        "Profit before tax": 7357,
        "Present corporate income tax expenses": 1724,
        "Deferred income taxes expenses": -16,
        "The interests of minority shareholders": "N/A",
        "Total Cost of profits": 1708,
        "Profit after tax corporate income": 5649,
        "Volume": 17399991,
        "Close of Quarter": 9.5,
        "EPS": 336.7,
        "Non-adjusted EPS": 2270,
        "PE": 4.2,
        "Book Price": 3.1
      }
    },
    {
      "quarter": "Q1 2014",
      "income status": {
        "Net sales": 323292,
        "Cost of goods sold": 272040,
        "Gross Profit": 51252,
        "Financial expenses": 6506,
        "Of which: Interest expense": 5196,
        "Cost of sales": 25526,
        "Enterprise cost management": 3298,
        "Total Operating Expenses": 35330,
        "Total revenue financing activities": 170,
        "Net profit from business activities": 15637,
        "Profit": 703,
        "Profit before tax": 16340,
        "Present corporate income tax expenses": 3620,
        "Deferred income taxes expenses": -97,
        "The interests of minority shareholders": "N/A",
        "Total Cost of profits": 3523,
        "Profit after tax corporate income": 12817,
        "Volume": 17399991,
        "Close of Quarter": 8.7,
        "EPS": 360.0,
        "Non-adjusted EPS": 2427,
        "PE": 3.6,
        "Book Price": 3.1
      }
    },
    {
      "quarter": "Q4 2013",
      "income status": {
        "Net sales": 116760,
        "Cost of goods sold": 95836,
        "Gross Profit": 20924,
        "Financial expenses": 4416,
        "Of which: Interest expense": 3916,
        "Cost of sales": 14736,
        "Enterprise cost management": 2983,
        "Total Operating Expenses": 22135,
        "Total revenue financing activities": 260,
        "Net profit from business activities": -951,
        "Profit": 2178,
        "Profit before tax": 1227,
        "Present corporate income tax expenses": 474,
        "Deferred income taxes expenses": -16,
        "The interests of minority shareholders": "N/A",
        "Total Cost of profits": 458,
        "Profit after tax corporate income": 770,
        "Volume": 17399991,
        "Close of Quarter": 8.5,
        "EPS": 330.4,
        "Non-adjusted EPS": 2227,
        "PE": 3.8,
        "Book Price": 3.0
      }
    },
    {
      "quarter": "Q3 2013",
      "income status": {
        "Net sales": 340036,
        "Cost of goods sold": 275694,
        "Gross Profit": 64342,
        "Financial expenses": 3956,
        "Of which: Interest expense": 4930,
        "Cost of sales": 29631,
        "Enterprise cost management": 2794,
        "Total Operating Expenses": 36381,
        "Total revenue financing activities": 769,
        "Net profit from business activities": 28731,
        "Profit": 1440,
        "Profit before tax": 29735,
        "Present corporate income tax expenses": 9474,
        "Deferred income taxes expenses": -2,
        "The interests of minority shareholders": "N/A",
        "Total Cost of profits": 9472,
        "Profit after tax corporate income": 20264,
        "Volume": 17399991,
        "Close of Quarter": 7.9,
        "EPS": 422.5,
        "Non-adjusted EPS": 2848,
        "PE": 2.8,
        "Book Price": 3.3
      }
    },
    {
      "quarter": "Q2 2013",
      "income status": {
        "Net sales": 252306,
        "Cost of goods sold": 209513,
        "Gross Profit": 42792,
        "Financial expenses": 4991,
        "Of which: Interest expense": 4017,
        "Cost of sales": 16063,
        "Enterprise cost management": 11061,
        "Total Operating Expenses": 32115,
        "Total revenue financing activities": 1168,
        "Net profit from business activities": 11844,
        "Profit": -144,
        "Profit before tax": 11438,
        "Present corporate income tax expenses": 3095,
        "Deferred income taxes expenses": -34,
        "The interests of minority shareholders": "N/A",
        "Total Cost of profits": 3061,
        "Profit after tax corporate income": 8377,
        "Volume": 17399991,
        "Close of Quarter": 7.4,
        "EPS": 349.9,
        "Non-adjusted EPS": 2359,
        "PE": 3.1,
        "Book Price": 3.1
      }
    },
    {
      "quarter": "Q1 2013",
      "income status": {
        "Net sales": 170306,
        "Cost of goods sold": 139433,
        "Gross Profit": 30873,
        "Financial expenses": 2830,
        "Of which: Interest expense": 2573,
        "Cost of sales": 11894,
        "Enterprise cost management": 3785,
        "Total Operating Expenses": 18509,
        "Total revenue financing activities": 268,
        "Net profit from business activities": 12631,
        "Profit": -184,
        "Profit before tax": 12447,
        "Present corporate income tax expenses": 3102,
        "Deferred income taxes expenses": 9,
        "The interests of minority shareholders": "N/A",
        "Total Cost of profits": 3111,
        "Profit after tax corporate income": 9335,
        "Volume": 17399991,
        "Close of Quarter": 7.9,
        "EPS": 419.1,
        "Non-adjusted EPS": 2825,
        "PE": 2.8,
        "Book Price": 3.5
      }
    },
    {
      "quarter": "Q4 2012",
      "income status": {
        "Net sales": 230082,
        "Cost of goods sold": 192363,
        "Gross Profit": 37719,
        "Financial expenses": 3111,
        "Of which: Interest expense": 6002,
        "Cost of sales": 17062,
        "Enterprise cost management": 2715,
        "Total Operating Expenses": 22888,
        "Total revenue financing activities": 1449,
        "Net profit from business activities": 16281,
        "Profit": 8,
        "Profit before tax": 16028,
        "Present corporate income tax expenses": 4410,
        "Deferred income taxes expenses": 47,
        "The interests of minority shareholders": "N/A",
        "Total Cost of profits": 4457,
        "Profit after tax corporate income": 11572,
        "Volume": 17399991,
        "Close of Quarter": 7.6,
        "EPS": 355.3,
        "Non-adjusted EPS": 2395,
        "PE": 3.2,
        "Book Price": 3.4
      }
    },
    {
      "quarter": "Q3 2012",
      "income status": {
        "Net sales": 216626,
        "Cost of goods sold": 182260,
        "Gross Profit": 34365,
        "Financial expenses": 5108,
        "Of which: Interest expense": 4747,
        "Cost of sales": 13082,
        "Enterprise cost management": 3311,
        "Total Operating Expenses": 21501,
        "Total revenue financing activities": 159,
        "Net profit from business activities": 13023,
        "Profit": 2611,
        "Profit before tax": 15725,
        "Present corporate income tax expenses": 3982,
        "Deferred income taxes expenses": -21,
        "The interests of minority shareholders": "N/A",
        "Total Cost of profits": 3961,
        "Profit after tax corporate income": 11764,
        "Volume": 17399991,
        "Close of Quarter": 6.0,
        "EPS": 217.2,
        "Non-adjusted EPS": 1464,
        "PE": 4.1,
        "Book Price": 3.3
      }
    },
    {
      "quarter": "Q2 2012",
      "income status": {
        "Net sales": 229912,
        "Cost of goods sold": 184749,
        "Gross Profit": 45163,
        "Financial expenses": 8860,
        "Of which: Interest expense": 8626,
        "Cost of sales": 12478,
        "Enterprise cost management": 2646,
        "Total Operating Expenses": 23984,
        "Total revenue financing activities": 578,
        "Net profit from business activities": 21756,
        "Profit": -13,
        "Profit before tax": 21833,
        "Present corporate income tax expenses": 5303,
        "Deferred income taxes expenses": 41,
        "The interests of minority shareholders": "N/A",
        "Total Cost of profits": 5344,
        "Profit after tax corporate income": 16488,
        "Volume": 17399991,
        "Close of Quarter": 5.9,
        "EPS": 101.2,
        "Non-adjusted EPS": 682,
        "PE": 8.7,
        "Book Price": 3.3
      }
    },
    {
      "quarter": "Q1 2012",
      "income status": {
        "Net sales": 157817,
        "Cost of goods sold": 140776,
        "Gross Profit": 17040,
        "Financial expenses": 5813,
        "Of which: Interest expense": 4062,
        "Cost of sales": 12271,
        "Enterprise cost management": 2065,
        "Total Operating Expenses": 20149,
        "Total revenue financing activities": 890,
        "Net profit from business activities": -2218,
        "Profit": 4449,
        "Profit before tax": 2231,
        "Present corporate income tax expenses": 422,
        "Deferred income taxes expenses": -46,
        "The interests of minority shareholders": "N/A",
        "Total Cost of profits": 376,
        "Profit after tax corporate income": 1855,
        "Volume": 17399991,
        "Close of Quarter": 5.4,
        "EPS": -76.0,
        "Non-adjusted EPS": -512,
        "PE": -10.5,
        "Book Price": 3.1
      }
    },
    {
      "quarter": "Q4 2011",
      "income status": {
        "Net sales": 152813,
        "Cost of goods sold": 128453,
        "Gross Profit": 24360,
        "Financial expenses": 11520,
        "Of which: Interest expense": 6686,
        "Cost of sales": 12793,
        "Enterprise cost management": 5146,
        "Total Operating Expenses": 29459,
        "Total revenue financing activities": 448,
        "Net profit from business activities": -4651,
        "Profit": 47,
        "Profit before tax": -4683,
        "Present corporate income tax expenses": -29,
        "Deferred income taxes expenses": -27,
        "The interests of minority shareholders": "N/A",
        "Total Cost of profits": -56,
        "Profit after tax corporate income": -4627,
        "Volume": 17399991,
        "Close of Quarter": 7.6,
        "EPS": 337.0,
        "Non-adjusted EPS": 2272,
        "PE": 3.3,
        "Book Price": 3.4
      }
    },
    {
      "quarter": "Q3 2011",
      "income status": {
        "Net sales": 152813,
        "Cost of goods sold": 128453,
        "Gross Profit": 24360,
        "Financial expenses": 10607,
        "Of which: Interest expense": 5773,
        "Cost of sales": 12793,
        "Enterprise cost management": 3289,
        "Total Operating Expenses": 26689,
        "Total revenue financing activities": 448,
        "Net profit from business activities": -1880,
        "Profit": 47,
        "Profit before tax": -1913,
        "Present corporate income tax expenses": -29,
        "Deferred income taxes expenses": -27,
        "The interests of minority shareholders": "N/A",
        "Total Cost of profits": -56,
        "Profit after tax corporate income": -1857,
        "Volume": 17399991,
        "Close of Quarter": 5.5,
        "EPS": 425.9,
        "Non-adjusted EPS": 2871,
        "PE": 1.9,
        "Book Price": 3.4
      }
    },
    {
      "quarter": "Q2 2011",
      "income status": {
        "Net sales": 107094,
        "Cost of goods sold": 88241,
        "Gross Profit": 18853,
        "Financial expenses": 12647,
        "Of which: Interest expense": 4419,
        "Cost of sales": 11593,
        "Enterprise cost management": 4493,
        "Total Operating Expenses": 28733,
        "Total revenue financing activities": 929,
        "Net profit from business activities": -8951,
        "Profit": 4725,
        "Profit before tax": -4226,
        "Present corporate income tax expenses": 66,
        "Deferred income taxes expenses": -4,
        "The interests of minority shareholders": "N/A",
        "Total Cost of profits": 62,
        "Profit after tax corporate income": -4288,
        "Volume": 17399991,
        "Close of Quarter": 7.3,
        "EPS": 701.2,
        "Non-adjusted EPS": 4727,
        "PE": 1.6,
        "Book Price": 3.4
      }
    },
    {
      "quarter": "Q1 2011",
      "income status": {
        "Net sales": 287525,
        "Cost of goods sold": 216933,
        "Gross Profit": 70592,
        "Financial expenses": 7658,
        "Of which: Interest expense": 6434,
        "Cost of sales": 11071,
        "Enterprise cost management": 1769,
        "Total Operating Expenses": 20498,
        "Total revenue financing activities": 2122,
        "Net profit from business activities": 52217,
        "Profit": 6820,
        "Profit before tax": 58902,
        "Present corporate income tax expenses": 8534,
        "Deferred income taxes expenses": 70,
        "The interests of minority shareholders": "N/A",
        "Total Cost of profits": 8604,
        "Profit after tax corporate income": 50298,
        "Volume": 14499998,
        "Close of Quarter": 8.5,
        "EPS": 878.7,
        "Non-adjusted EPS": 7108,
        "PE": 1.2,
        "Book Price": 3.5
      }
    }
  ]
}