{
  "ticker": "VXB",
  "data": [
    {
      "quarter": "Q4 2016",
      "income status": {
        "Net sales": 73733,
        "Cost of goods sold": 66739,
        "Gross Profit": 6994,
        "Financial expenses": 1569,
        "Of which: Interest expense": 1569,
        "Cost of sales": 2247,
        "Enterprise cost management": 2014,
        "Total Operating Expenses": 5830,
        "Total revenue financing activities": 4,
        "Net profit from business activities": 1168,
        "Profit": 3260,
        "Profit before tax": 4428,
        "Present corporate income tax expenses": 888,
        "Deferred income taxes expenses": "N/A",
        "The interests of minority shareholders": "N/A",
        "Total Cost of profits": 888,
        "Profit after tax corporate income": 3540,
        "Volume": 4049006,
        "Close of Quarter": 7.9,
        "EPS": 1565,
        "Non-adjusted EPS": 1565,
        "PE": 5.1,
        "Book Price": 16
      }
    },
    {
      "quarter": "Q3 2016",
      "income status": {
        "Net sales": 56240,
        "Cost of goods sold": 50451,
        "Gross Profit": 5789,
        "Financial expenses": 1568,
        "Of which: Interest expense": 1568,
        "Cost of sales": 837,
        "Enterprise cost management": 1916,
        "Total Operating Expenses": 4321,
        "Total revenue financing activities": 3,
        "Net profit from business activities": 1470,
        "Profit": 199,
        "Profit before tax": 1669,
        "Present corporate income tax expenses": 349,
        "Deferred income taxes expenses": "N/A",
        "The interests of minority shareholders": "N/A",
        "Total Cost of profits": 349,
        "Profit after tax corporate income": 1320,
        "Volume": 4049006,
        "Close of Quarter": 9.4,
        "EPS": 1402,
        "Non-adjusted EPS": 1402,
        "PE": 6.7,
        "Book Price": 15.2
      }
    },
    {
      "quarter": "Q2 2016",
      "income status": {
        "Net sales": 45196,
        "Cost of goods sold": 40702,
        "Gross Profit": 4494,
        "Financial expenses": 1525,
        "Of which: Interest expense": 1525,
        "Cost of sales": 819,
        "Enterprise cost management": 1867,
        "Total Operating Expenses": 4211,
        "Total revenue financing activities": 14,
        "Net profit from business activities": 296,
        "Profit": 840,
        "Profit before tax": 1136,
        "Present corporate income tax expenses": 215,
        "Deferred income taxes expenses": "N/A",
        "The interests of minority shareholders": "N/A",
        "Total Cost of profits": 215,
        "Profit after tax corporate income": 921,
        "Volume": 4049006,
        "Close of Quarter": 8.5,
        "EPS": 1410,
        "Non-adjusted EPS": 1410,
        "PE": 6.0,
        "Book Price": 14.9
      }
    },
    {
      "quarter": "Q1 2016",
      "income status": {
        "Net sales": 38419,
        "Cost of goods sold": 34614,
        "Gross Profit": 3805,
        "Financial expenses": 1418,
        "Of which: Interest expense": 1418,
        "Cost of sales": 655,
        "Enterprise cost management": 1448,
        "Total Operating Expenses": 3521,
        "Total revenue financing activities": 21,
        "Net profit from business activities": 305,
        "Profit": 406,
        "Profit before tax": 712,
        "Present corporate income tax expenses": 158,
        "Deferred income taxes expenses": "N/A",
        "The interests of minority shareholders": "N/A",
        "Total Cost of profits": 158,
        "Profit after tax corporate income": 554,
        "Volume": 4049006,
        "Close of Quarter": 8.4,
        "EPS": 1425,
        "Non-adjusted EPS": 1425,
        "PE": 5.9,
        "Book Price": 15.9
      }
    },
    {
      "quarter": "Q4 2015",
      "income status": {
        "Net sales": 89440,
        "Cost of goods sold": 80688,
        "Gross Profit": 8752,
        "Financial expenses": 1398,
        "Of which: Interest expense": 1398,
        "Cost of sales": 2135,
        "Enterprise cost management": 2252,
        "Total Operating Expenses": 5785,
        "Total revenue financing activities": 6,
        "Net profit from business activities": 2973,
        "Profit": 720,
        "Profit before tax": 3693,
        "Present corporate income tax expenses": 813,
        "Deferred income taxes expenses": "N/A",
        "The interests of minority shareholders": "N/A",
        "Total Cost of profits": 813,
        "Profit after tax corporate income": 2881,
        "Volume": 4049006,
        "Close of Quarter": 8.1,
        "EPS": 1450,
        "Non-adjusted EPS": 1450,
        "PE": 5.6,
        "Book Price": 16
      }
    },
    {
      "quarter": "Q3 2015",
      "income status": {
        "Net sales": 39543,
        "Cost of goods sold": 34990,
        "Gross Profit": 4554,
        "Financial expenses": 1373,
        "Of which: Interest expense": 1373,
        "Cost of sales": 671,
        "Enterprise cost management": 1465,
        "Total Operating Expenses": 3509,
        "Total revenue financing activities": 11,
        "Net profit from business activities": 1056,
        "Profit": 680,
        "Profit before tax": 1736,
        "Present corporate income tax expenses": 382,
        "Deferred income taxes expenses": "N/A",
        "The interests of minority shareholders": "N/A",
        "Total Cost of profits": 382,
        "Profit after tax corporate income": 1354,
        "Volume": 4049006,
        "Close of Quarter": 9.3,
        "EPS": 1279,
        "Non-adjusted EPS": 1279,
        "PE": 7.3,
        "Book Price": 15.3
      }
    },
    {
      "quarter": "Q2 2015",
      "income status": {
        "Net sales": 51267,
        "Cost of goods sold": 46705,
        "Gross Profit": 4562,
        "Financial expenses": 1301,
        "Of which: Interest expense": 1301,
        "Cost of sales": 583,
        "Enterprise cost management": 1654,
        "Total Operating Expenses": 3538,
        "Total revenue financing activities": 33,
        "Net profit from business activities": 1058,
        "Profit": 197,
        "Profit before tax": 1255,
        "Present corporate income tax expenses": 276,
        "Deferred income taxes expenses": "N/A",
        "The interests of minority shareholders": "N/A",
        "Total Cost of profits": 276,
        "Profit after tax corporate income": 979,
        "Volume": 4049006,
        "Close of Quarter": 8.1,
        "EPS": 1556,
        "Non-adjusted EPS": 1556,
        "PE": 5.2,
        "Book Price": 15
      }
    },
    {
      "quarter": "Q1 2015",
      "income status": {
        "Net sales": 26217,
        "Cost of goods sold": 23176,
        "Gross Profit": 3041,
        "Financial expenses": 1099,
        "Of which: Interest expense": 1099,
        "Cost of sales": 440,
        "Enterprise cost management": 1058,
        "Total Operating Expenses": 2597,
        "Total revenue financing activities": 96,
        "Net profit from business activities": 540,
        "Profit": 301,
        "Profit before tax": 841,
        "Present corporate income tax expenses": 185,
        "Deferred income taxes expenses": "N/A",
        "The interests of minority shareholders": "N/A",
        "Total Cost of profits": 185,
        "Profit after tax corporate income": 656,
        "Volume": 4049006,
        "Close of Quarter": 9.7,
        "EPS": 2061,
        "Non-adjusted EPS": 2061,
        "PE": 4.7,
        "Book Price": 16.4
      }
    },
    {
      "quarter": "Q4 2014",
      "income status": {
        "Net sales": 89084,
        "Cost of goods sold": 82993,
        "Gross Profit": 6091,
        "Financial expenses": 1306,
        "Of which: Interest expense": 1306,
        "Cost of sales": 1107,
        "Enterprise cost management": 1582,
        "Total Operating Expenses": 3995,
        "Total revenue financing activities": 86,
        "Net profit from business activities": 2182,
        "Profit": 436,
        "Profit before tax": 2617,
        "Present corporate income tax expenses": 427,
        "Deferred income taxes expenses": "N/A",
        "The interests of minority shareholders": "N/A",
        "Total Cost of profits": 427,
        "Profit after tax corporate income": 2191,
        "Volume": 4049006,
        "Close of Quarter": 12.4,
        "EPS": 2183,
        "Non-adjusted EPS": 2183,
        "PE": 5.7,
        "Book Price": 16.4
      }
    },
    {
      "quarter": "Q3 2014",
      "income status": {
        "Net sales": 55375,
        "Cost of goods sold": 48305,
        "Gross Profit": 7070,
        "Financial expenses": 1325,
        "Of which: Interest expense": 1325,
        "Cost of sales": 1546,
        "Enterprise cost management": 1747,
        "Total Operating Expenses": 4618,
        "Total revenue financing activities": 110,
        "Net profit from business activities": 2561,
        "Profit": 612,
        "Profit before tax": 3173,
        "Present corporate income tax expenses": 698,
        "Deferred income taxes expenses": "N/A",
        "The interests of minority shareholders": "N/A",
        "Total Cost of profits": 698,
        "Profit after tax corporate income": 2475,
        "Volume": 4049006,
        "Close of Quarter": 7.3,
        "EPS": 2264,
        "Non-adjusted EPS": 2264,
        "PE": 3.2,
        "Book Price": 15.9
      }
    },
    {
      "quarter": "Q2 2014",
      "income status": {
        "Net sales": 33493,
        "Cost of goods sold": 25936,
        "Gross Profit": 7558,
        "Financial expenses": 1333,
        "Of which: Interest expense": 1333,
        "Cost of sales": 1269,
        "Enterprise cost management": 1959,
        "Total Operating Expenses": 4561,
        "Total revenue financing activities": 115,
        "Net profit from business activities": 3112,
        "Profit": 917,
        "Profit before tax": 4029,
        "Present corporate income tax expenses": 1007,
        "Deferred income taxes expenses": "N/A",
        "The interests of minority shareholders": "N/A",
        "Total Cost of profits": 1007,
        "Profit after tax corporate income": 3022,
        "Volume": 4049006,
        "Close of Quarter": 7.6,
        "EPS": 2209,
        "Non-adjusted EPS": 2209,
        "PE": 3.4,
        "Book Price": 15.3
      }
    },
    {
      "quarter": "Q1 2014",
      "income status": {
        "Net sales": 55898,
        "Cost of goods sold": 52568,
        "Gross Profit": 3330,
        "Financial expenses": 1239,
        "Of which: Interest expense": 1239,
        "Cost of sales": 446,
        "Enterprise cost management": 895,
        "Total Operating Expenses": 2580,
        "Total revenue financing activities": 106,
        "Net profit from business activities": 856,
        "Profit": 676,
        "Profit before tax": 1532,
        "Present corporate income tax expenses": 383,
        "Deferred income taxes expenses": "N/A",
        "The interests of minority shareholders": "N/A",
        "Total Cost of profits": 383,
        "Profit after tax corporate income": 1149,
        "Volume": 4049006,
        "Close of Quarter": 7.4,
        "EPS": 2260,
        "Non-adjusted EPS": 2260,
        "PE": 3.3,
        "Book Price": 16.1
      }
    },
    {
      "quarter": "Q4 2013",
      "income status": {
        "Net sales": 96900,
        "Cost of goods sold": 89745,
        "Gross Profit": 7155,
        "Financial expenses": 1324,
        "Of which: Interest expense": 1324,
        "Cost of sales": 2467,
        "Enterprise cost management": 1475,
        "Total Operating Expenses": 5266,
        "Total revenue financing activities": 74,
        "Net profit from business activities": 1964,
        "Profit": 1352,
        "Profit before tax": 3315,
        "Present corporate income tax expenses": 795,
        "Deferred income taxes expenses": "N/A",
        "The interests of minority shareholders": "N/A",
        "Total Cost of profits": 795,
        "Profit after tax corporate income": 2520,
        "Volume": 4049006,
        "Close of Quarter": 7.5,
        "EPS": 2017,
        "Non-adjusted EPS": 2017,
        "PE": 3.7,
        "Book Price": 16.1
      }
    },
    {
      "quarter": "Q3 2013",
      "income status": {
        "Net sales": 78513,
        "Cost of goods sold": 74356,
        "Gross Profit": 4158,
        "Financial expenses": 1307,
        "Of which: Interest expense": 1307,
        "Cost of sales": 601,
        "Enterprise cost management": 1000,
        "Total Operating Expenses": 2908,
        "Total revenue financing activities": 94,
        "Net profit from business activities": 1344,
        "Profit": 1659,
        "Profit before tax": 3003,
        "Present corporate income tax expenses": 751,
        "Deferred income taxes expenses": "N/A",
        "The interests of minority shareholders": "N/A",
        "Total Cost of profits": 751,
        "Profit after tax corporate income": 2252,
        "Volume": 4049006,
        "Close of Quarter": 5.3,
        "EPS": 2908,
        "Non-adjusted EPS": 2908,
        "PE": 1.8,
        "Book Price": 15.5
      }
    },
    {
      "quarter": "Q2 2013",
      "income status": {
        "Net sales": 43488,
        "Cost of goods sold": 37995,
        "Gross Profit": 5494,
        "Financial expenses": 976,
        "Of which: Interest expense": 976,
        "Cost of sales": 674,
        "Enterprise cost management": 1086,
        "Total Operating Expenses": 2736,
        "Total revenue financing activities": 121,
        "Net profit from business activities": 2878,
        "Profit": 1430,
        "Profit before tax": 4308,
        "Present corporate income tax expenses": 1077,
        "Deferred income taxes expenses": "N/A",
        "The interests of minority shareholders": "N/A",
        "Total Cost of profits": 1077,
        "Profit after tax corporate income": 3231,
        "Volume": 4049006,
        "Close of Quarter": 4.8,
        "EPS": 2802,
        "Non-adjusted EPS": 2802,
        "PE": 1.7,
        "Book Price": 14.9
      }
    },
    {
      "quarter": "Q1 2013",
      "income status": {
        "Net sales": 34316,
        "Cost of goods sold": 33388,
        "Gross Profit": 928,
        "Financial expenses": 453,
        "Of which: Interest expense": 453,
        "Cost of sales": 555,
        "Enterprise cost management": 803,
        "Total Operating Expenses": 1811,
        "Total revenue financing activities": 80,
        "Net profit from business activities": -802,
        "Profit": 1022,
        "Profit before tax": 219,
        "Present corporate income tax expenses": 55,
        "Deferred income taxes expenses": "N/A",
        "The interests of minority shareholders": "N/A",
        "Total Cost of profits": 55,
        "Profit after tax corporate income": 164,
        "Volume": 4049006,
        "Close of Quarter": 4.7,
        "EPS": 2223,
        "Non-adjusted EPS": 2223,
        "PE": 2.1,
        "Book Price": 15.9
      }
    },
    {
      "quarter": "Q4 2012",
      "income status": {
        "Net sales": 102755,
        "Cost of goods sold": 95972,
        "Gross Profit": 6783,
        "Financial expenses": 1124,
        "Of which: Interest expense": 1124,
        "Cost of sales": 743,
        "Enterprise cost management": 1130,
        "Total Operating Expenses": 2997,
        "Total revenue financing activities": 88,
        "Net profit from business activities": 3874,
        "Profit": 3381,
        "Profit before tax": 7256,
        "Present corporate income tax expenses": 1128,
        "Deferred income taxes expenses": "N/A",
        "The interests of minority shareholders": "N/A",
        "Total Cost of profits": 1128,
        "Profit after tax corporate income": 6128,
        "Volume": 4049006,
        "Close of Quarter": 4.2,
        "EPS": 2380,
        "Non-adjusted EPS": 2380,
        "PE": 1.8,
        "Book Price": 15.9
      }
    },
    {
      "quarter": "Q3 2012",
      "income status": {
        "Net sales": 69856,
        "Cost of goods sold": 67657,
        "Gross Profit": 2200,
        "Financial expenses": 967,
        "Of which: Interest expense": 967,
        "Cost of sales": 553,
        "Enterprise cost management": 740,
        "Total Operating Expenses": 2260,
        "Total revenue financing activities": 18,
        "Net profit from business activities": -42,
        "Profit": 2474,
        "Profit before tax": 2432,
        "Present corporate income tax expenses": 608,
        "Deferred income taxes expenses": "N/A",
        "The interests of minority shareholders": "N/A",
        "Total Cost of profits": 608,
        "Profit after tax corporate income": 1824,
        "Volume": 4049006,
        "Close of Quarter": 4.2,
        "EPS": 2469,
        "Non-adjusted EPS": 2469,
        "PE": 1.7,
        "Book Price": 14.4
      }
    },
    {
      "quarter": "Q2 2012",
      "income status": {
        "Net sales": 41036,
        "Cost of goods sold": 40145,
        "Gross Profit": 891,
        "Financial expenses": 942,
        "Of which: Interest expense": 942,
        "Cost of sales": 573,
        "Enterprise cost management": 898,
        "Total Operating Expenses": 2413,
        "Total revenue financing activities": 153,
        "Net profit from business activities": -1369,
        "Profit": 2550,
        "Profit before tax": 1181,
        "Present corporate income tax expenses": 295,
        "Deferred income taxes expenses": "N/A",
        "The interests of minority shareholders": "N/A",
        "Total Cost of profits": 295,
        "Profit after tax corporate income": 885,
        "Volume": 4049006,
        "Close of Quarter": 4.7,
        "EPS": 2703,
        "Non-adjusted EPS": 2703,
        "PE": 1.7,
        "Book Price": 14
      }
    },
    {
      "quarter": "Q1 2012",
      "income status": {
        "Net sales": 40391,
        "Cost of goods sold": 38140,
        "Gross Profit": 2251,
        "Financial expenses": 570,
        "Of which: Interest expense": 570,
        "Cost of sales": 642,
        "Enterprise cost management": 857,
        "Total Operating Expenses": 2069,
        "Total revenue financing activities": 68,
        "Net profit from business activities": 250,
        "Profit": 816,
        "Profit before tax": 1066,
        "Present corporate income tax expenses": 267,
        "Deferred income taxes expenses": "N/A",
        "The interests of minority shareholders": "N/A",
        "Total Cost of profits": 267,
        "Profit after tax corporate income": 800,
        "Volume": 4049006,
        "Close of Quarter": 4.0,
        "EPS": 2859,
        "Non-adjusted EPS": 2859,
        "PE": 1.4,
        "Book Price": 15.2
      }
    },
    {
      "quarter": "Q4 2011",
      "income status": {
        "Net sales": 117709,
        "Cost of goods sold": 107042,
        "Gross Profit": 10667,
        "Financial expenses": 264,
        "Of which: Interest expense": 264,
        "Cost of sales": 2007,
        "Enterprise cost management": 1965,
        "Total Operating Expenses": 4236,
        "Total revenue financing activities": 41,
        "Net profit from business activities": 6471,
        "Profit": 2182,
        "Profit before tax": 8653,
        "Present corporate income tax expenses": 2163,
        "Deferred income taxes expenses": "N/A",
        "The interests of minority shareholders": "N/A",
        "Total Cost of profits": 2163,
        "Profit after tax corporate income": 6490,
        "Volume": 4049006,
        "Close of Quarter": 4.1,
        "EPS": 2848,
        "Non-adjusted EPS": 2848,
        "PE": 1.5,
        "Book Price": 16.1
      }
    },
    {
      "quarter": "Q3 2011",
      "income status": {
        "Net sales": 65389,
        "Cost of goods sold": 61622,
        "Gross Profit": 3767,
        "Financial expenses": 344,
        "Of which: Interest expense": 344,
        "Cost of sales": 574,
        "Enterprise cost management": 688,
        "Total Operating Expenses": 1606,
        "Total revenue financing activities": 309,
        "Net profit from business activities": 2470,
        "Profit": 1224,
        "Profit before tax": 3694,
        "Present corporate income tax expenses": 924,
        "Deferred income taxes expenses": "N/A",
        "The interests of minority shareholders": "N/A",
        "Total Cost of profits": 924,
        "Profit after tax corporate income": 2771,
        "Volume": 4049006,
        "Close of Quarter": 3.6,
        "EPS": 2421,
        "Non-adjusted EPS": 2421,
        "PE": 1.5,
        "Book Price": 14.3
      }
    },
    {
      "quarter": "Q2 2011",
      "income status": {
        "Net sales": 49540,
        "Cost of goods sold": 47261,
        "Gross Profit": 2279,
        "Financial expenses": 423,
        "Of which: Interest expense": 423,
        "Cost of sales": 558,
        "Enterprise cost management": 983,
        "Total Operating Expenses": 1964,
        "Total revenue financing activities": 199,
        "Net profit from business activities": 513,
        "Profit": 1507,
        "Profit before tax": 2020,
        "Present corporate income tax expenses": 505,
        "Deferred income taxes expenses": "N/A",
        "The interests of minority shareholders": "N/A",
        "Total Cost of profits": 505,
        "Profit after tax corporate income": 1515,
        "Volume": 4049006,
        "Close of Quarter": 4.8,
        "EPS": 1999,
        "Non-adjusted EPS": 1999,
        "PE": 2.4,
        "Book Price": 13.6
      }
    },
    {
      "quarter": "Q1 2011",
      "income status": {
        "Net sales": 32967,
        "Cost of goods sold": 31208,
        "Gross Profit": 1759,
        "Financial expenses": 596,
        "Of which: Interest expense": 596,
        "Cost of sales": 555,
        "Enterprise cost management": 802,
        "Total Operating Expenses": 1953,
        "Total revenue financing activities": 144,
        "Net profit from business activities": -50,
        "Profit": 1056,
        "Profit before tax": 1006,
        "Present corporate income tax expenses": 252,
        "Deferred income taxes expenses": "N/A",
        "The interests of minority shareholders": "N/A",
        "Total Cost of profits": 252,
        "Profit after tax corporate income": 755,
        "Volume": 4049006,
        "Close of Quarter": 6.3,
        "EPS": 1969,
        "Non-adjusted EPS": 1969,
        "PE": 3.2,
        "Book Price": 14.7
      }
    }
  ]
}