{
  "ticker": "AGM",
  "data": [
    {
      "quarter": "Q4 2016",
      "income status": {
        "Net sales": 430674,
        "Cost of goods sold": 400297,
        "Gross Profit": 30378,
        "Financial expenses": 5461,
        "Of which: Interest expense": 2139,
        "Cost of sales": 28178,
        "Enterprise cost management": 3066,
        "Total Operating Expenses": 36705,
        "Total revenue financing activities": 7608,
        "Net profit from business activities": 1280,
        "Profit": 2515,
        "Profit before tax": 3796,
        "Present corporate income tax expenses": -123,
        "Deferred income taxes expenses": 17,
        "The interests of minority shareholders": "N/A",
        "Total Cost of profits": -106,
        "Profit after tax corporate income": 3902,
        "Volume": 18200000,
        "Close of Quarter": 9.7,
        "EPS": 322,
        "Non-adjusted EPS": 322,
        "PE": 30,
        "Book Price": 19.2
      }
    },
    {
      "quarter": "Q3 2016",
      "income status": {
        "Net sales": 558586,
        "Cost of goods sold": 526139,
        "Gross Profit": 32448,
        "Financial expenses": 3062,
        "Of which: Interest expense": 3018,
        "Cost of sales": 27303,
        "Enterprise cost management": 3402,
        "Total Operating Expenses": 33767,
        "Total revenue financing activities": 1031,
        "Net profit from business activities": -289,
        "Profit": 1162,
        "Profit before tax": 872,
        "Present corporate income tax expenses": 181,
        "Deferred income taxes expenses": 13,
        "The interests of minority shareholders": "N/A",
        "Total Cost of profits": 194,
        "Profit after tax corporate income": 678,
        "Volume": 18200000,
        "Close of Quarter": 10.9,
        "EPS": 2427,
        "Non-adjusted EPS": 2427,
        "PE": 4.5,
        "Book Price": 19
      }
    },
    {
      "quarter": "Q2 2016",
      "income status": {
        "Net sales": 416864,
        "Cost of goods sold": 391961,
        "Gross Profit": 24903,
        "Financial expenses": 6185,
        "Of which: Interest expense": 5786,
        "Cost of sales": 22840,
        "Enterprise cost management": 3674,
        "Total Operating Expenses": 32699,
        "Total revenue financing activities": 1582,
        "Net profit from business activities": -6215,
        "Profit": 1542,
        "Profit before tax": -4673,
        "Present corporate income tax expenses": -954,
        "Deferred income taxes expenses": 54,
        "The interests of minority shareholders": "N/A",
        "Total Cost of profits": -900,
        "Profit after tax corporate income": -3774,
        "Volume": 18200000,
        "Close of Quarter": 11.3,
        "EPS": 2390,
        "Non-adjusted EPS": 2390,
        "PE": 4.7,
        "Book Price": 18.9
      }
    },
    {
      "quarter": "Q1 2016",
      "income status": {
        "Net sales": 495798,
        "Cost of goods sold": 462743,
        "Gross Profit": 33055,
        "Financial expenses": 5081,
        "Of which: Interest expense": 4339,
        "Cost of sales": 21545,
        "Enterprise cost management": 3424,
        "Total Operating Expenses": 30050,
        "Total revenue financing activities": 2157,
        "Net profit from business activities": 5163,
        "Profit": 894,
        "Profit before tax": 6057,
        "Present corporate income tax expenses": 993,
        "Deferred income taxes expenses": 9,
        "The interests of minority shareholders": "N/A",
        "Total Cost of profits": 1002,
        "Profit after tax corporate income": 5056,
        "Volume": 18200000,
        "Close of Quarter": 11.7,
        "EPS": 2680,
        "Non-adjusted EPS": 2680,
        "PE": 4.4,
        "Book Price": 21.3
      }
    },
    {
      "quarter": "Q4 2015",
      "income status": {
        "Net sales": 675190,
        "Cost of goods sold": 637853,
        "Gross Profit": 37337,
        "Financial expenses": 7570,
        "Of which: Interest expense": 5729,
        "Cost of sales": 36373,
        "Enterprise cost management": 7577,
        "Total Operating Expenses": 51520,
        "Total revenue financing activities": 65763,
        "Net profit from business activities": 51580,
        "Profit": 2697,
        "Profit before tax": 54277,
        "Present corporate income tax expenses": 12608,
        "Deferred income taxes expenses": -537,
        "The interests of minority shareholders": "N/A",
        "Total Cost of profits": 12071,
        "Profit after tax corporate income": 42206,
        "Volume": 18200000,
        "Close of Quarter": 8.8,
        "EPS": 2607,
        "Non-adjusted EPS": 2607,
        "PE": 3.4,
        "Book Price": 21.1
      }
    },
    {
      "quarter": "Q3 2015",
      "income status": {
        "Net sales": 453424,
        "Cost of goods sold": 418723,
        "Gross Profit": 34701,
        "Financial expenses": 7541,
        "Of which: Interest expense": 4780,
        "Cost of sales": 27117,
        "Enterprise cost management": 2853,
        "Total Operating Expenses": 37511,
        "Total revenue financing activities": 2135,
        "Net profit from business activities": -674,
        "Profit": 719,
        "Profit before tax": 45,
        "Present corporate income tax expenses": 39,
        "Deferred income taxes expenses": "N/A",
        "The interests of minority shareholders": "N/A",
        "Total Cost of profits": 39,
        "Profit after tax corporate income": 7,
        "Volume": 18200000,
        "Close of Quarter": 8.7,
        "EPS": 152,
        "Non-adjusted EPS": 152,
        "PE": 57.4,
        "Book Price": 18.7
      }
    },
    {
      "quarter": "Q2 2015",
      "income status": {
        "Net sales": 561472,
        "Cost of goods sold": 527864,
        "Gross Profit": 33609,
        "Financial expenses": 9312,
        "Of which: Interest expense": 7100,
        "Cost of sales": 25275,
        "Enterprise cost management": 4738,
        "Total Operating Expenses": 39325,
        "Total revenue financing activities": 5501,
        "Net profit from business activities": -215,
        "Profit": 1473,
        "Profit before tax": 1258,
        "Present corporate income tax expenses": -309,
        "Deferred income taxes expenses": 65,
        "The interests of minority shareholders": "N/A",
        "Total Cost of profits": -244,
        "Profit after tax corporate income": 1502,
        "Volume": 18200000,
        "Close of Quarter": 8.6,
        "EPS": 210,
        "Non-adjusted EPS": 210,
        "PE": 41.1,
        "Book Price": 18.7
      }
    },
    {
      "quarter": "Q1 2015",
      "income status": {
        "Net sales": 401540,
        "Cost of goods sold": 375932,
        "Gross Profit": 25608,
        "Financial expenses": 4039,
        "Of which: Interest expense": 3432,
        "Cost of sales": 24851,
        "Enterprise cost management": 4237,
        "Total Operating Expenses": 33127,
        "Total revenue financing activities": 2989,
        "Net profit from business activities": -4529,
        "Profit": 9037,
        "Profit before tax": 4507,
        "Present corporate income tax expenses": 328,
        "Deferred income taxes expenses": 453,
        "The interests of minority shareholders": "N/A",
        "Total Cost of profits": 781,
        "Profit after tax corporate income": 3727,
        "Volume": 18200000,
        "Close of Quarter": 8.4,
        "EPS": 470,
        "Non-adjusted EPS": 470,
        "PE": 17.9,
        "Book Price": 19.2
      }
    },
    {
      "quarter": "Q4 2014",
      "income status": {
        "Net sales": 371140,
        "Cost of goods sold": 353940,
        "Gross Profit": 17199,
        "Financial expenses": 6917,
        "Of which: Interest expense": 4349,
        "Cost of sales": 16646,
        "Enterprise cost management": 2081,
        "Total Operating Expenses": 25644,
        "Total revenue financing activities": 4412,
        "Net profit from business activities": -4033,
        "Profit": 936,
        "Profit before tax": -3097,
        "Present corporate income tax expenses": -657,
        "Deferred income taxes expenses": 29,
        "The interests of minority shareholders": "N/A",
        "Total Cost of profits": -628,
        "Profit after tax corporate income": -2469,
        "Volume": 18200000,
        "Close of Quarter": 9.4,
        "EPS": 285,
        "Non-adjusted EPS": 285,
        "PE": 33.0,
        "Book Price": 19
      }
    },
    {
      "quarter": "Q3 2014",
      "income status": {
        "Net sales": 531650,
        "Cost of goods sold": 493930,
        "Gross Profit": 37720,
        "Financial expenses": 8035,
        "Of which: Interest expense": 7027,
        "Cost of sales": 29936,
        "Enterprise cost management": 4833,
        "Total Operating Expenses": 42804,
        "Total revenue financing activities": 5616,
        "Net profit from business activities": 532,
        "Profit": 897,
        "Profit before tax": 1429,
        "Present corporate income tax expenses": 359,
        "Deferred income taxes expenses": "N/A",
        "The interests of minority shareholders": "N/A",
        "Total Cost of profits": 359,
        "Profit after tax corporate income": 1070,
        "Volume": 18200000,
        "Close of Quarter": 9.7,
        "EPS": 1392,
        "Non-adjusted EPS": 1392,
        "PE": 7,
        "Book Price": 19.1
      }
    },
    {
      "quarter": "Q2 2014",
      "income status": {
        "Net sales": 536583,
        "Cost of goods sold": 500430,
        "Gross Profit": 36153,
        "Financial expenses": 12608,
        "Of which: Interest expense": 9683,
        "Cost of sales": 25999,
        "Enterprise cost management": 5682,
        "Total Operating Expenses": 44289,
        "Total revenue financing activities": 14935,
        "Net profit from business activities": 6799,
        "Profit": 472,
        "Profit before tax": 7271,
        "Present corporate income tax expenses": 1100,
        "Deferred income taxes expenses": -52,
        "The interests of minority shareholders": "N/A",
        "Total Cost of profits": 1048,
        "Profit after tax corporate income": 6223,
        "Volume": 18200000,
        "Close of Quarter": 9.4,
        "EPS": 1529,
        "Non-adjusted EPS": 1529,
        "PE": 6.2,
        "Book Price": 19.1
      }
    },
    {
      "quarter": "Q1 2014",
      "income status": {
        "Net sales": 321152,
        "Cost of goods sold": 307188,
        "Gross Profit": 13964,
        "Financial expenses": 7359,
        "Of which: Interest expense": 6774,
        "Cost of sales": 11931,
        "Enterprise cost management": 4159,
        "Total Operating Expenses": 23449,
        "Total revenue financing activities": 6081,
        "Net profit from business activities": -3405,
        "Profit": 3914,
        "Profit before tax": 508,
        "Present corporate income tax expenses": 146,
        "Deferred income taxes expenses": "N/A",
        "The interests of minority shareholders": "N/A",
        "Total Cost of profits": 146,
        "Profit after tax corporate income": 362,
        "Volume": 18200000,
        "Close of Quarter": 11.3,
        "EPS": 1722,
        "Non-adjusted EPS": 1722,
        "PE": 6.6,
        "Book Price": 20.1
      }
    },
    {
      "quarter": "Q4 2013",
      "income status": {
        "Net sales": 352918,
        "Cost of goods sold": 337042,
        "Gross Profit": 15876,
        "Financial expenses": 6920,
        "Of which: Interest expense": 5448,
        "Cost of sales": 14763,
        "Enterprise cost management": 3769,
        "Total Operating Expenses": 25452,
        "Total revenue financing activities": 9302,
        "Net profit from business activities": -275,
        "Profit": 23950,
        "Profit before tax": 23675,
        "Present corporate income tax expenses": 6229,
        "Deferred income taxes expenses": -240,
        "The interests of minority shareholders": "N/A",
        "Total Cost of profits": 5989,
        "Profit after tax corporate income": 17686,
        "Volume": 18200000,
        "Close of Quarter": 10.1,
        "EPS": 1808,
        "Non-adjusted EPS": 1808,
        "PE": 5.6,
        "Book Price": 20.1
      }
    },
    {
      "quarter": "Q3 2013",
      "income status": {
        "Net sales": 517265,
        "Cost of goods sold": 487898,
        "Gross Profit": 29367,
        "Financial expenses": 8159,
        "Of which: Interest expense": 7050,
        "Cost of sales": 23826,
        "Enterprise cost management": 5782,
        "Total Operating Expenses": 37767,
        "Total revenue financing activities": 7899,
        "Net profit from business activities": -500,
        "Profit": 5289,
        "Profit before tax": 4789,
        "Present corporate income tax expenses": 1224,
        "Deferred income taxes expenses": "N/A",
        "The interests of minority shareholders": "N/A",
        "Total Cost of profits": 1224,
        "Profit after tax corporate income": 3565,
        "Volume": 18200000,
        "Close of Quarter": 9.6,
        "EPS": 1357,
        "Non-adjusted EPS": 1357,
        "PE": 7.1,
        "Book Price": 19.1
      }
    },
    {
      "quarter": "Q2 2013",
      "income status": {
        "Net sales": 488417,
        "Cost of goods sold": 455285,
        "Gross Profit": 33131,
        "Financial expenses": 14520,
        "Of which: Interest expense": -23871,
        "Cost of sales": 16059,
        "Enterprise cost management": 6213,
        "Total Operating Expenses": 36792,
        "Total revenue financing activities": 14691,
        "Net profit from business activities": 11031,
        "Profit": -154,
        "Profit before tax": 10877,
        "Present corporate income tax expenses": 895,
        "Deferred income taxes expenses": 260,
        "The interests of minority shareholders": "N/A",
        "Total Cost of profits": 1155,
        "Profit after tax corporate income": 9722,
        "Volume": 18200000,
        "Close of Quarter": 10.7,
        "EPS": 2139,
        "Non-adjusted EPS": 2139,
        "PE": 5.0,
        "Book Price": 18.9
      }
    },
    {
      "quarter": "Q1 2013",
      "income status": {
        "Net sales": 411395,
        "Cost of goods sold": 392582,
        "Gross Profit": 18812,
        "Financial expenses": 9448,
        "Of which: Interest expense": 7504,
        "Cost of sales": 15780,
        "Enterprise cost management": 6321,
        "Total Operating Expenses": 31549,
        "Total revenue financing activities": 12074,
        "Net profit from business activities": -663,
        "Profit": 3243,
        "Profit before tax": 2580,
        "Present corporate income tax expenses": 645,
        "Deferred income taxes expenses": "N/A",
        "The interests of minority shareholders": "N/A",
        "Total Cost of profits": 645,
        "Profit after tax corporate income": 1935,
        "Volume": 18200000,
        "Close of Quarter": 13.3,
        "EPS": 2505,
        "Non-adjusted EPS": 2505,
        "PE": 5.3,
        "Book Price": 19.9
      }
    },
    {
      "quarter": "Q4 2012",
      "income status": {
        "Net sales": 501552,
        "Cost of goods sold": 471486,
        "Gross Profit": 30066,
        "Financial expenses": 7863,
        "Of which: Interest expense": 7218,
        "Cost of sales": 23394,
        "Enterprise cost management": 9184,
        "Total Operating Expenses": 40441,
        "Total revenue financing activities": 14277,
        "Net profit from business activities": 3902,
        "Profit": 7582,
        "Profit before tax": 11484,
        "Present corporate income tax expenses": 2873,
        "Deferred income taxes expenses": -862,
        "The interests of minority shareholders": "N/A",
        "Total Cost of profits": 2011,
        "Profit after tax corporate income": 9472,
        "Volume": 18200000,
        "Close of Quarter": 15.4,
        "EPS": 2615,
        "Non-adjusted EPS": 2615,
        "PE": 5.9,
        "Book Price": 19.9
      }
    },
    {
      "quarter": "Q3 2012",
      "income status": {
        "Net sales": 703721,
        "Cost of goods sold": 644325,
        "Gross Profit": 59396,
        "Financial expenses": 11132,
        "Of which: Interest expense": 7624,
        "Cost of sales": 28193,
        "Enterprise cost management": 6806,
        "Total Operating Expenses": 46131,
        "Total revenue financing activities": 9354,
        "Net profit from business activities": 22618,
        "Profit": 1004,
        "Profit before tax": 23622,
        "Present corporate income tax expenses": 5828,
        "Deferred income taxes expenses": "N/A",
        "The interests of minority shareholders": "N/A",
        "Total Cost of profits": 5828,
        "Profit after tax corporate income": 17794,
        "Volume": 18200000,
        "Close of Quarter": "N/A",
        "EPS": 2095,
        "Non-adjusted EPS": 2095,
        "PE": "N/A",
        "Book Price": 20.4
      }
    },
    {
      "quarter": "Q2 2012",
      "income status": {
        "Net sales": 643638,
        "Cost of goods sold": 600492,
        "Gross Profit": 43146,
        "Financial expenses": 11595,
        "Of which: Interest expense": 11383,
        "Cost of sales": 24306,
        "Enterprise cost management": 2570,
        "Total Operating Expenses": 38471,
        "Total revenue financing activities": 14482,
        "Net profit from business activities": 19157,
        "Profit": 770,
        "Profit before tax": 19927,
        "Present corporate income tax expenses": 3530,
        "Deferred income taxes expenses": "N/A",
        "The interests of minority shareholders": "N/A",
        "Total Cost of profits": 3530,
        "Profit after tax corporate income": 16398,
        "Volume": 18200000,
        "Close of Quarter": "N/A",
        "EPS": 1117,
        "Non-adjusted EPS": 1117,
        "PE": "N/A",
        "Book Price": 19.5
      }
    },
    {
      "quarter": "Q1 2012",
      "income status": {
        "Net sales": 377036,
        "Cost of goods sold": 348296,
        "Gross Profit": 28740,
        "Financial expenses": 10182,
        "Of which: Interest expense": 9695,
        "Cost of sales": 14059,
        "Enterprise cost management": 9220,
        "Total Operating Expenses": 33461,
        "Total revenue financing activities": 9751,
        "Net profit from business activities": 5031,
        "Profit": 209,
        "Profit before tax": 5240,
        "Present corporate income tax expenses": 1310,
        "Deferred income taxes expenses": "N/A",
        "The interests of minority shareholders": "N/A",
        "Total Cost of profits": 1310,
        "Profit after tax corporate income": 3930,
        "Volume": 18200000,
        "Close of Quarter": "N/A",
        "EPS": 216,
        "Non-adjusted EPS": 216,
        "PE": "N/A",
        "Book Price": 19.3
      }
    }
  ]
}