{
  "ticker": "PDR",
  "data": [
    {
      "quarter": "Q4 2016",
      "income status": {
        "Net sales": 1270833,
        "Cost of goods sold": 966045,
        "Gross Profit": 304788,
        "Financial expenses": 624,
        "Of which: Interest expense": 496,
        "Cost of sales": 40760,
        "Enterprise cost management": 11479,
        "Total Operating Expenses": 52863,
        "Total revenue financing activities": -31199,
        "Net profit from business activities": 218798,
        "Profit": 375,
        "Profit before tax": 219173,
        "Present corporate income tax expenses": 45152,
        "Deferred income taxes expenses": "N/A",
        "The interests of minority shareholders": "N/A",
        "Total Cost of profits": 45152,
        "Profit after tax corporate income": 174021,
        "Volume": 201809971,
        "Close of Quarter": 11.9,
        "EPS": 1200,
        "Non-adjusted EPS": 1200,
        "PE": 9.9,
        "Book Price": 11.9
      }
    },
    {
      "quarter": "Q3 2016",
      "income status": {
        "Net sales": 3106,
        "Cost of goods sold": 818,
        "Gross Profit": 2287,
        "Financial expenses": 435,
        "Of which: Interest expense": 435,
        "Cost of sales": 9302,
        "Enterprise cost management": 10694,
        "Total Operating Expenses": 20431,
        "Total revenue financing activities": 31282,
        "Net profit from business activities": 13140,
        "Profit": 38,
        "Profit before tax": 13177,
        "Present corporate income tax expenses": 2635,
        "Deferred income taxes expenses": "N/A",
        "The interests of minority shareholders": "N/A",
        "Total Cost of profits": 2635,
        "Profit after tax corporate income": 10542,
        "Volume": 201809971,
        "Close of Quarter": 11.3,
        "EPS": 730,
        "Non-adjusted EPS": 730,
        "PE": 15.5,
        "Book Price": 11.5
      }
    },
    {
      "quarter": "Q2 2016",
      "income status": {
        "Net sales": 123689,
        "Cost of goods sold": 71442,
        "Gross Profit": 52246,
        "Financial expenses": 925,
        "Of which: Interest expense": 670,
        "Cost of sales": 2243,
        "Enterprise cost management": 9258,
        "Total Operating Expenses": 12426,
        "Total revenue financing activities": 856,
        "Net profit from business activities": 40676,
        "Profit": -119,
        "Profit before tax": 40557,
        "Present corporate income tax expenses": 8164,
        "Deferred income taxes expenses": "N/A",
        "The interests of minority shareholders": 1,
        "Total Cost of profits": 8165,
        "Profit after tax corporate income": 32393,
        "Volume": 201809971,
        "Close of Quarter": 12.1,
        "EPS": 794,
        "Non-adjusted EPS": 794,
        "PE": 15.3,
        "Book Price": 11.5
      }
    },
    {
      "quarter": "Q1 2016",
      "income status": {
        "Net sales": 99038,
        "Cost of goods sold": 55035,
        "Gross Profit": 44003,
        "Financial expenses": 394,
        "Of which: Interest expense": 394,
        "Cost of sales": 2715,
        "Enterprise cost management": 9305,
        "Total Operating Expenses": 12414,
        "Total revenue financing activities": 47,
        "Net profit from business activities": 31635,
        "Profit": 85,
        "Profit before tax": 31720,
        "Present corporate income tax expenses": 6501,
        "Deferred income taxes expenses": "N/A",
        "The interests of minority shareholders": -1,
        "Total Cost of profits": 6500,
        "Profit after tax corporate income": 25219,
        "Volume": 201809971,
        "Close of Quarter": 13.1,
        "EPS": 785,
        "Non-adjusted EPS": 785,
        "PE": 16.7,
        "Book Price": 11.3
      }
    },
    {
      "quarter": "Q4 2015",
      "income status": {
        "Net sales": 51240,
        "Cost of goods sold": 38070,
        "Gross Profit": 13170,
        "Financial expenses": 120859,
        "Of which: Interest expense": 383,
        "Cost of sales": 3277,
        "Enterprise cost management": 8106,
        "Total Operating Expenses": 132242,
        "Total revenue financing activities": 220063,
        "Net profit from business activities": 100991,
        "Profit": 566,
        "Profit before tax": 101558,
        "Present corporate income tax expenses": 22397,
        "Deferred income taxes expenses": "N/A",
        "The interests of minority shareholders": "N/A",
        "Total Cost of profits": 22397,
        "Profit after tax corporate income": 79161,
        "Volume": 201809971,
        "Close of Quarter": 11.7,
        "EPS": 783,
        "Non-adjusted EPS": 783,
        "PE": 14.9,
        "Book Price": 11.3
      }
    },
    {
      "quarter": "Q3 2015",
      "income status": {
        "Net sales": 117570,
        "Cost of goods sold": 74383,
        "Gross Profit": 43187,
        "Financial expenses": 383,
        "Of which: Interest expense": 383,
        "Cost of sales": 4672,
        "Enterprise cost management": 8341,
        "Total Operating Expenses": 13396,
        "Total revenue financing activities": 142,
        "Net profit from business activities": 29934,
        "Profit": 118,
        "Profit before tax": 30051,
        "Present corporate income tax expenses": 6661,
        "Deferred income taxes expenses": "N/A",
        "The interests of minority shareholders": "N/A",
        "Total Cost of profits": 6661,
        "Profit after tax corporate income": 23390,
        "Volume": 201809971,
        "Close of Quarter": 12.6,
        "EPS": 557,
        "Non-adjusted EPS": 557,
        "PE": 22.7,
        "Book Price": 10.9
      }
    },
    {
      "quarter": "Q2 2015",
      "income status": {
        "Net sales": 129933,
        "Cost of goods sold": 78367,
        "Gross Profit": 51567,
        "Financial expenses": 379,
        "Of which: Interest expense": 379,
        "Cost of sales": 4139,
        "Enterprise cost management": 7866,
        "Total Operating Expenses": 12384,
        "Total revenue financing activities": 84,
        "Net profit from business activities": 39266,
        "Profit": 26,
        "Profit before tax": 39292,
        "Present corporate income tax expenses": 8644,
        "Deferred income taxes expenses": "N/A",
        "The interests of minority shareholders": "N/A",
        "Total Cost of profits": 8644,
        "Profit after tax corporate income": 30648,
        "Volume": 130200000,
        "Close of Quarter": 13.5,
        "EPS": 479.4,
        "Non-adjusted EPS": 743,
        "PE": 18.1,
        "Book Price": 7.6
      }
    },
    {
      "quarter": "Q1 2015",
      "income status": {
        "Net sales": 103771,
        "Cost of goods sold": 65403,
        "Gross Profit": 38367,
        "Financial expenses": 375,
        "Of which: Interest expense": 375,
        "Cost of sales": 655,
        "Enterprise cost management": 6148,
        "Total Operating Expenses": 7178,
        "Total revenue financing activities": 72,
        "Net profit from business activities": 31261,
        "Profit": 501,
        "Profit before tax": 31763,
        "Present corporate income tax expenses": 6988,
        "Deferred income taxes expenses": "N/A",
        "The interests of minority shareholders": "N/A",
        "Total Cost of profits": 6988,
        "Profit after tax corporate income": 24775,
        "Volume": 130200000,
        "Close of Quarter": 12.6,
        "EPS": 329.0,
        "Non-adjusted EPS": 510,
        "PE": 24.8,
        "Book Price": 7.4
      }
    },
    {
      "quarter": "Q4 2014",
      "income status": {
        "Net sales": 320265,
        "Cost of goods sold": 270080,
        "Gross Profit": 50185,
        "Financial expenses": 383,
        "Of which: Interest expense": 383,
        "Cost of sales": 450,
        "Enterprise cost management": 6348,
        "Total Operating Expenses": 7181,
        "Total revenue financing activities": 21,
        "Net profit from business activities": 43025,
        "Profit": 1,
        "Profit before tax": 43026,
        "Present corporate income tax expenses": 8782,
        "Deferred income taxes expenses": 684,
        "The interests of minority shareholders": "N/A",
        "Total Cost of profits": 9466,
        "Profit after tax corporate income": 33561,
        "Volume": 130200000,
        "Close of Quarter": 11.4,
        "EPS": 207.7,
        "Non-adjusted EPS": 322,
        "PE": 35.5,
        "Book Price": 7.3
      }
    },
    {
      "quarter": "Q3 2014",
      "income status": {
        "Net sales": 52151,
        "Cost of goods sold": 36321,
        "Gross Profit": 15829,
        "Financial expenses": 383,
        "Of which: Interest expense": 383,
        "Cost of sales": 321,
        "Enterprise cost management": 5620,
        "Total Operating Expenses": 6324,
        "Total revenue financing activities": 14,
        "Net profit from business activities": 9519,
        "Profit": 442,
        "Profit before tax": 9961,
        "Present corporate income tax expenses": 2191,
        "Deferred income taxes expenses": "N/A",
        "The interests of minority shareholders": "N/A",
        "Total Cost of profits": 2191,
        "Profit after tax corporate income": 7769,
        "Volume": 130200000,
        "Close of Quarter": 10.4,
        "EPS": 48.4,
        "Non-adjusted EPS": 75,
        "PE": 139.1,
        "Book Price": 7.1
      }
    },
    {
      "quarter": "Q2 2014",
      "income status": {
        "Net sales": 23534,
        "Cost of goods sold": 16881,
        "Gross Profit": 6653,
        "Financial expenses": 379,
        "Of which: Interest expense": 379,
        "Cost of sales": 891,
        "Enterprise cost management": 5417,
        "Total Operating Expenses": 6687,
        "Total revenue financing activities": 5,
        "Net profit from business activities": -29,
        "Profit": 479,
        "Profit before tax": 450,
        "Present corporate income tax expenses": "N/A",
        "Deferred income taxes expenses": 99,
        "The interests of minority shareholders": "N/A",
        "Total Cost of profits": 99,
        "Profit after tax corporate income": 351,
        "Volume": 130200000,
        "Close of Quarter": 8.3,
        "EPS": 13.6,
        "Non-adjusted EPS": 21,
        "PE": 395.2,
        "Book Price": 7.1
      }
    },
    {
      "quarter": "Q1 2014",
      "income status": {
        "Net sales": 19332,
        "Cost of goods sold": 13559,
        "Gross Profit": 5773,
        "Financial expenses": 375,
        "Of which: Interest expense": 375,
        "Cost of sales": 1146,
        "Enterprise cost management": 4557,
        "Total Operating Expenses": 6078,
        "Total revenue financing activities": 12,
        "Net profit from business activities": -293,
        "Profit": 595,
        "Profit before tax": 302,
        "Present corporate income tax expenses": "N/A",
        "Deferred income taxes expenses": 66,
        "The interests of minority shareholders": "N/A",
        "Total Cost of profits": 66,
        "Profit after tax corporate income": 236,
        "Volume": 130200000,
        "Close of Quarter": 9.1,
        "EPS": 15.5,
        "Non-adjusted EPS": 24,
        "PE": 378.3,
        "Book Price": 7.1
      }
    },
    {
      "quarter": "Q4 2013",
      "income status": {
        "Net sales": 12868,
        "Cost of goods sold": 5138,
        "Gross Profit": 7730,
        "Financial expenses": 413,
        "Of which: Interest expense": "N/A",
        "Cost of sales": 1643,
        "Enterprise cost management": 6192,
        "Total Operating Expenses": 8248,
        "Total revenue financing activities": 28,
        "Net profit from business activities": -489,
        "Profit": 2442,
        "Profit before tax": 1953,
        "Present corporate income tax expenses": 488,
        "Deferred income taxes expenses": "N/A",
        "The interests of minority shareholders": "N/A",
        "Total Cost of profits": 488,
        "Profit after tax corporate income": 1464,
        "Volume": 130200000,
        "Close of Quarter": 12.2,
        "EPS": 15.5,
        "Non-adjusted EPS": 24,
        "PE": 508.3,
        "Book Price": 7.1
      }
    },
    {
      "quarter": "Q3 2013",
      "income status": {
        "Net sales": 11232,
        "Cost of goods sold": 4000,
        "Gross Profit": 7232,
        "Financial expenses": 383,
        "Of which: Interest expense": 383,
        "Cost of sales": 476,
        "Enterprise cost management": 5901,
        "Total Operating Expenses": 6760,
        "Total revenue financing activities": 10,
        "Net profit from business activities": 482,
        "Profit": 435,
        "Profit before tax": 917,
        "Present corporate income tax expenses": 229,
        "Deferred income taxes expenses": "N/A",
        "The interests of minority shareholders": "N/A",
        "Total Cost of profits": 229,
        "Profit after tax corporate income": 688,
        "Volume": 130200000,
        "Close of Quarter": 8.4,
        "EPS": 26.5,
        "Non-adjusted EPS": 41,
        "PE": 204.2,
        "Book Price": 7.1
      }
    },
    {
      "quarter": "Q2 2013",
      "income status": {
        "Net sales": 15519,
        "Cost of goods sold": 2896,
        "Gross Profit": 12623,
        "Financial expenses": 754,
        "Of which: Interest expense": 754,
        "Cost of sales": 1243,
        "Enterprise cost management": 12184,
        "Total Operating Expenses": 14181,
        "Total revenue financing activities": 31,
        "Net profit from business activities": -1529,
        "Profit": 2524,
        "Profit before tax": 995,
        "Present corporate income tax expenses": 249,
        "Deferred income taxes expenses": "N/A",
        "The interests of minority shareholders": "N/A",
        "Total Cost of profits": 249,
        "Profit after tax corporate income": 746,
        "Volume": 130200000,
        "Close of Quarter": 7.5,
        "EPS": 25.8,
        "Non-adjusted EPS": 40,
        "PE": 186.3,
        "Book Price": 7.1
      }
    },
    {
      "quarter": "Q1 2013",
      "income status": {
        "Net sales": 6853,
        "Cost of goods sold": 1388,
        "Gross Profit": 5464,
        "Financial expenses": 375,
        "Of which: Interest expense": 375,
        "Cost of sales": 632,
        "Enterprise cost management": 6435,
        "Total Operating Expenses": 7442,
        "Total revenue financing activities": 17,
        "Net profit from business activities": -1960,
        "Profit": 2197,
        "Profit before tax": 236,
        "Present corporate income tax expenses": 59,
        "Deferred income taxes expenses": "N/A",
        "The interests of minority shareholders": "N/A",
        "Total Cost of profits": 59,
        "Profit after tax corporate income": 177,
        "Volume": 130200000,
        "Close of Quarter": 11.9,
        "EPS": 23.2,
        "Non-adjusted EPS": 36,
        "PE": 331.1,
        "Book Price": 7.1
      }
    },
    {
      "quarter": "Q4 2012",
      "income status": {
        "Net sales": 36353,
        "Cost of goods sold": 24541,
        "Gross Profit": 11812,
        "Financial expenses": 383,
        "Of which: Interest expense": "N/A",
        "Cost of sales": 1493,
        "Enterprise cost management": 8319,
        "Total Operating Expenses": 10195,
        "Total revenue financing activities": 24,
        "Net profit from business activities": 1641,
        "Profit": 3326,
        "Profit before tax": 4967,
        "Present corporate income tax expenses": 831,
        "Deferred income taxes expenses": 410,
        "The interests of minority shareholders": "N/A",
        "Total Cost of profits": 1241,
        "Profit after tax corporate income": 3725,
        "Volume": 130200000,
        "Close of Quarter": 12.4,
        "EPS": 23.9,
        "Non-adjusted EPS": 37,
        "PE": 335.4,
        "Book Price": 7.1
      }
    },
    {
      "quarter": "Q3 2012",
      "income status": {
        "Net sales": 33936,
        "Cost of goods sold": 22766,
        "Gross Profit": 11170,
        "Financial expenses": 907,
        "Of which: Interest expense": 907,
        "Cost of sales": 1151,
        "Enterprise cost management": 8036,
        "Total Operating Expenses": 10094,
        "Total revenue financing activities": 41,
        "Net profit from business activities": 1118,
        "Profit": -323,
        "Profit before tax": 794,
        "Present corporate income tax expenses": 199,
        "Deferred income taxes expenses": "N/A",
        "The interests of minority shareholders": "N/A",
        "Total Cost of profits": 199,
        "Profit after tax corporate income": 596,
        "Volume": 130200000,
        "Close of Quarter": 9.3,
        "EPS": 38.7,
        "Non-adjusted EPS": 60,
        "PE": 154.8,
        "Book Price": 7.0
      }
    },
    {
      "quarter": "Q2 2012",
      "income status": {
        "Net sales": 16913,
        "Cost of goods sold": 6672,
        "Gross Profit": 10241,
        "Financial expenses": 1399,
        "Of which: Interest expense": 1399,
        "Cost of sales": 1650,
        "Enterprise cost management": 7093,
        "Total Operating Expenses": 10142,
        "Total revenue financing activities": 28,
        "Net profit from business activities": 127,
        "Profit": 278,
        "Profit before tax": 405,
        "Present corporate income tax expenses": "N/A",
        "Deferred income taxes expenses": 180,
        "The interests of minority shareholders": "N/A",
        "Total Cost of profits": 180,
        "Profit after tax corporate income": 225,
        "Volume": 130200000,
        "Close of Quarter": 9.2,
        "EPS": "N/A",
        "Non-adjusted EPS": " ",
        "PE": "N/A",
        "Book Price": 7.0
      }
    },
    {
      "quarter": "Q1 2012",
      "income status": {
        "Net sales": 17257,
        "Cost of goods sold": 7141,
        "Gross Profit": 10116,
        "Financial expenses": 1206,
        "Of which: Interest expense": 1206,
        "Cost of sales": 1377,
        "Enterprise cost management": 7326,
        "Total Operating Expenses": 9909,
        "Total revenue financing activities": 107,
        "Net profit from business activities": 314,
        "Profit": 2,
        "Profit before tax": 315,
        "Present corporate income tax expenses": "N/A",
        "Deferred income taxes expenses": "N/A",
        "The interests of minority shareholders": "N/A",
        "Total Cost of profits": 0,
        "Profit after tax corporate income": 315,
        "Volume": 130200000,
        "Close of Quarter": 9.7,
        "EPS": "",
        "Non-adjusted EPS": "N/A",
        "PE": 58.2,
        "Book Price": 7.0
      }
    },
    {
      "quarter": "Q4 2011",
      "income status": {
        "Net sales": 7660,
        "Cost of goods sold": 13741,
        "Gross Profit": -6081,
        "Financial expenses": 1443,
        "Of which: Interest expense": 1443,
        "Cost of sales": 2294,
        "Enterprise cost management": 9861,
        "Total Operating Expenses": 13598,
        "Total revenue financing activities": 28686,
        "Net profit from business activities": 9007,
        "Profit": -1355,
        "Profit before tax": 8655,
        "Present corporate income tax expenses": 1030,
        "Deferred income taxes expenses": "N/A",
        "The interests of minority shareholders": -51,
        "Total Cost of profits": 979,
        "Profit after tax corporate income": 6673,
        "Volume": 130200000,
        "Close of Quarter": 13.3,
        "EPS": "",
        "Non-adjusted EPS": 107.7,
        "PE": 251.7,
        "Book Price": 7.0
      }
    },
    {
      "quarter": "Q3 2011",
      "income status": {
        "Net sales": 1024,
        "Cost of goods sold": 126,
        "Gross Profit": 898,
        "Financial expenses": 1863,
        "Of which: Interest expense": 1863,
        "Cost of sales": 3278,
        "Enterprise cost management": 5349,
        "Total Operating Expenses": 10490,
        "Total revenue financing activities": 50,
        "Net profit from business activities": -9541,
        "Profit": 180,
        "Profit before tax": -9361,
        "Present corporate income tax expenses": -2168,
        "Deferred income taxes expenses": "N/A",
        "The interests of minority shareholders": -1,
        "Total Cost of profits": -2169,
        "Profit after tax corporate income": -7192,
        "Volume": 130200000,
        "Close of Quarter": 17.7,
        "EPS": 167,
        "Non-adjusted EPS": 34.2,
        "PE": 14.2,
        "Book Price": 7.0
      }
    },
    {
      "quarter": "Q2 2011",
      "income status": {
        "Net sales": 115930,
        "Cost of goods sold": 77702,
        "Gross Profit": 38228,
        "Financial expenses": 1057,
        "Of which: Interest expense": 1057,
        "Cost of sales": 3352,
        "Enterprise cost management": 8893,
        "Total Operating Expenses": 13302,
        "Total revenue financing activities": 94,
        "Net profit from business activities": 25020,
        "Profit": -276,
        "Profit before tax": 24744,
        "Present corporate income tax expenses": 2881,
        "Deferred income taxes expenses": "N/A",
        "The interests of minority shareholders": -31,
        "Total Cost of profits": 2850,
        "Profit after tax corporate income": 21894,
        "Volume": 130200000,
        "Close of Quarter": 17.4,
        "EPS": 53,
        "Non-adjusted EPS": 805.2,
        "PE": 12.9,
        "Book Price": 7.0
      }
    },
    {
      "quarter": "Q1 2011",
      "income status": {
        "Net sales": 2592,
        "Cost of goods sold": 1388,
        "Gross Profit": 1204,
        "Financial expenses": 887,
        "Of which: Interest expense": 851,
        "Cost of sales": 6062,
        "Enterprise cost management": 8252,
        "Total Operating Expenses": 15201,
        "Total revenue financing activities": 89,
        "Net profit from business activities": -13908,
        "Profit": -542,
        "Profit before tax": -14450,
        "Present corporate income tax expenses": "N/A",
        "Deferred income taxes expenses": "N/A",
        "The interests of minority shareholders": -28,
        "Total Cost of profits": -28,
        "Profit after tax corporate income": -14422,
        "Volume": 130200000,
        "Close of Quarter": 20.3,
        "EPS": 1248,
        "Non-adjusted EPS": 870.3,
        "PE": 9.9,
        "Book Price": 7.0
      }
    }
  ]
}