{
  "ticker": "PSC",
  "data": [
    {
      "quarter": "Q4 2016",
      "income status": {
        "Net sales": 109441,
        "Cost of goods sold": 97910,
        "Gross Profit": 11531,
        "Financial expenses": 1000,
        "Of which: Interest expense": 1024,
        "Cost of sales": 5552,
        "Enterprise cost management": 1204,
        "Total Operating Expenses": 7756,
        "Total revenue financing activities": 3,
        "Net profit from business activities": 3779,
        "Profit": 51,
        "Profit before tax": 3830,
        "Present corporate income tax expenses": 772,
        "Deferred income taxes expenses": "N/A",
        "The interests of minority shareholders": "N/A",
        "Total Cost of profits": 772,
        "Profit after tax corporate income": 3058,
        "Volume": 7200000,
        "Close of Quarter": 15.3,
        "EPS": 1916,
        "Non-adjusted EPS": 1916,
        "PE": 8,
        "Book Price": 16.8
      }
    },
    {
      "quarter": "Q3 2016",
      "income status": {
        "Net sales": 102614,
        "Cost of goods sold": 87567,
        "Gross Profit": 15048,
        "Financial expenses": 872,
        "Of which: Interest expense": 872,
        "Cost of sales": 6164,
        "Enterprise cost management": 4178,
        "Total Operating Expenses": 11214,
        "Total revenue financing activities": 201,
        "Net profit from business activities": 4035,
        "Profit": 910,
        "Profit before tax": 4946,
        "Present corporate income tax expenses": 984,
        "Deferred income taxes expenses": "N/A",
        "The interests of minority shareholders": "N/A",
        "Total Cost of profits": 984,
        "Profit after tax corporate income": 3962,
        "Volume": 7200000,
        "Close of Quarter": 11.7,
        "EPS": 2171,
        "Non-adjusted EPS": 2171,
        "PE": 5.4,
        "Book Price": 16.4
      }
    },
    {
      "quarter": "Q2 2016",
      "income status": {
        "Net sales": 100376,
        "Cost of goods sold": 81755,
        "Gross Profit": 18621,
        "Financial expenses": 926,
        "Of which: Interest expense": 942,
        "Cost of sales": 7601,
        "Enterprise cost management": 6238,
        "Total Operating Expenses": 14765,
        "Total revenue financing activities": 9,
        "Net profit from business activities": 3867,
        "Profit": 464,
        "Profit before tax": 4330,
        "Present corporate income tax expenses": 847,
        "Deferred income taxes expenses": "N/A",
        "The interests of minority shareholders": "N/A",
        "Total Cost of profits": 847,
        "Profit after tax corporate income": 3483,
        "Volume": 7200000,
        "Close of Quarter": 10.8,
        "EPS": 1867,
        "Non-adjusted EPS": 1867,
        "PE": 5.8,
        "Book Price": 15.8
      }
    },
    {
      "quarter": "Q1 2016",
      "income status": {
        "Net sales": 92720,
        "Cost of goods sold": 78460,
        "Gross Profit": 14259,
        "Financial expenses": 998,
        "Of which: Interest expense": 998,
        "Cost of sales": 5345,
        "Enterprise cost management": 4121,
        "Total Operating Expenses": 10464,
        "Total revenue financing activities": 8,
        "Net profit from business activities": 3803,
        "Profit": 422,
        "Profit before tax": 4224,
        "Present corporate income tax expenses": 929,
        "Deferred income taxes expenses": "N/A",
        "The interests of minority shareholders": "N/A",
        "Total Cost of profits": 929,
        "Profit after tax corporate income": 3295,
        "Volume": 7200000,
        "Close of Quarter": 8.8,
        "EPS": 1808,
        "Non-adjusted EPS": 1808,
        "PE": 4.9,
        "Book Price": 16.8
      }
    },
    {
      "quarter": "Q4 2015",
      "income status": {
        "Net sales": 140137,
        "Cost of goods sold": 130144,
        "Gross Profit": 9994,
        "Financial expenses": -1617,
        "Of which: Interest expense": 901,
        "Cost of sales": 4237,
        "Enterprise cost management": 1996,
        "Total Operating Expenses": 4616,
        "Total revenue financing activities": 21,
        "Net profit from business activities": 5399,
        "Profit": 906,
        "Profit before tax": 6304,
        "Present corporate income tax expenses": 1415,
        "Deferred income taxes expenses": "N/A",
        "The interests of minority shareholders": "N/A",
        "Total Cost of profits": 1415,
        "Profit after tax corporate income": 4889,
        "Volume": 7200000,
        "Close of Quarter": 14.1,
        "EPS": 1725,
        "Non-adjusted EPS": 1725,
        "PE": 8.2,
        "Book Price": 16.3
      }
    },
    {
      "quarter": "Q3 2015",
      "income status": {
        "Net sales": 108670,
        "Cost of goods sold": 95929,
        "Gross Profit": 12741,
        "Financial expenses": 3580,
        "Of which: Interest expense": 1023,
        "Cost of sales": 5208,
        "Enterprise cost management": 2720,
        "Total Operating Expenses": 11508,
        "Total revenue financing activities": 10,
        "Net profit from business activities": 1243,
        "Profit": 1031,
        "Profit before tax": 2274,
        "Present corporate income tax expenses": 500,
        "Deferred income taxes expenses": "N/A",
        "The interests of minority shareholders": "N/A",
        "Total Cost of profits": 500,
        "Profit after tax corporate income": 1774,
        "Volume": 7200000,
        "Close of Quarter": 9.1,
        "EPS": 1388,
        "Non-adjusted EPS": 1388,
        "PE": 6.5,
        "Book Price": 16
      }
    },
    {
      "quarter": "Q2 2015",
      "income status": {
        "Net sales": 112415,
        "Cost of goods sold": 98843,
        "Gross Profit": 13572,
        "Financial expenses": -1248,
        "Of which: Interest expense": 1300,
        "Cost of sales": 7325,
        "Enterprise cost management": 4679,
        "Total Operating Expenses": 10756,
        "Total revenue financing activities": 371,
        "Net profit from business activities": 3186,
        "Profit": 852,
        "Profit before tax": 4038,
        "Present corporate income tax expenses": 975,
        "Deferred income taxes expenses": "N/A",
        "The interests of minority shareholders": "N/A",
        "Total Cost of profits": 975,
        "Profit after tax corporate income": 3063,
        "Volume": 4800000,
        "Close of Quarter": 9,
        "EPS": 1428.7,
        "Non-adjusted EPS": 2143,
        "PE": 4.2,
        "Book Price": 15.5
      }
    },
    {
      "quarter": "Q1 2015",
      "income status": {
        "Net sales": 104998,
        "Cost of goods sold": 93042,
        "Gross Profit": 11957,
        "Financial expenses": 975,
        "Of which: Interest expense": 975,
        "Cost of sales": 4342,
        "Enterprise cost management": 4023,
        "Total Operating Expenses": 9340,
        "Total revenue financing activities": 10,
        "Net profit from business activities": 2627,
        "Profit": 825,
        "Profit before tax": 3452,
        "Present corporate income tax expenses": 759,
        "Deferred income taxes expenses": "N/A",
        "The interests of minority shareholders": "N/A",
        "Total Cost of profits": 759,
        "Profit after tax corporate income": 2692,
        "Volume": 4800000,
        "Close of Quarter": 6.8,
        "EPS": 1282,
        "Non-adjusted EPS": 1923,
        "PE": 3.6,
        "Book Price": 15.2
      }
    },
    {
      "quarter": "Q4 2014",
      "income status": {
        "Net sales": 126198,
        "Cost of goods sold": 116799,
        "Gross Profit": 9399,
        "Financial expenses": 1404,
        "Of which: Interest expense": 1271,
        "Cost of sales": 3543,
        "Enterprise cost management": 2266,
        "Total Operating Expenses": 7213,
        "Total revenue financing activities": 6,
        "Net profit from business activities": 2193,
        "Profit": 1004,
        "Profit before tax": 3197,
        "Present corporate income tax expenses": 732,
        "Deferred income taxes expenses": "N/A",
        "The interests of minority shareholders": "N/A",
        "Total Cost of profits": 732,
        "Profit after tax corporate income": 2465,
        "Volume": 4800000,
        "Close of Quarter": 6.9,
        "EPS": 1189.3,
        "Non-adjusted EPS": 1784,
        "PE": 3.9,
        "Book Price": 15.7
      }
    },
    {
      "quarter": "Q3 2014",
      "income status": {
        "Net sales": 135538,
        "Cost of goods sold": 126720,
        "Gross Profit": 8818,
        "Financial expenses": 1129,
        "Of which: Interest expense": 1129,
        "Cost of sales": 3545,
        "Enterprise cost management": 2370,
        "Total Operating Expenses": 7044,
        "Total revenue financing activities": 7,
        "Net profit from business activities": 1782,
        "Profit": 866,
        "Profit before tax": 2648,
        "Present corporate income tax expenses": 583,
        "Deferred income taxes expenses": "N/A",
        "The interests of minority shareholders": "N/A",
        "Total Cost of profits": 583,
        "Profit after tax corporate income": 2066,
        "Volume": 4800000,
        "Close of Quarter": 5.1,
        "EPS": 1197.3,
        "Non-adjusted EPS": 1796,
        "PE": 2.9,
        "Book Price": 15.3
      }
    },
    {
      "quarter": "Q2 2014",
      "income status": {
        "Net sales": 133465,
        "Cost of goods sold": 124836,
        "Gross Profit": 8630,
        "Financial expenses": 1466,
        "Of which: Interest expense": 1566,
        "Cost of sales": 2521,
        "Enterprise cost management": 2868,
        "Total Operating Expenses": 6855,
        "Total revenue financing activities": 24,
        "Net profit from business activities": 1799,
        "Profit": 876,
        "Profit before tax": 2675,
        "Present corporate income tax expenses": 669,
        "Deferred income taxes expenses": "N/A",
        "The interests of minority shareholders": "N/A",
        "Total Cost of profits": 669,
        "Profit after tax corporate income": 2006,
        "Volume": 4800000,
        "Close of Quarter": 5.3,
        "EPS": 1226.7,
        "Non-adjusted EPS": 1840,
        "PE": 2.9,
        "Book Price": 15
      }
    },
    {
      "quarter": "Q1 2014",
      "income status": {
        "Net sales": 128586,
        "Cost of goods sold": 120522,
        "Gross Profit": 8064,
        "Financial expenses": 1220,
        "Of which: Interest expense": 1220,
        "Cost of sales": 2805,
        "Enterprise cost management": 2175,
        "Total Operating Expenses": 6200,
        "Total revenue financing activities": 10,
        "Net profit from business activities": 1873,
        "Profit": 829,
        "Profit before tax": 2702,
        "Present corporate income tax expenses": 676,
        "Deferred income taxes expenses": "N/A",
        "The interests of minority shareholders": "N/A",
        "Total Cost of profits": 676,
        "Profit after tax corporate income": 2027,
        "Volume": 4800000,
        "Close of Quarter": 5.4,
        "EPS": 947.3,
        "Non-adjusted EPS": 1421,
        "PE": 3.8,
        "Book Price": 15.5
      }
    },
    {
      "quarter": "Q4 2013",
      "income status": {
        "Net sales": 131681,
        "Cost of goods sold": 123176,
        "Gross Profit": 8505,
        "Financial expenses": 697,
        "Of which: Interest expense": 1641,
        "Cost of sales": 3793,
        "Enterprise cost management": 1473,
        "Total Operating Expenses": 5963,
        "Total revenue financing activities": 8,
        "Net profit from business activities": 2551,
        "Profit": 846,
        "Profit before tax": 3396,
        "Present corporate income tax expenses": 874,
        "Deferred income taxes expenses": "N/A",
        "The interests of minority shareholders": "N/A",
        "Total Cost of profits": 874,
        "Profit after tax corporate income": 2522,
        "Volume": 4800000,
        "Close of Quarter": 4.2,
        "EPS": 883.3,
        "Non-adjusted EPS": 1325,
        "PE": 3.2,
        "Book Price": 15.3
      }
    },
    {
      "quarter": "Q3 2013",
      "income status": {
        "Net sales": 125728,
        "Cost of goods sold": 118918,
        "Gross Profit": 6810,
        "Financial expenses": 250,
        "Of which: Interest expense": 1398,
        "Cost of sales": 2436,
        "Enterprise cost management": 1576,
        "Total Operating Expenses": 4262,
        "Total revenue financing activities": 50,
        "Net profit from business activities": 2599,
        "Profit": 426,
        "Profit before tax": 3025,
        "Present corporate income tax expenses": 746,
        "Deferred income taxes expenses": "N/A",
        "The interests of minority shareholders": "N/A",
        "Total Cost of profits": 746,
        "Profit after tax corporate income": 2279,
        "Volume": 4800000,
        "Close of Quarter": 4.6,
        "EPS": 812,
        "Non-adjusted EPS": 1218,
        "PE": 3.8,
        "Book Price": 14.9
      }
    },
    {
      "quarter": "Q2 2013",
      "income status": {
        "Net sales": 142614,
        "Cost of goods sold": 133271,
        "Gross Profit": 9344,
        "Financial expenses": 5913,
        "Of which: Interest expense": 1428,
        "Cost of sales": 1926,
        "Enterprise cost management": 1988,
        "Total Operating Expenses": 9827,
        "Total revenue financing activities": 131,
        "Net profit from business activities": -352,
        "Profit": 381,
        "Profit before tax": 28,
        "Present corporate income tax expenses": 34,
        "Deferred income taxes expenses": "N/A",
        "The interests of minority shareholders": "N/A",
        "Total Cost of profits": 34,
        "Profit after tax corporate income": -5,
        "Volume": 4800000,
        "Close of Quarter": 5.8,
        "EPS": 688.7,
        "Non-adjusted EPS": 1033,
        "PE": 5.6,
        "Book Price": 14.7
      }
    },
    {
      "quarter": "Q1 2013",
      "income status": {
        "Net sales": 132343,
        "Cost of goods sold": 124771,
        "Gross Profit": 7571,
        "Financial expenses": 1215,
        "Of which: Interest expense": 1215,
        "Cost of sales": 1879,
        "Enterprise cost management": 2945,
        "Total Operating Expenses": 6039,
        "Total revenue financing activities": 113,
        "Net profit from business activities": 1645,
        "Profit": 408,
        "Profit before tax": 2053,
        "Present corporate income tax expenses": 491,
        "Deferred income taxes expenses": "N/A",
        "The interests of minority shareholders": "N/A",
        "Total Cost of profits": 491,
        "Profit after tax corporate income": 1562,
        "Volume": 4800000,
        "Close of Quarter": 6.4,
        "EPS": 960,
        "Non-adjusted EPS": 1440,
        "PE": 4.4,
        "Book Price": 15.5
      }
    },
    {
      "quarter": "Q4 2012",
      "income status": {
        "Net sales": 153518,
        "Cost of goods sold": 145414,
        "Gross Profit": 8104,
        "Financial expenses": 1403,
        "Of which: Interest expense": 1286,
        "Cost of sales": 2130,
        "Enterprise cost management": 2315,
        "Total Operating Expenses": 5848,
        "Total revenue financing activities": 49,
        "Net profit from business activities": 2306,
        "Profit": 429,
        "Profit before tax": 2735,
        "Present corporate income tax expenses": 725,
        "Deferred income taxes expenses": "N/A",
        "The interests of minority shareholders": "N/A",
        "Total Cost of profits": 725,
        "Profit after tax corporate income": 2010,
        "Volume": 4800000,
        "Close of Quarter": 5.3,
        "EPS": 1011.3,
        "Non-adjusted EPS": 1517,
        "PE": 3.5,
        "Book Price": 15.2
      }
    },
    {
      "quarter": "Q3 2012",
      "income status": {
        "Net sales": 152305,
        "Cost of goods sold": 145808,
        "Gross Profit": 6497,
        "Financial expenses": 865,
        "Of which: Interest expense": 865,
        "Cost of sales": 1866,
        "Enterprise cost management": 2543,
        "Total Operating Expenses": 5274,
        "Total revenue financing activities": 213,
        "Net profit from business activities": 1435,
        "Profit": 351,
        "Profit before tax": 1785,
        "Present corporate income tax expenses": 397,
        "Deferred income taxes expenses": "N/A",
        "The interests of minority shareholders": "N/A",
        "Total Cost of profits": 397,
        "Profit after tax corporate income": 1389,
        "Volume": 4800000,
        "Close of Quarter": 5.4,
        "EPS": 1110,
        "Non-adjusted EPS": 1665,
        "PE": 3.3,
        "Book Price": 14.9
      }
    },
    {
      "quarter": "Q2 2012",
      "income status": {
        "Net sales": 176924,
        "Cost of goods sold": 170443,
        "Gross Profit": 6481,
        "Financial expenses": 1369,
        "Of which: Interest expense": 1782,
        "Cost of sales": 1991,
        "Enterprise cost management": 1903,
        "Total Operating Expenses": 5263,
        "Total revenue financing activities": 707,
        "Net profit from business activities": 1926,
        "Profit": 536,
        "Profit before tax": 2462,
        "Present corporate income tax expenses": 511,
        "Deferred income taxes expenses": "N/A",
        "The interests of minority shareholders": "N/A",
        "Total Cost of profits": 511,
        "Profit after tax corporate income": 1951,
        "Volume": 4800000,
        "Close of Quarter": 5.3,
        "EPS": 1218.7,
        "Non-adjusted EPS": 1828,
        "PE": 2.9,
        "Book Price": 14.7
      }
    },
    {
      "quarter": "Q1 2012",
      "income status": {
        "Net sales": 156269,
        "Cost of goods sold": 150212,
        "Gross Profit": 6057,
        "Financial expenses": 1095,
        "Of which: Interest expense": 1095,
        "Cost of sales": 1641,
        "Enterprise cost management": 1349,
        "Total Operating Expenses": 4085,
        "Total revenue financing activities": 54,
        "Net profit from business activities": 2026,
        "Profit": 540,
        "Profit before tax": 2567,
        "Present corporate income tax expenses": 636,
        "Deferred income taxes expenses": "N/A",
        "The interests of minority shareholders": "N/A",
        "Total Cost of profits": 636,
        "Profit after tax corporate income": 1931,
        "Volume": 4800000,
        "Close of Quarter": 5.5,
        "EPS": 1337.3,
        "Non-adjusted EPS": 2006,
        "PE": 2.7,
        "Book Price": 15.7
      }
    },
    {
      "quarter": "Q4 2011",
      "income status": {
        "Net sales": 220133,
        "Cost of goods sold": 213704,
        "Gross Profit": 6430,
        "Financial expenses": 910,
        "Of which: Interest expense": 574,
        "Cost of sales": 2610,
        "Enterprise cost management": 995,
        "Total Operating Expenses": 4515,
        "Total revenue financing activities": 81,
        "Net profit from business activities": 1996,
        "Profit": 1766,
        "Profit before tax": 13148,
        "Present corporate income tax expenses": 1040,
        "Deferred income taxes expenses": "N/A",
        "The interests of minority shareholders": "N/A",
        "Total Cost of profits": 1040,
        "Profit after tax corporate income": 2722,
        "Volume": 4800000,
        "Close of Quarter": 4.1,
        "EPS": 1389.3,
        "Non-adjusted EPS": 2084,
        "PE": 2.0,
        "Book Price": 15.4
      }
    },
    {
      "quarter": "Q3 2011",
      "income status": {
        "Net sales": 219156,
        "Cost of goods sold": 212719,
        "Gross Profit": 6437,
        "Financial expenses": 1046,
        "Of which: Interest expense": 927,
        "Cost of sales": 1938,
        "Enterprise cost management": 1757,
        "Total Operating Expenses": 4741,
        "Total revenue financing activities": 152,
        "Net profit from business activities": 1848,
        "Profit": 1007,
        "Profit before tax": 2855,
        "Present corporate income tax expenses": 684,
        "Deferred income taxes expenses": "N/A",
        "The interests of minority shareholders": "N/A",
        "Total Cost of profits": 684,
        "Profit after tax corporate income": 2171,
        "Volume": 4800000,
        "Close of Quarter": 5.6,
        "EPS": 1402.7,
        "Non-adjusted EPS": 2104,
        "PE": 2.7,
        "Book Price": 15
      }
    },
    {
      "quarter": "Q2 2011",
      "income status": {
        "Net sales": 246137,
        "Cost of goods sold": 237081,
        "Gross Profit": 9056,
        "Financial expenses": 2938,
        "Of which: Interest expense": 2297,
        "Cost of sales": 4035,
        "Enterprise cost management": 1065,
        "Total Operating Expenses": 8038,
        "Total revenue financing activities": 804,
        "Net profit from business activities": 1822,
        "Profit": 1785,
        "Profit before tax": 3606,
        "Present corporate income tax expenses": 802,
        "Deferred income taxes expenses": "N/A",
        "The interests of minority shareholders": "N/A",
        "Total Cost of profits": 802,
        "Profit after tax corporate income": 2805,
        "Volume": 4800000,
        "Close of Quarter": 6.0,
        "EPS": 1385.3,
        "Non-adjusted EPS": 2078,
        "PE": 2.9,
        "Book Price": 14.7
      }
    },
    {
      "quarter": "Q1 2011",
      "income status": {
        "Net sales": 213829,
        "Cost of goods sold": 202565,
        "Gross Profit": 11263,
        "Financial expenses": 4186,
        "Of which: Interest expense": 1640,
        "Cost of sales": 2835,
        "Enterprise cost management": 2659,
        "Total Operating Expenses": 9680,
        "Total revenue financing activities": 734,
        "Net profit from business activities": 2317,
        "Profit": 611,
        "Profit before tax": 2928,
        "Present corporate income tax expenses": 624,
        "Deferred income taxes expenses": "N/A",
        "The interests of minority shareholders": "N/A",
        "Total Cost of profits": 624,
        "Profit after tax corporate income": 2304,
        "Volume": 4800000,
        "Close of Quarter": 7.0,
        "EPS": 1352,
        "Non-adjusted EPS": 2028,
        "PE": 3.5,
        "Book Price": 15.2
      }
    }
  ]
}