{
  "ticker": "LIG",
  "data": [
    {
      "quarter": "Q4 2016",
      "income status": {
        "Net sales": 204013,
        "Cost of goods sold": 186610,
        "Gross Profit": 17403,
        "Financial expenses": 7700,
        "Of which: Interest expense": 7700,
        "Cost of sales": 65,
        "Enterprise cost management": 7858,
        "Total Operating Expenses": 15623,
        "Total revenue financing activities": -270,
        "Net profit from business activities": 1508,
        "Profit": 487,
        "Profit before tax": 1995,
        "Present corporate income tax expenses": 613,
        "Deferred income taxes expenses": "N/A",
        "The interests of minority shareholders": -7548,
        "Total Cost of profits": -6935,
        "Profit after tax corporate income": 8929,
        "Volume": 42734232,
        "Close of Quarter": 4.4,
        "EPS": 383,
        "Non-adjusted EPS": 383,
        "PE": 11.5,
        "Book Price": 12
      }
    },
    {
      "quarter": "Q3 2016",
      "income status": {
        "Net sales": 251729,
        "Cost of goods sold": 226184,
        "Gross Profit": 25545,
        "Financial expenses": 12502,
        "Of which: Interest expense": 12502,
        "Cost of sales": 65,
        "Enterprise cost management": 7521,
        "Total Operating Expenses": 20088,
        "Total revenue financing activities": 223,
        "Net profit from business activities": 5680,
        "Profit": -2096,
        "Profit before tax": 3584,
        "Present corporate income tax expenses": 1114,
        "Deferred income taxes expenses": "N/A",
        "The interests of minority shareholders": 1169,
        "Total Cost of profits": 2283,
        "Profit after tax corporate income": 1300,
        "Volume": 42734232,
        "Close of Quarter": 5,
        "EPS": 604,
        "Non-adjusted EPS": 604,
        "PE": 8.3,
        "Book Price": 12.4
      }
    },
    {
      "quarter": "Q2 2016",
      "income status": {
        "Net sales": 177776,
        "Cost of goods sold": 162966,
        "Gross Profit": 14810,
        "Financial expenses": 12652,
        "Of which: Interest expense": 12652,
        "Cost of sales": 65,
        "Enterprise cost management": 7704,
        "Total Operating Expenses": 20421,
        "Total revenue financing activities": 12319,
        "Net profit from business activities": 6710,
        "Profit": -1118,
        "Profit before tax": 5591,
        "Present corporate income tax expenses": 1438,
        "Deferred income taxes expenses": "N/A",
        "The interests of minority shareholders": 1824,
        "Total Cost of profits": 3262,
        "Profit after tax corporate income": 2330,
        "Volume": 21047406,
        "Close of Quarter": 7.1,
        "EPS": 618.6,
        "Non-adjusted EPS": 1256,
        "PE": 5.7,
        "Book Price": 7.3
      }
    },
    {
      "quarter": "Q1 2016",
      "income status": {
        "Net sales": 234734,
        "Cost of goods sold": 210760,
        "Gross Profit": 23975,
        "Financial expenses": 8178,
        "Of which: Interest expense": 8178,
        "Cost of sales": 65,
        "Enterprise cost management": 8557,
        "Total Operating Expenses": 16800,
        "Total revenue financing activities": 1478,
        "Net profit from business activities": 8652,
        "Profit": -3644,
        "Profit before tax": 5008,
        "Present corporate income tax expenses": 1110,
        "Deferred income taxes expenses": "N/A",
        "The interests of minority shareholders": 86,
        "Total Cost of profits": 1196,
        "Profit after tax corporate income": 3812,
        "Volume": 21047406,
        "Close of Quarter": 6.8,
        "EPS": 667.9,
        "Non-adjusted EPS": 1356,
        "PE": 5.0,
        "Book Price": 7.4
      }
    },
    {
      "quarter": "Q4 2015",
      "income status": {
        "Net sales": 342980,
        "Cost of goods sold": 313810,
        "Gross Profit": 29170,
        "Financial expenses": 11987,
        "Of which: Interest expense": 11987,
        "Cost of sales": 59,
        "Enterprise cost management": 7135,
        "Total Operating Expenses": 19181,
        "Total revenue financing activities": 2477,
        "Net profit from business activities": 12641,
        "Profit": 13818,
        "Profit before tax": 26459,
        "Present corporate income tax expenses": 6139,
        "Deferred income taxes expenses": "N/A",
        "The interests of minority shareholders": 1955,
        "Total Cost of profits": 8094,
        "Profit after tax corporate income": 18366,
        "Volume": 16704300,
        "Close of Quarter": 8.1,
        "EPS": 780.2,
        "Non-adjusted EPS": 1996,
        "PE": 4.1,
        "Book Price": 7.2
      }
    },
    {
      "quarter": "Q3 2015",
      "income status": {
        "Net sales": 282103,
        "Cost of goods sold": 263047,
        "Gross Profit": 19056,
        "Financial expenses": 11373,
        "Of which: Interest expense": 11373,
        "Cost of sales": 59,
        "Enterprise cost management": 8429,
        "Total Operating Expenses": 19861,
        "Total revenue financing activities": 2172,
        "Net profit from business activities": 1205,
        "Profit": 1916,
        "Profit before tax": 3121,
        "Present corporate income tax expenses": 807,
        "Deferred income taxes expenses": "N/A",
        "The interests of minority shareholders": 395,
        "Total Cost of profits": 1202,
        "Profit after tax corporate income": 1919,
        "Volume": 11136200,
        "Close of Quarter": 8.0,
        "EPS": 561.8,
        "Non-adjusted EPS": 2156,
        "PE": 3.7,
        "Book Price": 5.8
      }
    },
    {
      "quarter": "Q2 2015",
      "income status": {
        "Net sales": 300483,
        "Cost of goods sold": 272002,
        "Gross Profit": 28481,
        "Financial expenses": 11550,
        "Of which: Interest expense": 11456,
        "Cost of sales": 118,
        "Enterprise cost management": 10245,
        "Total Operating Expenses": 21913,
        "Total revenue financing activities": 1727,
        "Net profit from business activities": 8348,
        "Profit": -1018,
        "Profit before tax": 7330,
        "Present corporate income tax expenses": 1602,
        "Deferred income taxes expenses": "N/A",
        "The interests of minority shareholders": 1279,
        "Total Cost of profits": 2881,
        "Profit after tax corporate income": 4449,
        "Volume": 11136200,
        "Close of Quarter": 6.7,
        "EPS": 633.2,
        "Non-adjusted EPS": 2430,
        "PE": 2.8,
        "Book Price": 5.6
      }
    },
    {
      "quarter": "Q1 2015",
      "income status": {
        "Net sales": 376167,
        "Cost of goods sold": 346521,
        "Gross Profit": 29646,
        "Financial expenses": 9455,
        "Of which: Interest expense": 9455,
        "Cost of sales": "N/A",
        "Enterprise cost management": 10050,
        "Total Operating Expenses": 19505,
        "Total revenue financing activities": 1383,
        "Net profit from business activities": 11472,
        "Profit": 175,
        "Profit before tax": 11647,
        "Present corporate income tax expenses": 2410,
        "Deferred income taxes expenses": "N/A",
        "The interests of minority shareholders": 623,
        "Total Cost of profits": 3033,
        "Profit after tax corporate income": 8614,
        "Volume": 11136200,
        "Close of Quarter": 7.7,
        "EPS": 583.2,
        "Non-adjusted EPS": 2238,
        "PE": 3.4,
        "Book Price": 5.6
      }
    },
    {
      "quarter": "Q4 2014",
      "income status": {
        "Net sales": 457508,
        "Cost of goods sold": 420772,
        "Gross Profit": 36736,
        "Financial expenses": 11939,
        "Of which: Interest expense": 11939,
        "Cost of sales": "N/A",
        "Enterprise cost management": 13206,
        "Total Operating Expenses": 25145,
        "Total revenue financing activities": 2215,
        "Net profit from business activities": 13756,
        "Profit": -538,
        "Profit before tax": 13218,
        "Present corporate income tax expenses": 4126,
        "Deferred income taxes expenses": "N/A",
        "The interests of minority shareholders": 68,
        "Total Cost of profits": 4194,
        "Profit after tax corporate income": 9023,
        "Volume": 11136200,
        "Close of Quarter": 4.5,
        "EPS": 399.8,
        "Non-adjusted EPS": 1534,
        "PE": 3.0,
        "Book Price": 5.4
      }
    },
    {
      "quarter": "Q3 2014",
      "income status": {
        "Net sales": 326830,
        "Cost of goods sold": 305891,
        "Gross Profit": 20939,
        "Financial expenses": 10876,
        "Of which: Interest expense": 10876,
        "Cost of sales": "N/A",
        "Enterprise cost management": 6644,
        "Total Operating Expenses": 17520,
        "Total revenue financing activities": 1744,
        "Net profit from business activities": 5298,
        "Profit": 2833,
        "Profit before tax": 8131,
        "Present corporate income tax expenses": 1588,
        "Deferred income taxes expenses": "N/A",
        "The interests of minority shareholders": 1572,
        "Total Cost of profits": 3160,
        "Profit after tax corporate income": 4971,
        "Volume": 11136200,
        "Close of Quarter": 4.3,
        "EPS": 198.8,
        "Non-adjusted EPS": 763,
        "PE": 5.6,
        "Book Price": 5.3
      }
    },
    {
      "quarter": "Q2 2014",
      "income status": {
        "Net sales": 353650,
        "Cost of goods sold": 329811,
        "Gross Profit": 23839,
        "Financial expenses": 10517,
        "Of which: Interest expense": 10258,
        "Cost of sales": "N/A",
        "Enterprise cost management": 10810,
        "Total Operating Expenses": 21327,
        "Total revenue financing activities": 1945,
        "Net profit from business activities": 4503,
        "Profit": 78,
        "Profit before tax": 4581,
        "Present corporate income tax expenses": 853,
        "Deferred income taxes expenses": "N/A",
        "The interests of minority shareholders": 1408,
        "Total Cost of profits": 2261,
        "Profit after tax corporate income": 2320,
        "Volume": 11136200,
        "Close of Quarter": 4.2,
        "EPS": 94.9,
        "Non-adjusted EPS": 364,
        "PE": 11.6,
        "Book Price": 5.2
      }
    },
    {
      "quarter": "Q1 2014",
      "income status": {
        "Net sales": 267602,
        "Cost of goods sold": 249205,
        "Gross Profit": 18396,
        "Financial expenses": 10270,
        "Of which: Interest expense": 10270,
        "Cost of sales": "N/A",
        "Enterprise cost management": 6491,
        "Total Operating Expenses": 16761,
        "Total revenue financing activities": 448,
        "Net profit from business activities": 2006,
        "Profit": -1066,
        "Profit before tax": 941,
        "Present corporate income tax expenses": 438,
        "Deferred income taxes expenses": "N/A",
        "The interests of minority shareholders": -271,
        "Total Cost of profits": 167,
        "Profit after tax corporate income": 773,
        "Volume": 11136200,
        "Close of Quarter": 5.0,
        "EPS": 36.7,
        "Non-adjusted EPS": 141,
        "PE": 35.4,
        "Book Price": 5.1
      }
    },
    {
      "quarter": "Q4 2013",
      "income status": {
        "Net sales": 306745,
        "Cost of goods sold": 287527,
        "Gross Profit": 19218,
        "Financial expenses": 8870,
        "Of which: Interest expense": 8870,
        "Cost of sales": "N/A",
        "Enterprise cost management": 10725,
        "Total Operating Expenses": 19595,
        "Total revenue financing activities": 1766,
        "Net profit from business activities": 1389,
        "Profit": -831,
        "Profit before tax": 520,
        "Present corporate income tax expenses": 1714,
        "Deferred income taxes expenses": "N/A",
        "The interests of minority shareholders": -1630,
        "Total Cost of profits": 84,
        "Profit after tax corporate income": 436,
        "Volume": 11136200,
        "Close of Quarter": 3.9,
        "EPS": 56.6,
        "Non-adjusted EPS": 217,
        "PE": 18.0,
        "Book Price": 3.9
      }
    },
    {
      "quarter": "Q3 2013",
      "income status": {
        "Net sales": 176954,
        "Cost of goods sold": 155916,
        "Gross Profit": 21038,
        "Financial expenses": 12771,
        "Of which: Interest expense": 12771,
        "Cost of sales": "N/A",
        "Enterprise cost management": 7126,
        "Total Operating Expenses": 19897,
        "Total revenue financing activities": 276,
        "Net profit from business activities": 1416,
        "Profit": -222,
        "Profit before tax": 1313,
        "Present corporate income tax expenses": 506,
        "Deferred income taxes expenses": "N/A",
        "The interests of minority shareholders": 285,
        "Total Cost of profits": 791,
        "Profit after tax corporate income": 522,
        "Volume": 11136200,
        "Close of Quarter": 3.7,
        "EPS": 221.0,
        "Non-adjusted EPS": 848,
        "PE": 4.4,
        "Book Price": 3.9
      }
    },
    {
      "quarter": "Q2 2013",
      "income status": {
        "Net sales": 239278,
        "Cost of goods sold": 219578,
        "Gross Profit": 19700,
        "Financial expenses": 13893,
        "Of which: Interest expense": 13783,
        "Cost of sales": "N/A",
        "Enterprise cost management": 7701,
        "Total Operating Expenses": 21594,
        "Total revenue financing activities": 2361,
        "Net profit from business activities": 467,
        "Profit": -935,
        "Profit before tax": -430,
        "Present corporate income tax expenses": 655,
        "Deferred income taxes expenses": "N/A",
        "The interests of minority shareholders": -919,
        "Total Cost of profits": -264,
        "Profit after tax corporate income": -166,
        "Volume": 11136200,
        "Close of Quarter": 3.8,
        "EPS": 270.8,
        "Non-adjusted EPS": 1039,
        "PE": 3.6,
        "Book Price": 3.9
      }
    },
    {
      "quarter": "Q1 2013",
      "income status": {
        "Net sales": 129490,
        "Cost of goods sold": 110322,
        "Gross Profit": 19167,
        "Financial expenses": 12056,
        "Of which: Interest expense": 12056,
        "Cost of sales": "N/A",
        "Enterprise cost management": 7443,
        "Total Operating Expenses": 19499,
        "Total revenue financing activities": 1549,
        "Net profit from business activities": 1218,
        "Profit": 1726,
        "Profit before tax": 2887,
        "Present corporate income tax expenses": 853,
        "Deferred income taxes expenses": "N/A",
        "The interests of minority shareholders": 405,
        "Total Cost of profits": 1258,
        "Profit after tax corporate income": 1629,
        "Volume": 11136200,
        "Close of Quarter": 3.8,
        "EPS": 364.1,
        "Non-adjusted EPS": 1397,
        "PE": 2.7,
        "Book Price": 3.9
      }
    },
    {
      "quarter": "Q4 2012",
      "income status": {
        "Net sales": 266026,
        "Cost of goods sold": 229581,
        "Gross Profit": 36446,
        "Financial expenses": 16781,
        "Of which: Interest expense": 16781,
        "Cost of sales": "N/A",
        "Enterprise cost management": 10350,
        "Total Operating Expenses": 27131,
        "Total revenue financing activities": 1595,
        "Net profit from business activities": 10910,
        "Profit": 1164,
        "Profit before tax": 12035,
        "Present corporate income tax expenses": 2693,
        "Deferred income taxes expenses": "N/A",
        "The interests of minority shareholders": 1880,
        "Total Cost of profits": 4573,
        "Profit after tax corporate income": 7462,
        "Volume": 11136200,
        "Close of Quarter": 3.8,
        "EPS": 372.9,
        "Non-adjusted EPS": 1431,
        "PE": 2.6,
        "Book Price": 3.9
      }
    },
    {
      "quarter": "Q3 2012",
      "income status": {
        "Net sales": 262478,
        "Cost of goods sold": 244187,
        "Gross Profit": 18291,
        "Financial expenses": 12709,
        "Of which: Interest expense": 12709,
        "Cost of sales": "N/A",
        "Enterprise cost management": 7158,
        "Total Operating Expenses": 19867,
        "Total revenue financing activities": 3495,
        "Net profit from business activities": 1918,
        "Profit": 889,
        "Profit before tax": 2707,
        "Present corporate income tax expenses": 778,
        "Deferred income taxes expenses": "N/A",
        "The interests of minority shareholders": -712,
        "Total Cost of profits": 66,
        "Profit after tax corporate income": 2642,
        "Volume": 11136200,
        "Close of Quarter": 3.9,
        "EPS": 336.7,
        "Non-adjusted EPS": 1292,
        "PE": 3,
        "Book Price": 3.8
      }
    },
    {
      "quarter": "Q2 2012",
      "income status": {
        "Net sales": 291421,
        "Cost of goods sold": 261607,
        "Gross Profit": 29814,
        "Financial expenses": 20415,
        "Of which: Interest expense": 20415,
        "Cost of sales": "N/A",
        "Enterprise cost management": 7319,
        "Total Operating Expenses": 27734,
        "Total revenue financing activities": 2684,
        "Net profit from business activities": 4764,
        "Profit": 938,
        "Profit before tax": 5593,
        "Present corporate income tax expenses": 1215,
        "Deferred income taxes expenses": "N/A",
        "The interests of minority shareholders": 555,
        "Total Cost of profits": 1770,
        "Profit after tax corporate income": 3823,
        "Volume": 11136200,
        "Close of Quarter": 5.3,
        "EPS": 532.7,
        "Non-adjusted EPS": 2044,
        "PE": 2.6,
        "Book Price": 4.0
      }
    },
    {
      "quarter": "Q1 2012",
      "income status": {
        "Net sales": 238494,
        "Cost of goods sold": 214065,
        "Gross Profit": 24428,
        "Financial expenses": 17128,
        "Of which: Interest expense": 17128,
        "Cost of sales": "N/A",
        "Enterprise cost management": 7097,
        "Total Operating Expenses": 24225,
        "Total revenue financing activities": 1845,
        "Net profit from business activities": 2049,
        "Profit": 472,
        "Profit before tax": 2471,
        "Present corporate income tax expenses": 1140,
        "Deferred income taxes expenses": "N/A",
        "The interests of minority shareholders": -677,
        "Total Cost of profits": 463,
        "Profit after tax corporate income": 2008,
        "Volume": 11136200,
        "Close of Quarter": 4.6,
        "EPS": 611.9,
        "Non-adjusted EPS": 2348,
        "PE": 2.0,
        "Book Price": 4.0
      }
    },
    {
      "quarter": "Q4 2011",
      "income status": {
        "Net sales": 380634,
        "Cost of goods sold": 345615,
        "Gross Profit": 35018,
        "Financial expenses": 18837,
        "Of which: Interest expense": 18837,
        "Cost of sales": "N/A",
        "Enterprise cost management": 8368,
        "Total Operating Expenses": 27205,
        "Total revenue financing activities": 2082,
        "Net profit from business activities": 9896,
        "Profit": -544,
        "Profit before tax": 9327,
        "Present corporate income tax expenses": 3760,
        "Deferred income taxes expenses": "N/A",
        "The interests of minority shareholders": -347,
        "Total Cost of profits": 3413,
        "Profit after tax corporate income": 5915,
        "Volume": 11136200,
        "Close of Quarter": 4.3,
        "EPS": 796.9,
        "Non-adjusted EPS": 3058,
        "PE": 1.4,
        "Book Price": 4.2
      }
    },
    {
      "quarter": "Q3 2011",
      "income status": {
        "Net sales": 263169,
        "Cost of goods sold": 224918,
        "Gross Profit": 38251,
        "Financial expenses": 19123,
        "Of which: Interest expense": 19123,
        "Cost of sales": "N/A",
        "Enterprise cost management": 8270,
        "Total Operating Expenses": 27393,
        "Total revenue financing activities": 3797,
        "Net profit from business activities": 14655,
        "Profit": -73,
        "Profit before tax": 14644,
        "Present corporate income tax expenses": 1472,
        "Deferred income taxes expenses": "N/A",
        "The interests of minority shareholders": 2151,
        "Total Cost of profits": 3623,
        "Profit after tax corporate income": 11021,
        "Volume": 11581900,
        "Close of Quarter": 4.8,
        "EPS": 859.4,
        "Non-adjusted EPS": 3171,
        "PE": 1.5,
        "Book Price": 4.2
      }
    },
    {
      "quarter": "Q2 2011",
      "income status": {
        "Net sales": 187935,
        "Cost of goods sold": 160911,
        "Gross Profit": 27024,
        "Financial expenses": 11722,
        "Of which: Interest expense": 11722,
        "Cost of sales": "N/A",
        "Enterprise cost management": 8903,
        "Total Operating Expenses": 20625,
        "Total revenue financing activities": 4403,
        "Net profit from business activities": 10802,
        "Profit": -201,
        "Profit before tax": 10637,
        "Present corporate income tax expenses": 2282,
        "Deferred income taxes expenses": "N/A",
        "The interests of minority shareholders": 1149,
        "Total Cost of profits": 3431,
        "Profit after tax corporate income": 7206,
        "Volume": 11734000,
        "Close of Quarter": 4.9,
        "EPS": 671.9,
        "Non-adjusted EPS": 2447,
        "PE": 2,
        "Book Price": 4.1
      }
    },
    {
      "quarter": "Q1 2011",
      "income status": {
        "Net sales": 353389,
        "Cost of goods sold": 304611,
        "Gross Profit": 48778,
        "Financial expenses": 19674,
        "Of which: Interest expense": 19674,
        "Cost of sales": "N/A",
        "Enterprise cost management": 13653,
        "Total Operating Expenses": 33327,
        "Total revenue financing activities": 790,
        "Net profit from business activities": 16241,
        "Profit": 117,
        "Profit before tax": 16508,
        "Present corporate income tax expenses": 4129,
        "Deferred income taxes expenses": "N/A",
        "The interests of minority shareholders": 2464,
        "Total Cost of profits": 6593,
        "Profit after tax corporate income": 9916,
        "Volume": 11734000,
        "Close of Quarter": 5.9,
        "EPS": 830.1,
        "Non-adjusted EPS": 3023,
        "PE": 2.0,
        "Book Price": 4.2
      }
    }
  ]
}