{
  "ticker": "DMC",
  "data": [
    {
      "quarter": "Q4 2016",
      "income status": {
        "Net sales": 391422,
        "Cost of goods sold": 236612,
        "Gross Profit": 154811,
        "Financial expenses": 4557,
        "Of which: Interest expense": "N/A",
        "Cost of sales": 62428,
        "Enterprise cost management": 42502,
        "Total Operating Expenses": 109487,
        "Total revenue financing activities": 5775,
        "Net profit from business activities": 51098,
        "Profit": 110,
        "Profit before tax": 51209,
        "Present corporate income tax expenses": 11993,
        "Deferred income taxes expenses": -1735,
        "The interests of minority shareholders": "N/A",
        "Total Cost of profits": 10258,
        "Profit after tax corporate income": 40950,
        "Volume": 34727465,
        "Close of Quarter": 67.5,
        "EPS": 4857,
        "Non-adjusted EPS": 4857,
        "PE": 13.9,
        "Book Price": 25.4
      }
    },
    {
      "quarter": "Q3 2016",
      "income status": {
        "Net sales": 306001,
        "Cost of goods sold": 184452,
        "Gross Profit": 121549,
        "Financial expenses": 737,
        "Of which: Interest expense": "N/A",
        "Cost of sales": 45240,
        "Enterprise cost management": 17713,
        "Total Operating Expenses": 63690,
        "Total revenue financing activities": 662,
        "Net profit from business activities": 58522,
        "Profit": -261,
        "Profit before tax": 58261,
        "Present corporate income tax expenses": 12005,
        "Deferred income taxes expenses": -380,
        "The interests of minority shareholders": "N/A",
        "Total Cost of profits": 11625,
        "Profit after tax corporate income": 46636,
        "Volume": 34727465,
        "Close of Quarter": 90,
        "EPS": 4892,
        "Non-adjusted EPS": 4892,
        "PE": 18.4,
        "Book Price": 24.3
      }
    },
    {
      "quarter": "Q2 2016",
      "income status": {
        "Net sales": 311873,
        "Cost of goods sold": 192242,
        "Gross Profit": 119630,
        "Financial expenses": 422,
        "Of which: Interest expense": "N/A",
        "Cost of sales": 44197,
        "Enterprise cost management": 19010,
        "Total Operating Expenses": 63629,
        "Total revenue financing activities": 1466,
        "Net profit from business activities": 57466,
        "Profit": -112,
        "Profit before tax": 57354,
        "Present corporate income tax expenses": 11764,
        "Deferred income taxes expenses": -299,
        "The interests of minority shareholders": "N/A",
        "Total Cost of profits": 11465,
        "Profit after tax corporate income": 45890,
        "Volume": 26713797,
        "Close of Quarter": 73.5,
        "EPS": 4507.0,
        "Non-adjusted EPS": 5859,
        "PE": 12.5,
        "Book Price": 22.9
      }
    },
    {
      "quarter": "Q1 2016",
      "income status": {
        "Net sales": 279602,
        "Cost of goods sold": 177140,
        "Gross Profit": 102462,
        "Financial expenses": 776,
        "Of which: Interest expense": "N/A",
        "Cost of sales": 43920,
        "Enterprise cost management": 16314,
        "Total Operating Expenses": 61010,
        "Total revenue financing activities": 2464,
        "Net profit from business activities": 43917,
        "Profit": 79,
        "Profit before tax": 43996,
        "Present corporate income tax expenses": 8794,
        "Deferred income taxes expenses": "N/A",
        "The interests of minority shareholders": "N/A",
        "Total Cost of profits": 8794,
        "Profit after tax corporate income": 35202,
        "Volume": 26713797,
        "Close of Quarter": 52.2,
        "EPS": 4328.5,
        "Non-adjusted EPS": 5627,
        "PE": 9.3,
        "Book Price": 23.9
      }
    },
    {
      "quarter": "Q4 2015",
      "income status": {
        "Net sales": 372762,
        "Cost of goods sold": 246412,
        "Gross Profit": 126351,
        "Financial expenses": 2418,
        "Of which: Interest expense": "N/A",
        "Cost of sales": 54468,
        "Enterprise cost management": 17530,
        "Total Operating Expenses": 74416,
        "Total revenue financing activities": 776,
        "Net profit from business activities": 52711,
        "Profit": 409,
        "Profit before tax": 53119,
        "Present corporate income tax expenses": 10851,
        "Deferred income taxes expenses": 127,
        "The interests of minority shareholders": "N/A",
        "Total Cost of profits": 10978,
        "Profit after tax corporate income": 42142,
        "Volume": 26713797,
        "Close of Quarter": 31.0,
        "EPS": 4108.5,
        "Non-adjusted EPS": 5341,
        "PE": 5.8,
        "Book Price": 22.9
      }
    },
    {
      "quarter": "Q3 2015",
      "income status": {
        "Net sales": 314648,
        "Cost of goods sold": 214319,
        "Gross Profit": 100329,
        "Financial expenses": 1708,
        "Of which: Interest expense": "N/A",
        "Cost of sales": 39798,
        "Enterprise cost management": 15926,
        "Total Operating Expenses": 57432,
        "Total revenue financing activities": 613,
        "Net profit from business activities": 43510,
        "Profit": 88,
        "Profit before tax": 43597,
        "Present corporate income tax expenses": 9600,
        "Deferred income taxes expenses": 727,
        "The interests of minority shareholders": "N/A",
        "Total Cost of profits": 10327,
        "Profit after tax corporate income": 33270,
        "Volume": 26713797,
        "Close of Quarter": 31.0,
        "EPS": 3964.7,
        "Non-adjusted EPS": 5154,
        "PE": 6.0,
        "Book Price": 21.3
      }
    },
    {
      "quarter": "Q2 2015",
      "income status": {
        "Net sales": 287125,
        "Cost of goods sold": 187294,
        "Gross Profit": 99831,
        "Financial expenses": -1020,
        "Of which: Interest expense": "N/A",
        "Cost of sales": 22832,
        "Enterprise cost management": 28408,
        "Total Operating Expenses": 50220,
        "Total revenue financing activities": 626,
        "Net profit from business activities": 50238,
        "Profit": 153,
        "Profit before tax": 50391,
        "Present corporate income tax expenses": 10298,
        "Deferred income taxes expenses": 376,
        "The interests of minority shareholders": "N/A",
        "Total Cost of profits": 10674,
        "Profit after tax corporate income": 39717,
        "Volume": 26713797,
        "Close of Quarter": 30.2,
        "EPS": 3897.8,
        "Non-adjusted EPS": 5067,
        "PE": 6.0,
        "Book Price": 20.5
      }
    },
    {
      "quarter": "Q1 2015",
      "income status": {
        "Net sales": 259496,
        "Cost of goods sold": 173861,
        "Gross Profit": 85634,
        "Financial expenses": 2,
        "Of which: Interest expense": "N/A",
        "Cost of sales": 35367,
        "Enterprise cost management": 13261,
        "Total Operating Expenses": 48630,
        "Total revenue financing activities": 52,
        "Net profit from business activities": 37056,
        "Profit": -1101,
        "Profit before tax": 35955,
        "Present corporate income tax expenses": 8417,
        "Deferred income taxes expenses": "N/A",
        "The interests of minority shareholders": "N/A",
        "Total Cost of profits": 8417,
        "Profit after tax corporate income": 27538,
        "Volume": 26713797,
        "Close of Quarter": 28.8,
        "EPS": 3747.0,
        "Non-adjusted EPS": 4871,
        "PE": 5.9,
        "Book Price": 19.5
      }
    },
    {
      "quarter": "Q4 2014",
      "income status": {
        "Net sales": 384338,
        "Cost of goods sold": 271049,
        "Gross Profit": 113288,
        "Financial expenses": 711,
        "Of which: Interest expense": 708,
        "Cost of sales": 36341,
        "Enterprise cost management": 32667,
        "Total Operating Expenses": 69719,
        "Total revenue financing activities": 2449,
        "Net profit from business activities": 46018,
        "Profit": 2054,
        "Profit before tax": 48072,
        "Present corporate income tax expenses": 10226,
        "Deferred income taxes expenses": 698,
        "The interests of minority shareholders": "N/A",
        "Total Cost of profits": 10924,
        "Profit after tax corporate income": 37148,
        "Volume": 26713797,
        "Close of Quarter": 29.3,
        "EPS": 3819.3,
        "Non-adjusted EPS": 4965,
        "PE": 5.9,
        "Book Price": 20.9
      }
    },
    {
      "quarter": "Q3 2014",
      "income status": {
        "Net sales": 329478,
        "Cost of goods sold": 228890,
        "Gross Profit": 100588,
        "Financial expenses": 1131,
        "Of which: Interest expense": 1131,
        "Cost of sales": 32991,
        "Enterprise cost management": 28316,
        "Total Operating Expenses": 62438,
        "Total revenue financing activities": 507,
        "Net profit from business activities": 38656,
        "Profit": 1005,
        "Profit before tax": 39661,
        "Present corporate income tax expenses": 8713,
        "Deferred income taxes expenses": "N/A",
        "The interests of minority shareholders": "N/A",
        "Total Cost of profits": 8713,
        "Profit after tax corporate income": 30948,
        "Volume": 26713797,
        "Close of Quarter": 30.5,
        "EPS": 3650.1,
        "Non-adjusted EPS": 4745,
        "PE": 6.4,
        "Book Price": 19.9
      }
    },
    {
      "quarter": "Q2 2014",
      "income status": {
        "Net sales": 397632,
        "Cost of goods sold": 288410,
        "Gross Profit": 109222,
        "Financial expenses": 2840,
        "Of which: Interest expense": 1809,
        "Cost of sales": 40927,
        "Enterprise cost management": 30429,
        "Total Operating Expenses": 74196,
        "Total revenue financing activities": 3051,
        "Net profit from business activities": 38077,
        "Profit": 4851,
        "Profit before tax": 42929,
        "Present corporate income tax expenses": 8802,
        "Deferred income taxes expenses": -333,
        "The interests of minority shareholders": -18,
        "Total Cost of profits": 8451,
        "Profit after tax corporate income": 34478,
        "Volume": 26713797,
        "Close of Quarter": 27.6,
        "EPS": 3509.3,
        "Non-adjusted EPS": 4562,
        "PE": 6.1,
        "Book Price": 19
      }
    },
    {
      "quarter": "Q1 2014",
      "income status": {
        "Net sales": 374612,
        "Cost of goods sold": 273148,
        "Gross Profit": 101464,
        "Financial expenses": 2011,
        "Of which: Interest expense": 2011,
        "Cost of sales": 30474,
        "Enterprise cost management": 30711,
        "Total Operating Expenses": 63196,
        "Total revenue financing activities": 121,
        "Net profit from business activities": 38388,
        "Profit": 114,
        "Profit before tax": 38503,
        "Present corporate income tax expenses": 8541,
        "Deferred income taxes expenses": "N/A",
        "The interests of minority shareholders": -96,
        "Total Cost of profits": 8445,
        "Profit after tax corporate income": 30058,
        "Volume": 26713797,
        "Close of Quarter": 30.3,
        "EPS": 3231.6,
        "Non-adjusted EPS": 4201,
        "PE": 7.2,
        "Book Price": 19
      }
    },
    {
      "quarter": "Q4 2013",
      "income status": {
        "Net sales": 423544,
        "Cost of goods sold": 302662,
        "Gross Profit": 120882,
        "Financial expenses": 2181,
        "Of which: Interest expense": 1489,
        "Cost of sales": 51845,
        "Enterprise cost management": 32895,
        "Total Operating Expenses": 86921,
        "Total revenue financing activities": 3400,
        "Net profit from business activities": 37360,
        "Profit": 2263,
        "Profit before tax": 39623,
        "Present corporate income tax expenses": 9904,
        "Deferred income taxes expenses": -1486,
        "The interests of minority shareholders": -71,
        "Total Cost of profits": 8347,
        "Profit after tax corporate income": 31275,
        "Volume": 17809336,
        "Close of Quarter": 22.2,
        "EPS": 3059.6,
        "Non-adjusted EPS": 5966,
        "PE": 3.7,
        "Book Price": 18.1
      }
    },
    {
      "quarter": "Q3 2013",
      "income status": {
        "Net sales": 366610,
        "Cost of goods sold": 267456,
        "Gross Profit": 99155,
        "Financial expenses": 1305,
        "Of which: Interest expense": 1304,
        "Cost of sales": 41112,
        "Enterprise cost management": 25686,
        "Total Operating Expenses": 68103,
        "Total revenue financing activities": 753,
        "Net profit from business activities": 31804,
        "Profit": 710,
        "Profit before tax": 32514,
        "Present corporate income tax expenses": 6580,
        "Deferred income taxes expenses": "N/A",
        "The interests of minority shareholders": -115,
        "Total Cost of profits": 6465,
        "Profit after tax corporate income": 26050,
        "Volume": 17809336,
        "Close of Quarter": 20.4,
        "EPS": 2863.1,
        "Non-adjusted EPS": 5583,
        "PE": 3.7,
        "Book Price": 18.0
      }
    },
    {
      "quarter": "Q2 2013",
      "income status": {
        "Net sales": 351404,
        "Cost of goods sold": 244620,
        "Gross Profit": 106783,
        "Financial expenses": 5177,
        "Of which: Interest expense": 1594,
        "Cost of sales": 48510,
        "Enterprise cost management": 23909,
        "Total Operating Expenses": 77596,
        "Total revenue financing activities": 1920,
        "Net profit from business activities": 31108,
        "Profit": 849,
        "Profit before tax": 31957,
        "Present corporate income tax expenses": 4953,
        "Deferred income taxes expenses": 2235,
        "The interests of minority shareholders": -78,
        "Total Cost of profits": 7110,
        "Profit after tax corporate income": 24846,
        "Volume": 17809336,
        "Close of Quarter": 15.4,
        "EPS": 2843.7,
        "Non-adjusted EPS": 5545,
        "PE": 2.8,
        "Book Price": 17.3
      }
    },
    {
      "quarter": "Q1 2013",
      "income status": {
        "Net sales": 288064,
        "Cost of goods sold": 202745,
        "Gross Profit": 85319,
        "Financial expenses": 1008,
        "Of which: Interest expense": 972,
        "Cost of sales": 25747,
        "Enterprise cost management": 28689,
        "Total Operating Expenses": 55444,
        "Total revenue financing activities": 108,
        "Net profit from business activities": 29984,
        "Profit": 262,
        "Profit before tax": 30246,
        "Present corporate income tax expenses": 6191,
        "Deferred income taxes expenses": "N/A",
        "The interests of minority shareholders": -22,
        "Total Cost of profits": 6169,
        "Profit after tax corporate income": 24077,
        "Volume": 17809336,
        "Close of Quarter": 13.7,
        "EPS": 2783.1,
        "Non-adjusted EPS": 5427,
        "PE": 2.5,
        "Book Price": 17.1
      }
    },
    {
      "quarter": "Q4 2012",
      "income status": {
        "Net sales": 388832,
        "Cost of goods sold": 278039,
        "Gross Profit": 110793,
        "Financial expenses": 1457,
        "Of which: Interest expense": 1471,
        "Cost of sales": 51462,
        "Enterprise cost management": 32770,
        "Total Operating Expenses": 85689,
        "Total revenue financing activities": 2339,
        "Net profit from business activities": 27442,
        "Profit": 4005,
        "Profit before tax": 31447,
        "Present corporate income tax expenses": 6990,
        "Deferred income taxes expenses": "N/A",
        "The interests of minority shareholders": 3,
        "Total Cost of profits": 6993,
        "Profit after tax corporate income": 24454,
        "Volume": 17809336,
        "Close of Quarter": 12.8,
        "EPS": 2659.0,
        "Non-adjusted EPS": 5185,
        "PE": 2.5,
        "Book Price": 16.4
      }
    },
    {
      "quarter": "Q3 2012",
      "income status": {
        "Net sales": 301892,
        "Cost of goods sold": 204355,
        "Gross Profit": 97537,
        "Financial expenses": 1443,
        "Of which: Interest expense": 1437,
        "Cost of sales": 31132,
        "Enterprise cost management": 34437,
        "Total Operating Expenses": 67012,
        "Total revenue financing activities": 242,
        "Net profit from business activities": 30767,
        "Profit": 989,
        "Profit before tax": 31757,
        "Present corporate income tax expenses": 6416,
        "Deferred income taxes expenses": "N/A",
        "The interests of minority shareholders": -32,
        "Total Cost of profits": 6384,
        "Profit after tax corporate income": 25373,
        "Volume": 17809336,
        "Close of Quarter": 11.2,
        "EPS": 2898.5,
        "Non-adjusted EPS": 5652,
        "PE": 2.0,
        "Book Price": 16.6
      }
    },
    {
      "quarter": "Q2 2012",
      "income status": {
        "Net sales": 320359,
        "Cost of goods sold": 221353,
        "Gross Profit": 99006,
        "Financial expenses": -2822,
        "Of which: Interest expense": 2176,
        "Cost of sales": 30206,
        "Enterprise cost management": 35938,
        "Total Operating Expenses": 63322,
        "Total revenue financing activities": 2112,
        "Net profit from business activities": 37796,
        "Profit": 436,
        "Profit before tax": 33232,
        "Present corporate income tax expenses": 10067,
        "Deferred income taxes expenses": 502,
        "The interests of minority shareholders": -82,
        "Total Cost of profits": 10487,
        "Profit after tax corporate income": 22745,
        "Volume": 17809336,
        "Close of Quarter": 11.5,
        "EPS": 2889.8,
        "Non-adjusted EPS": 5635,
        "PE": 2.0,
        "Book Price": 15.9
      }
    },
    {
      "quarter": "Q1 2012",
      "income status": {
        "Net sales": 249448,
        "Cost of goods sold": 165144,
        "Gross Profit": 84304,
        "Financial expenses": 8345,
        "Of which: Interest expense": 3261,
        "Cost of sales": 27408,
        "Enterprise cost management": 26333,
        "Total Operating Expenses": 62086,
        "Total revenue financing activities": 2500,
        "Net profit from business activities": 24718,
        "Profit": "N/A",
        "Profit before tax": 24718,
        "Present corporate income tax expenses": 4944,
        "Deferred income taxes expenses": "N/A",
        "The interests of minority shareholders": "N/A",
        "Total Cost of profits": 4944,
        "Profit after tax corporate income": 19775,
        "Volume": 17809336,
        "Close of Quarter": 12.5,
        "EPS": 2984.2,
        "Non-adjusted EPS": 5819,
        "PE": 2.1,
        "Book Price": 16.3
      }
    },
    {
      "quarter": "Q4 2011",
      "income status": {
        "Net sales": 328160,
        "Cost of goods sold": 225652,
        "Gross Profit": 102507,
        "Financial expenses": 4495,
        "Of which: Interest expense": 3050,
        "Cost of sales": 33402,
        "Enterprise cost management": 27548,
        "Total Operating Expenses": 65445,
        "Total revenue financing activities": 3717,
        "Net profit from business activities": 40779,
        "Profit": 34,
        "Profit before tax": 40814,
        "Present corporate income tax expenses": 8055,
        "Deferred income taxes expenses": "N/A",
        "The interests of minority shareholders": "N/A",
        "Total Cost of profits": 8055,
        "Profit after tax corporate income": 32759,
        "Volume": 17809336,
        "Close of Quarter": 8.1,
        "EPS": 2919.0,
        "Non-adjusted EPS": 5692,
        "PE": 1.4,
        "Book Price": 16.8
      }
    },
    {
      "quarter": "Q3 2011",
      "income status": {
        "Net sales": 268475,
        "Cost of goods sold": 180571,
        "Gross Profit": 87904,
        "Financial expenses": 4141,
        "Of which: Interest expense": 2649,
        "Cost of sales": 30462,
        "Enterprise cost management": 24195,
        "Total Operating Expenses": 58798,
        "Total revenue financing activities": 2211,
        "Net profit from business activities": 31317,
        "Profit": 187,
        "Profit before tax": 31503,
        "Present corporate income tax expenses": 6432,
        "Deferred income taxes expenses": "N/A",
        "The interests of minority shareholders": "N/A",
        "Total Cost of profits": 6432,
        "Profit after tax corporate income": 25071,
        "Volume": 17503796,
        "Close of Quarter": 9.2,
        "EPS": 2605.9,
        "Non-adjusted EPS": 5170,
        "PE": 1.8,
        "Book Price": 16.1
      }
    },
    {
      "quarter": "Q2 2011",
      "income status": {
        "Net sales": 285848,
        "Cost of goods sold": 185013,
        "Gross Profit": 100835,
        "Financial expenses": 4261,
        "Of which: Interest expense": 2372,
        "Cost of sales": 41113,
        "Enterprise cost management": 28466,
        "Total Operating Expenses": 73840,
        "Total revenue financing activities": 5455,
        "Net profit from business activities": 32450,
        "Profit": 30,
        "Profit before tax": 32480,
        "Present corporate income tax expenses": 6445,
        "Deferred income taxes expenses": "N/A",
        "The interests of minority shareholders": "N/A",
        "Total Cost of profits": 6445,
        "Profit after tax corporate income": 26036,
        "Volume": 17503796,
        "Close of Quarter": 8.7,
        "EPS": 2580.2,
        "Non-adjusted EPS": 5119,
        "PE": 1.7,
        "Book Price": 15.6
      }
    },
    {
      "quarter": "Q1 2011",
      "income status": {
        "Net sales": 249573,
        "Cost of goods sold": 167159,
        "Gross Profit": 82414,
        "Financial expenses": 6465,
        "Of which: Interest expense": -2869,
        "Cost of sales": 29999,
        "Enterprise cost management": 24480,
        "Total Operating Expenses": 60944,
        "Total revenue financing activities": 457,
        "Net profit from business activities": 21926,
        "Profit": "N/A",
        "Profit before tax": 21926,
        "Present corporate income tax expenses": 4416,
        "Deferred income taxes expenses": "N/A",
        "The interests of minority shareholders": "N/A",
        "Total Cost of profits": 4416,
        "Profit after tax corporate income": 17510,
        "Volume": 17503796,
        "Close of Quarter": 8.3,
        "EPS": 2655.3,
        "Non-adjusted EPS": 5268,
        "PE": 1.6,
        "Book Price": 14.9
      }
    }
  ]
}