{
  "ticker": "HVG",
  "data": [
    {
      "quarter": "Q4 2016",
      "income status": {
        "Net sales": 5787140,
        "Cost of goods sold": 5480734,
        "Gross Profit": 306407,
        "Financial expenses": 166331,
        "Of which: Interest expense": 132676,
        "Cost of sales": 104028,
        "Enterprise cost management": 43627,
        "Total Operating Expenses": 313986,
        "Total revenue financing activities": 15172,
        "Net profit from business activities": 40535,
        "Profit": -3141,
        "Profit before tax": 37393,
        "Present corporate income tax expenses": 9926,
        "Deferred income taxes expenses": -3036,
        "The interests of minority shareholders": 20790,
        "Total Cost of profits": 27680,
        "Profit after tax corporate income": 9713,
        "Volume": 222038291,
        "Close of Quarter": 8.8,
        "EPS": -358,
        "Non-adjusted EPS": -358,
        "PE": -24.6,
        "Book Price": 14.5
      }
    },
    {
      "quarter": "Q3 2016",
      "income status": {
        "Net sales": 275830,
        "Cost of goods sold": 41933,
        "Gross Profit": 233897,
        "Financial expenses": 163085,
        "Of which: Interest expense": 122719,
        "Cost of sales": 151233,
        "Enterprise cost management": 125780,
        "Total Operating Expenses": 440098,
        "Total revenue financing activities": 24551,
        "Net profit from business activities": -288907,
        "Profit": -3539,
        "Profit before tax": -292446,
        "Present corporate income tax expenses": 12486,
        "Deferred income taxes expenses": 7905,
        "The interests of minority shareholders": 4237,
        "Total Cost of profits": 24628,
        "Profit after tax corporate income": -317073,
        "Volume": 222038291,
        "Close of Quarter": 10.2,
        "EPS": -222,
        "Non-adjusted EPS": -222,
        "PE": -45.7,
        "Book Price": 14.7
      }
    },
    {
      "quarter": "Q2 2016",
      "income status": {
        "Net sales": 6611827,
        "Cost of goods sold": 6139235,
        "Gross Profit": 472592,
        "Financial expenses": 125189,
        "Of which: Interest expense": 115161,
        "Cost of sales": 101514,
        "Enterprise cost management": 36696,
        "Total Operating Expenses": 263399,
        "Total revenue financing activities": 14151,
        "Net profit from business activities": 269641,
        "Profit": 333,
        "Profit before tax": 269974,
        "Present corporate income tax expenses": 12253,
        "Deferred income taxes expenses": 6345,
        "The interests of minority shareholders": 24944,
        "Total Cost of profits": 43542,
        "Profit after tax corporate income": 226432,
        "Volume": 222038291,
        "Close of Quarter": 9.6,
        "EPS": 1407,
        "Non-adjusted EPS": 1407,
        "PE": 6.8,
        "Book Price": 15.7
      }
    },
    {
      "quarter": "Q1 2016",
      "income status": {
        "Net sales": 5412834,
        "Cost of goods sold": 5113986,
        "Gross Profit": 298847,
        "Financial expenses": 172550,
        "Of which: Interest expense": 136744,
        "Cost of sales": 112259,
        "Enterprise cost management": 38585,
        "Total Operating Expenses": 323394,
        "Total revenue financing activities": 27336,
        "Net profit from business activities": 792,
        "Profit": 12164,
        "Profit before tax": 12956,
        "Present corporate income tax expenses": -4136,
        "Deferred income taxes expenses": 4755,
        "The interests of minority shareholders": 10870,
        "Total Cost of profits": 11489,
        "Profit after tax corporate income": 1467,
        "Volume": 189199332,
        "Close of Quarter": 10.5,
        "EPS": 558.1,
        "Non-adjusted EPS": 655,
        "PE": 16.0,
        "Book Price": 14.6
      }
    },
    {
      "quarter": "Q4 2015",
      "income status": {
        "Net sales": 5583831,
        "Cost of goods sold": 5239629,
        "Gross Profit": 344201,
        "Financial expenses": 115794,
        "Of which: Interest expense": 95369,
        "Cost of sales": 148679,
        "Enterprise cost management": 67008,
        "Total Operating Expenses": 331481,
        "Total revenue financing activities": 22539,
        "Net profit from business activities": 66035,
        "Profit": 2250,
        "Profit before tax": 68285,
        "Present corporate income tax expenses": 12488,
        "Deferred income taxes expenses": -3028,
        "The interests of minority shareholders": 18947,
        "Total Cost of profits": 28407,
        "Profit after tax corporate income": 39878,
        "Volume": 189199332,
        "Close of Quarter": 11,
        "EPS": 718.3,
        "Non-adjusted EPS": 843,
        "PE": 13.1,
        "Book Price": 14.5
      }
    },
    {
      "quarter": "Q3 2015",
      "income status": {
        "Net sales": 5287310,
        "Cost of goods sold": 4925916,
        "Gross Profit": 361394,
        "Financial expenses": 156945,
        "Of which: Interest expense": 103637,
        "Cost of sales": 182679,
        "Enterprise cost management": 55332,
        "Total Operating Expenses": 394956,
        "Total revenue financing activities": 42715,
        "Net profit from business activities": -32,
        "Profit": 19381,
        "Profit before tax": 19349,
        "Present corporate income tax expenses": 8544,
        "Deferred income taxes expenses": -40020,
        "The interests of minority shareholders": 6245,
        "Total Cost of profits": -25231,
        "Profit after tax corporate income": 44580,
        "Volume": 189199332,
        "Close of Quarter": 14.1,
        "EPS": 580.3,
        "Non-adjusted EPS": 681,
        "PE": 20.7,
        "Book Price": 14.9
      }
    },
    {
      "quarter": "Q2 2015",
      "income status": {
        "Net sales": 3929685,
        "Cost of goods sold": 3608358,
        "Gross Profit": 321327,
        "Financial expenses": 106609,
        "Of which: Interest expense": 82207,
        "Cost of sales": 113687,
        "Enterprise cost management": 50566,
        "Total Operating Expenses": 270862,
        "Total revenue financing activities": 14841,
        "Net profit from business activities": 65348,
        "Profit": 7649,
        "Profit before tax": 72997,
        "Present corporate income tax expenses": 21149,
        "Deferred income taxes expenses": 11270,
        "The interests of minority shareholders": 2622,
        "Total Cost of profits": 35041,
        "Profit after tax corporate income": 37956,
        "Volume": 189199332,
        "Close of Quarter": 16.3,
        "EPS": 1276.5,
        "Non-adjusted EPS": 1498,
        "PE": 10.9,
        "Book Price": 14.7
      }
    },
    {
      "quarter": "Q1 2015",
      "income status": {
        "Net sales": 3120021,
        "Cost of goods sold": 2912204,
        "Gross Profit": 207817,
        "Financial expenses": 61366,
        "Of which: Interest expense": 53128,
        "Cost of sales": 94689,
        "Enterprise cost management": 24282,
        "Total Operating Expenses": 180337,
        "Total revenue financing activities": 5352,
        "Net profit from business activities": 55230,
        "Profit": 3747,
        "Profit before tax": 58977,
        "Present corporate income tax expenses": 1214,
        "Deferred income taxes expenses": 7596,
        "The interests of minority shareholders": 13177,
        "Total Cost of profits": 21987,
        "Profit after tax corporate income": 36990,
        "Volume": 131999810,
        "Close of Quarter": 17.2,
        "EPS": 1272.2,
        "Non-adjusted EPS": 2140,
        "PE": 8.0,
        "Book Price": 14.3
      }
    },
    {
      "quarter": "Q4 2014",
      "income status": {
        "Net sales": 4114967,
        "Cost of goods sold": 3857262,
        "Gross Profit": 257705,
        "Financial expenses": 115076,
        "Of which: Interest expense": 85364,
        "Cost of sales": 140022,
        "Enterprise cost management": 46379,
        "Total Operating Expenses": 301477,
        "Total revenue financing activities": 47166,
        "Net profit from business activities": -5994,
        "Profit": 11125,
        "Profit before tax": 5131,
        "Present corporate income tax expenses": 14289,
        "Deferred income taxes expenses": -9429,
        "The interests of minority shareholders": -9024,
        "Total Cost of profits": -4164,
        "Profit after tax corporate income": 9295,
        "Volume": 131999810,
        "Close of Quarter": 17.0,
        "EPS": 1588.5,
        "Non-adjusted EPS": 2672,
        "PE": 6.4,
        "Book Price": 12.9
      }
    },
    {
      "quarter": "Q3 2014",
      "income status": {
        "Net sales": 3859421,
        "Cost of goods sold": 3545896,
        "Gross Profit": 313525,
        "Financial expenses": 66158,
        "Of which: Interest expense": 62710,
        "Cost of sales": 120912,
        "Enterprise cost management": 23035,
        "Total Operating Expenses": 210105,
        "Total revenue financing activities": 74914,
        "Net profit from business activities": 213466,
        "Profit": 13735,
        "Profit before tax": 227202,
        "Present corporate income tax expenses": 19308,
        "Deferred income taxes expenses": -678,
        "The interests of minority shareholders": 9467,
        "Total Cost of profits": 28097,
        "Profit after tax corporate income": 199105,
        "Volume": 119999993,
        "Close of Quarter": 19.4,
        "EPS": 1317.1,
        "Non-adjusted EPS": 2437,
        "PE": 8.0,
        "Book Price": 13.8
      }
    },
    {
      "quarter": "Q2 2014",
      "income status": {
        "Net sales": 3192334,
        "Cost of goods sold": 2967198,
        "Gross Profit": 225136,
        "Financial expenses": 78602,
        "Of which: Interest expense": 67832,
        "Cost of sales": 99707,
        "Enterprise cost management": 70979,
        "Total Operating Expenses": 249288,
        "Total revenue financing activities": 125165,
        "Net profit from business activities": 105395,
        "Profit": 5715,
        "Profit before tax": 111110,
        "Present corporate income tax expenses": 10122,
        "Deferred income taxes expenses": 9508,
        "The interests of minority shareholders": 54389,
        "Total Cost of profits": 74019,
        "Profit after tax corporate income": 37091,
        "Volume": 119999993,
        "Close of Quarter": 13.0,
        "EPS": 532.3,
        "Non-adjusted EPS": 985,
        "PE": 13.2,
        "Book Price": 13.8
      }
    },
    {
      "quarter": "Q1 2014",
      "income status": {
        "Net sales": 3736433,
        "Cost of goods sold": 3357624,
        "Gross Profit": 378809,
        "Financial expenses": 55780,
        "Of which: Interest expense": 54194,
        "Cost of sales": 153204,
        "Enterprise cost management": 26595,
        "Total Operating Expenses": 235579,
        "Total revenue financing activities": 10478,
        "Net profit from business activities": 145835,
        "Profit": 12035,
        "Profit before tax": 157870,
        "Present corporate income tax expenses": 7740,
        "Deferred income taxes expenses": 157,
        "The interests of minority shareholders": 42773,
        "Total Cost of profits": 50670,
        "Profit after tax corporate income": 107200,
        "Volume": 119999993,
        "Close of Quarter": 14.5,
        "EPS": 864.7,
        "Non-adjusted EPS": 1600,
        "PE": 9.1,
        "Book Price": 14.5
      }
    },
    {
      "quarter": "Q4 2013",
      "income status": {
        "Net sales": 3354139,
        "Cost of goods sold": 3174559,
        "Gross Profit": 179580,
        "Financial expenses": 111605,
        "Of which: Interest expense": 64731,
        "Cost of sales": 174948,
        "Enterprise cost management": 87624,
        "Total Operating Expenses": 374177,
        "Total revenue financing activities": 89553,
        "Net profit from business activities": -105045,
        "Profit": 10761,
        "Profit before tax": -60904,
        "Present corporate income tax expenses": 10019,
        "Deferred income taxes expenses": -19392,
        "The interests of minority shareholders": -633,
        "Total Cost of profits": -10006,
        "Profit after tax corporate income": -50899,
        "Volume": 119999993,
        "Close of Quarter": 13.1,
        "EPS": 856.6,
        "Non-adjusted EPS": 1585,
        "PE": 8.2,
        "Book Price": 10.2
      }
    },
    {
      "quarter": "Q3 2013",
      "income status": {
        "Net sales": 2605533,
        "Cost of goods sold": 2307970,
        "Gross Profit": 297563,
        "Financial expenses": 71675,
        "Of which: Interest expense": 58435,
        "Cost of sales": 126251,
        "Enterprise cost management": 24122,
        "Total Operating Expenses": 222048,
        "Total revenue financing activities": -26934,
        "Net profit from business activities": 48581,
        "Profit": 7409,
        "Profit before tax": 52016,
        "Present corporate income tax expenses": 9257,
        "Deferred income taxes expenses": 9313,
        "The interests of minority shareholders": 8646,
        "Total Cost of profits": 27216,
        "Profit after tax corporate income": 24800,
        "Volume": 79197669,
        "Close of Quarter": 11.7,
        "EPS": 1189.9,
        "Non-adjusted EPS": 3336,
        "PE": 3.5,
        "Book Price": 10.3
      }
    },
    {
      "quarter": "Q2 2013",
      "income status": {
        "Net sales": 2623085,
        "Cost of goods sold": 2377178,
        "Gross Profit": 245906,
        "Financial expenses": 68062,
        "Of which: Interest expense": -178523,
        "Cost of sales": 118107,
        "Enterprise cost management": 39523,
        "Total Operating Expenses": 225692,
        "Total revenue financing activities": 108433,
        "Net profit from business activities": 128648,
        "Profit": -21628,
        "Profit before tax": 140378,
        "Present corporate income tax expenses": 14860,
        "Deferred income taxes expenses": -7672,
        "The interests of minority shareholders": 22283,
        "Total Cost of profits": 29471,
        "Profit after tax corporate income": 110907,
        "Volume": 79197669,
        "Close of Quarter": 13.1,
        "EPS": 1510.2,
        "Non-adjusted EPS": 4234,
        "PE": 3.1,
        "Book Price": 10.3
      }
    },
    {
      "quarter": "Q1 2013",
      "income status": {
        "Net sales": 2481889,
        "Cost of goods sold": 2203856,
        "Gross Profit": 278034,
        "Financial expenses": 67481,
        "Of which: Interest expense": 55524,
        "Cost of sales": 83349,
        "Enterprise cost management": 25177,
        "Total Operating Expenses": 176007,
        "Total revenue financing activities": 6100,
        "Net profit from business activities": 108127,
        "Profit": 33884,
        "Profit before tax": 143600,
        "Present corporate income tax expenses": 7374,
        "Deferred income taxes expenses": 1661,
        "The interests of minority shareholders": 29118,
        "Total Cost of profits": 38153,
        "Profit after tax corporate income": 105447,
        "Volume": 79197669,
        "Close of Quarter": 9.9,
        "EPS": 1289.1,
        "Non-adjusted EPS": 3614,
        "PE": 2.7,
        "Book Price": 10.0
      }
    },
    {
      "quarter": "Q4 2012",
      "income status": {
        "Net sales": 2129463,
        "Cost of goods sold": 1851831,
        "Gross Profit": 277631,
        "Financial expenses": 64774,
        "Of which: Interest expense": 63307,
        "Cost of sales": 145329,
        "Enterprise cost management": 66873,
        "Total Operating Expenses": 276976,
        "Total revenue financing activities": 21420,
        "Net profit from business activities": 22075,
        "Profit": -11127,
        "Profit before tax": 31398,
        "Present corporate income tax expenses": 6271,
        "Deferred income taxes expenses": 709,
        "The interests of minority shareholders": 1346,
        "Total Cost of profits": 8326,
        "Profit after tax corporate income": 23073,
        "Volume": 79197669,
        "Close of Quarter": 8.0,
        "EPS": 1325.4,
        "Non-adjusted EPS": 3716,
        "PE": 2.1,
        "Book Price": 10.1
      }
    },
    {
      "quarter": "Q3 2012",
      "income status": {
        "Net sales": 2099990,
        "Cost of goods sold": 1833193,
        "Gross Profit": 266797,
        "Financial expenses": 139076,
        "Of which: Interest expense": 60485,
        "Cost of sales": 102771,
        "Enterprise cost management": 23714,
        "Total Operating Expenses": 265561,
        "Total revenue financing activities": 79524,
        "Net profit from business activities": 80760,
        "Profit": -533,
        "Profit before tax": 114536,
        "Present corporate income tax expenses": 10593,
        "Deferred income taxes expenses": -152,
        "The interests of minority shareholders": 8174,
        "Total Cost of profits": 18615,
        "Profit after tax corporate income": 95920,
        "Volume": 65998073,
        "Close of Quarter": 8.2,
        "EPS": 1699.9,
        "Non-adjusted EPS": 5719,
        "PE": 1.4,
        "Book Price": 10.1
      }
    },
    {
      "quarter": "Q2 2012",
      "income status": {
        "Net sales": 1755504,
        "Cost of goods sold": 1458114,
        "Gross Profit": 297390,
        "Financial expenses": 77703,
        "Of which: Interest expense": 72994,
        "Cost of sales": 134993,
        "Enterprise cost management": 30345,
        "Total Operating Expenses": 243041,
        "Total revenue financing activities": 10374,
        "Net profit from business activities": 64722,
        "Profit": -1572,
        "Profit before tax": 79118,
        "Present corporate income tax expenses": 14605,
        "Deferred income taxes expenses": -2247,
        "The interests of minority shareholders": 4985,
        "Total Cost of profits": 17343,
        "Profit after tax corporate income": 61774,
        "Volume": 65998073,
        "Close of Quarter": 10.5,
        "EPS": 1784.9,
        "Non-adjusted EPS": 6005,
        "PE": 1.8,
        "Book Price": 9.6
      }
    },
    {
      "quarter": "Q1 2012",
      "income status": {
        "Net sales": 1812955,
        "Cost of goods sold": 1539556,
        "Gross Profit": 273399,
        "Financial expenses": 73746,
        "Of which: Interest expense": 69483,
        "Cost of sales": 76055,
        "Enterprise cost management": 22611,
        "Total Operating Expenses": 172412,
        "Total revenue financing activities": 22540,
        "Net profit from business activities": 123526,
        "Profit": -814,
        "Profit before tax": 130190,
        "Present corporate income tax expenses": 2709,
        "Deferred income taxes expenses": -2031,
        "The interests of minority shareholders": 8008,
        "Total Cost of profits": 8686,
        "Profit after tax corporate income": 113496,
        "Volume": 64737753,
        "Close of Quarter": 7.1,
        "EPS": 2085.3,
        "Non-adjusted EPS": 7152,
        "PE": 1.0,
        "Book Price": 9.8
      }
    },
    {
      "quarter": "Q4 2011",
      "income status": {
        "Net sales": 1935751,
        "Cost of goods sold": 1657151,
        "Gross Profit": 278599,
        "Financial expenses": 96225,
        "Of which: Interest expense": 76434,
        "Cost of sales": 107127,
        "Enterprise cost management": 48013,
        "Total Operating Expenses": 251365,
        "Total revenue financing activities": 56429,
        "Net profit from business activities": 83662,
        "Profit": 1794,
        "Profit before tax": 115607,
        "Present corporate income tax expenses": 3401,
        "Deferred income taxes expenses": -125,
        "The interests of minority shareholders": 6050,
        "Total Cost of profits": 9326,
        "Profit after tax corporate income": 106280,
        "Volume": 64737753,
        "Close of Quarter": 5.2,
        "EPS": 2052.0,
        "Non-adjusted EPS": 7038,
        "PE": 0.7,
        "Book Price": 9.2
      }
    },
    {
      "quarter": "Q3 2011",
      "income status": {
        "Net sales": 2046466,
        "Cost of goods sold": 1716946,
        "Gross Profit": 329520,
        "Financial expenses": 73163,
        "Of which: Interest expense": 64477,
        "Cost of sales": 105250,
        "Enterprise cost management": 60170,
        "Total Operating Expenses": 238583,
        "Total revenue financing activities": 15560,
        "Net profit from business activities": 106497,
        "Profit": 11097,
        "Profit before tax": 150592,
        "Present corporate income tax expenses": 13458,
        "Deferred income taxes expenses": -1059,
        "The interests of minority shareholders": 23417,
        "Total Cost of profits": 35816,
        "Profit after tax corporate income": 114776,
        "Volume": 64737753,
        "Close of Quarter": 5.2,
        "EPS": 1752.3,
        "Non-adjusted EPS": 6010,
        "PE": 0.9,
        "Book Price": 9.0
      }
    },
    {
      "quarter": "Q2 2011",
      "income status": {
        "Net sales": 2050507,
        "Cost of goods sold": 1734368,
        "Gross Profit": 316140,
        "Financial expenses": 80998,
        "Of which: Interest expense": 65298,
        "Cost of sales": 93608,
        "Enterprise cost management": 31319,
        "Total Operating Expenses": 205925,
        "Total revenue financing activities": 41821,
        "Net profit from business activities": 152036,
        "Profit": 383,
        "Profit before tax": 172085,
        "Present corporate income tax expenses": 25701,
        "Deferred income taxes expenses": -1519,
        "The interests of minority shareholders": 19423,
        "Total Cost of profits": 43605,
        "Profit after tax corporate income": 128480,
        "Volume": 64737753,
        "Close of Quarter": 4.2,
        "EPS": 1556.7,
        "Non-adjusted EPS": 5339,
        "PE": 0.8,
        "Book Price": 9.1
      }
    },
    {
      "quarter": "Q1 2011",
      "income status": {
        "Net sales": 1761316,
        "Cost of goods sold": 1514157,
        "Gross Profit": 247159,
        "Financial expenses": 79311,
        "Of which: Interest expense": 58375,
        "Cost of sales": 102974,
        "Enterprise cost management": 18068,
        "Total Operating Expenses": 200353,
        "Total revenue financing activities": 63061,
        "Net profit from business activities": 109868,
        "Profit": -2734,
        "Profit before tax": 119054,
        "Present corporate income tax expenses": 2319,
        "Deferred income taxes expenses": 1578,
        "The interests of minority shareholders": 9089,
        "Total Cost of profits": 12986,
        "Profit after tax corporate income": 106068,
        "Volume": 64737753,
        "Close of Quarter": 4.8,
        "EPS": 1268.9,
        "Non-adjusted EPS": 4352,
        "PE": 1.1,
        "Book Price": 8.8
      }
    }
  ]
}