{
  "ticker": "PPP",
  "data": [
    {
      "quarter": "Q4 2016",
      "income status": {
        "Net sales": 33283,
        "Cost of goods sold": 26857,
        "Gross Profit": 6426,
        "Financial expenses": 517,
        "Of which: Interest expense": 517,
        "Cost of sales": 1046,
        "Enterprise cost management": 3191,
        "Total Operating Expenses": 4754,
        "Total revenue financing activities": 7,
        "Net profit from business activities": 1679,
        "Profit": 124,
        "Profit before tax": 1803,
        "Present corporate income tax expenses": 407,
        "Deferred income taxes expenses": "N/A",
        "The interests of minority shareholders": "N/A",
        "Total Cost of profits": 407,
        "Profit after tax corporate income": 1396,
        "Volume": 6000000,
        "Close of Quarter": 9.4,
        "EPS": 1256,
        "Non-adjusted EPS": 1256,
        "PE": 7.5,
        "Book Price": 12.3
      }
    },
    {
      "quarter": "Q3 2016",
      "income status": {
        "Net sales": 30905,
        "Cost of goods sold": 25039,
        "Gross Profit": 5866,
        "Financial expenses": 283,
        "Of which: Interest expense": 283,
        "Cost of sales": 769,
        "Enterprise cost management": 2507,
        "Total Operating Expenses": 3559,
        "Total revenue financing activities": 28,
        "Net profit from business activities": 2335,
        "Profit": 49,
        "Profit before tax": 2384,
        "Present corporate income tax expenses": 477,
        "Deferred income taxes expenses": "N/A",
        "The interests of minority shareholders": "N/A",
        "Total Cost of profits": 477,
        "Profit after tax corporate income": 1907,
        "Volume": 6000000,
        "Close of Quarter": 11.2,
        "EPS": 1020,
        "Non-adjusted EPS": 1020,
        "PE": 11.0,
        "Book Price": 12.1
      }
    },
    {
      "quarter": "Q2 2016",
      "income status": {
        "Net sales": 27058,
        "Cost of goods sold": 21813,
        "Gross Profit": 5245,
        "Financial expenses": -575,
        "Of which: Interest expense": -1652,
        "Cost of sales": 736,
        "Enterprise cost management": 2185,
        "Total Operating Expenses": 2346,
        "Total revenue financing activities": 117,
        "Net profit from business activities": 3015,
        "Profit": -6,
        "Profit before tax": 3009,
        "Present corporate income tax expenses": 636,
        "Deferred income taxes expenses": "N/A",
        "The interests of minority shareholders": "N/A",
        "Total Cost of profits": 636,
        "Profit after tax corporate income": 2372,
        "Volume": 6000000,
        "Close of Quarter": 8.2,
        "EPS": 727,
        "Non-adjusted EPS": 727,
        "PE": 11.3,
        "Book Price": 11.8
      }
    },
    {
      "quarter": "Q1 2016",
      "income status": {
        "Net sales": 29658,
        "Cost of goods sold": 23740,
        "Gross Profit": 5918,
        "Financial expenses": -119,
        "Of which: Interest expense": 958,
        "Cost of sales": 712,
        "Enterprise cost management": 2110,
        "Total Operating Expenses": 2703,
        "Total revenue financing activities": 24,
        "Net profit from business activities": 3239,
        "Profit": -726,
        "Profit before tax": 2514,
        "Present corporate income tax expenses": 653,
        "Deferred income taxes expenses": "N/A",
        "The interests of minority shareholders": "N/A",
        "Total Cost of profits": 653,
        "Profit after tax corporate income": 1860,
        "Volume": 6000000,
        "Close of Quarter": 8.5,
        "EPS": 944,
        "Non-adjusted EPS": 944,
        "PE": 9.0,
        "Book Price": 11.4
      }
    },
    {
      "quarter": "Q4 2015",
      "income status": {
        "Net sales": 28477,
        "Cost of goods sold": 24460,
        "Gross Profit": 4017,
        "Financial expenses": 1117,
        "Of which: Interest expense": 958,
        "Cost of sales": 851,
        "Enterprise cost management": 2084,
        "Total Operating Expenses": 4052,
        "Total revenue financing activities": 125,
        "Net profit from business activities": 90,
        "Profit": 15,
        "Profit before tax": 106,
        "Present corporate income tax expenses": 123,
        "Deferred income taxes expenses": "N/A",
        "The interests of minority shareholders": "N/A",
        "Total Cost of profits": 123,
        "Profit after tax corporate income": -17,
        "Volume": 4500000,
        "Close of Quarter": 8.4,
        "EPS": 801.8,
        "Non-adjusted EPS": 1069,
        "PE": 7.8,
        "Book Price": 9.1
      }
    },
    {
      "quarter": "Q3 2015",
      "income status": {
        "Net sales": 21513,
        "Cost of goods sold": 17563,
        "Gross Profit": 3951,
        "Financial expenses": 347,
        "Of which: Interest expense": 347,
        "Cost of sales": 1732,
        "Enterprise cost management": 1798,
        "Total Operating Expenses": 3877,
        "Total revenue financing activities": 94,
        "Net profit from business activities": 167,
        "Profit": 19,
        "Profit before tax": 186,
        "Present corporate income tax expenses": 41,
        "Deferred income taxes expenses": "N/A",
        "The interests of minority shareholders": "N/A",
        "Total Cost of profits": 41,
        "Profit after tax corporate income": 145,
        "Volume": 4500000,
        "Close of Quarter": 7.9,
        "EPS": 1567.5,
        "Non-adjusted EPS": 2090,
        "PE": 3.8,
        "Book Price": 9.1
      }
    },
    {
      "quarter": "Q2 2015",
      "income status": {
        "Net sales": 24544,
        "Cost of goods sold": 18792,
        "Gross Profit": 5752,
        "Financial expenses": -1434,
        "Of which: Interest expense": -1434,
        "Cost of sales": 979,
        "Enterprise cost management": 1645,
        "Total Operating Expenses": 1190,
        "Total revenue financing activities": 164,
        "Net profit from business activities": 4725,
        "Profit": -22,
        "Profit before tax": 4703,
        "Present corporate income tax expenses": 1025,
        "Deferred income taxes expenses": "N/A",
        "The interests of minority shareholders": "N/A",
        "Total Cost of profits": 1025,
        "Profit after tax corporate income": 3678,
        "Volume": 4500000,
        "Close of Quarter": 7.5,
        "EPS": 1559.3,
        "Non-adjusted EPS": 2079,
        "PE": 3.6,
        "Book Price": 9
      }
    },
    {
      "quarter": "Q1 2015",
      "income status": {
        "Net sales": 24780,
        "Cost of goods sold": 19730,
        "Gross Profit": 5050,
        "Financial expenses": 1104,
        "Of which: Interest expense": 1104,
        "Cost of sales": 993,
        "Enterprise cost management": 1705,
        "Total Operating Expenses": 3802,
        "Total revenue financing activities": 92,
        "Net profit from business activities": 1339,
        "Profit": "N/A",
        "Profit before tax": 1339,
        "Present corporate income tax expenses": 333,
        "Deferred income taxes expenses": "N/A",
        "The interests of minority shareholders": "N/A",
        "Total Cost of profits": 333,
        "Profit after tax corporate income": 1006,
        "Volume": 4500000,
        "Close of Quarter": 8.4,
        "EPS": 908.3,
        "Non-adjusted EPS": 1211,
        "PE": 6.9,
        "Book Price": 8.6
      }
    },
    {
      "quarter": "Q4 2014",
      "income status": {
        "Net sales": 22674,
        "Cost of goods sold": 18172,
        "Gross Profit": 4502,
        "Financial expenses": -1094,
        "Of which: Interest expense": -1087,
        "Cost of sales": 792,
        "Enterprise cost management": 2178,
        "Total Operating Expenses": 1876,
        "Total revenue financing activities": -38,
        "Net profit from business activities": 2589,
        "Profit": 2582,
        "Profit before tax": 5171,
        "Present corporate income tax expenses": 594,
        "Deferred income taxes expenses": "N/A",
        "The interests of minority shareholders": "N/A",
        "Total Cost of profits": 594,
        "Profit after tax corporate income": 4576,
        "Volume": 4500000,
        "Close of Quarter": 8.7,
        "EPS": 990.8,
        "Non-adjusted EPS": 1321,
        "PE": 6.6,
        "Book Price": 8.4
      }
    },
    {
      "quarter": "Q3 2014",
      "income status": {
        "Net sales": 29123,
        "Cost of goods sold": 24369,
        "Gross Profit": 4753,
        "Financial expenses": 1685,
        "Of which: Interest expense": 1675,
        "Cost of sales": 1226,
        "Enterprise cost management": 1777,
        "Total Operating Expenses": 4688,
        "Total revenue financing activities": 206,
        "Net profit from business activities": 271,
        "Profit": -177,
        "Profit before tax": 94,
        "Present corporate income tax expenses": "N/A",
        "Deferred income taxes expenses": "N/A",
        "The interests of minority shareholders": "N/A",
        "Total Cost of profits": 0,
        "Profit after tax corporate income": 94,
        "Volume": 4500000,
        "Close of Quarter": 9.2,
        "EPS": -12,
        "Non-adjusted EPS": -16,
        "PE": -577.5,
        "Book Price": 7.6
      }
    },
    {
      "quarter": "Q2 2014",
      "income status": {
        "Net sales": 28934,
        "Cost of goods sold": 24071,
        "Gross Profit": 4863,
        "Financial expenses": 1986,
        "Of which: Interest expense": 1935,
        "Cost of sales": 771,
        "Enterprise cost management": 2034,
        "Total Operating Expenses": 4791,
        "Total revenue financing activities": 7,
        "Net profit from business activities": 79,
        "Profit": -166,
        "Profit before tax": -87,
        "Present corporate income tax expenses": 139,
        "Deferred income taxes expenses": "N/A",
        "The interests of minority shareholders": "N/A",
        "Total Cost of profits": 139,
        "Profit after tax corporate income": -226,
        "Volume": 2979999,
        "Close of Quarter": 8.2,
        "EPS": -317.9,
        "Non-adjusted EPS": -640,
        "PE": -12.8,
        "Book Price": 5.1
      }
    },
    {
      "quarter": "Q1 2014",
      "income status": {
        "Net sales": 27076,
        "Cost of goods sold": 22536,
        "Gross Profit": 4540,
        "Financial expenses": -45,
        "Of which: Interest expense": -45,
        "Cost of sales": 1265,
        "Enterprise cost management": 1920,
        "Total Operating Expenses": 3140,
        "Total revenue financing activities": 7,
        "Net profit from business activities": 1406,
        "Profit": 260,
        "Profit before tax": 1666,
        "Present corporate income tax expenses": 166,
        "Deferred income taxes expenses": "N/A",
        "The interests of minority shareholders": "N/A",
        "Total Cost of profits": 166,
        "Profit after tax corporate income": 1500,
        "Volume": 2979999,
        "Close of Quarter": 8.4,
        "EPS": -807.6,
        "Non-adjusted EPS": -1626,
        "PE": -5.1,
        "Book Price": 5.1
      }
    },
    {
      "quarter": "Q4 2013",
      "income status": {
        "Net sales": 27560,
        "Cost of goods sold": 24572,
        "Gross Profit": 2988,
        "Financial expenses": 1470,
        "Of which: Interest expense": 1470,
        "Cost of sales": 1067,
        "Enterprise cost management": 2020,
        "Total Operating Expenses": 4557,
        "Total revenue financing activities": 3,
        "Net profit from business activities": -1565,
        "Profit": 127,
        "Profit before tax": -1438,
        "Present corporate income tax expenses": "N/A",
        "Deferred income taxes expenses": "N/A",
        "The interests of minority shareholders": "N/A",
        "Total Cost of profits": 0,
        "Profit after tax corporate income": -1438,
        "Volume": 2979999,
        "Close of Quarter": 11,
        "EPS": -794.2,
        "Non-adjusted EPS": -1599,
        "PE": -6.9,
        "Book Price": 5.2
      }
    },
    {
      "quarter": "Q3 2013",
      "income status": {
        "Net sales": 26584,
        "Cost of goods sold": 24235,
        "Gross Profit": 2349,
        "Financial expenses": 2109,
        "Of which: Interest expense": 2106,
        "Cost of sales": 734,
        "Enterprise cost management": 1435,
        "Total Operating Expenses": 4278,
        "Total revenue financing activities": 12,
        "Net profit from business activities": -1917,
        "Profit": 174,
        "Profit before tax": -1744,
        "Present corporate income tax expenses": "N/A",
        "Deferred income taxes expenses": "N/A",
        "The interests of minority shareholders": "N/A",
        "Total Cost of profits": 0,
        "Profit after tax corporate income": -1744,
        "Volume": 2979999,
        "Close of Quarter": 8.8,
        "EPS": -410.7,
        "Non-adjusted EPS": -827,
        "PE": -10.6,
        "Book Price": 5.4
      }
    },
    {
      "quarter": "Q2 2013",
      "income status": {
        "Net sales": 23229,
        "Cost of goods sold": 22446,
        "Gross Profit": 782,
        "Financial expenses": 2409,
        "Of which: Interest expense": 2409,
        "Cost of sales": 808,
        "Enterprise cost management": 1315,
        "Total Operating Expenses": 4532,
        "Total revenue financing activities": 25,
        "Net profit from business activities": -3725,
        "Profit": -203,
        "Profit before tax": -3928,
        "Present corporate income tax expenses": -766,
        "Deferred income taxes expenses": "N/A",
        "The interests of minority shareholders": "N/A",
        "Total Cost of profits": -766,
        "Profit after tax corporate income": -3162,
        "Volume": 2979999,
        "Close of Quarter": 9.2,
        "EPS": -55.1,
        "Non-adjusted EPS": -111,
        "PE": -83.2,
        "Book Price": 5.7
      }
    },
    {
      "quarter": "Q1 2013",
      "income status": {
        "Net sales": 23972,
        "Cost of goods sold": 19102,
        "Gross Profit": 4870,
        "Financial expenses": 1131,
        "Of which: Interest expense": 1125,
        "Cost of sales": 430,
        "Enterprise cost management": 1447,
        "Total Operating Expenses": 3008,
        "Total revenue financing activities": 120,
        "Net profit from business activities": 1982,
        "Profit": 123,
        "Profit before tax": 2105,
        "Present corporate income tax expenses": 526,
        "Deferred income taxes expenses": "N/A",
        "The interests of minority shareholders": "N/A",
        "Total Cost of profits": 526,
        "Profit after tax corporate income": 1579,
        "Volume": 2335500,
        "Close of Quarter": 8.8,
        "EPS": 585.0,
        "Non-adjusted EPS": 1503,
        "PE": 5.9,
        "Book Price": 5.6
      }
    },
    {
      "quarter": "Q4 2012",
      "income status": {
        "Net sales": 24854,
        "Cost of goods sold": 22420,
        "Gross Profit": 2434,
        "Financial expenses": 18,
        "Of which: Interest expense": 18,
        "Cost of sales": 485,
        "Enterprise cost management": 1015,
        "Total Operating Expenses": 1518,
        "Total revenue financing activities": 35,
        "Net profit from business activities": 951,
        "Profit": 199,
        "Profit before tax": 1150,
        "Present corporate income tax expenses": 287,
        "Deferred income taxes expenses": "N/A",
        "The interests of minority shareholders": "N/A",
        "Total Cost of profits": 287,
        "Profit after tax corporate income": 862,
        "Volume": 2335500,
        "Close of Quarter": 5.6,
        "EPS": 462.0,
        "Non-adjusted EPS": 1187,
        "PE": 4.7,
        "Book Price": 5.3
      }
    },
    {
      "quarter": "Q3 2012",
      "income status": {
        "Net sales": 21125,
        "Cost of goods sold": 19045,
        "Gross Profit": 2080,
        "Financial expenses": 28,
        "Of which: Interest expense": 28,
        "Cost of sales": 495,
        "Enterprise cost management": 1270,
        "Total Operating Expenses": 1793,
        "Total revenue financing activities": 16,
        "Net profit from business activities": 303,
        "Profit": 171,
        "Profit before tax": 474,
        "Present corporate income tax expenses": 83,
        "Deferred income taxes expenses": "N/A",
        "The interests of minority shareholders": "N/A",
        "Total Cost of profits": 83,
        "Profit after tax corporate income": 391,
        "Volume": 2335500,
        "Close of Quarter": 6.7,
        "EPS": 431.7,
        "Non-adjusted EPS": 1109,
        "PE": 6.0,
        "Book Price": 5.2
      }
    },
    {
      "quarter": "Q2 2012",
      "income status": {
        "Net sales": 21933,
        "Cost of goods sold": 19656,
        "Gross Profit": 2277,
        "Financial expenses": 42,
        "Of which: Interest expense": 42,
        "Cost of sales": 471,
        "Enterprise cost management": 1126,
        "Total Operating Expenses": 1639,
        "Total revenue financing activities": 17,
        "Net profit from business activities": 655,
        "Profit": 88,
        "Profit before tax": 743,
        "Present corporate income tax expenses": 65,
        "Deferred income taxes expenses": "N/A",
        "The interests of minority shareholders": "N/A",
        "Total Cost of profits": 65,
        "Profit after tax corporate income": 678,
        "Volume": 2335500,
        "Close of Quarter": 6.4,
        "EPS": 460.9,
        "Non-adjusted EPS": 1184,
        "PE": 5.4,
        "Book Price": 5.1
      }
    },
    {
      "quarter": "Q1 2012",
      "income status": {
        "Net sales": 23585,
        "Cost of goods sold": 21325,
        "Gross Profit": 2260,
        "Financial expenses": 18,
        "Of which: Interest expense": 18,
        "Cost of sales": 542,
        "Enterprise cost management": 826,
        "Total Operating Expenses": 1386,
        "Total revenue financing activities": 4,
        "Net profit from business activities": 878,
        "Profit": 244,
        "Profit before tax": 1122,
        "Present corporate income tax expenses": 280,
        "Deferred income taxes expenses": "N/A",
        "The interests of minority shareholders": "N/A",
        "Total Cost of profits": 280,
        "Profit after tax corporate income": 841,
        "Volume": 2335500,
        "Close of Quarter": 5.8,
        "EPS": 405.2,
        "Non-adjusted EPS": 1041,
        "PE": 5.6,
        "Book Price": 5.3
      }
    },
    {
      "quarter": "Q4 2011",
      "income status": {
        "Net sales": 22549,
        "Cost of goods sold": 20363,
        "Gross Profit": 2186,
        "Financial expenses": 19,
        "Of which: Interest expense": "N/A",
        "Cost of sales": 547,
        "Enterprise cost management": 948,
        "Total Operating Expenses": 1514,
        "Total revenue financing activities": 15,
        "Net profit from business activities": 686,
        "Profit": 230,
        "Profit before tax": 917,
        "Present corporate income tax expenses": 236,
        "Deferred income taxes expenses": "N/A",
        "The interests of minority shareholders": "N/A",
        "Total Cost of profits": 236,
        "Profit after tax corporate income": 680,
        "Volume": 2335500,
        "Close of Quarter": 5.0,
        "EPS": 325.4,
        "Non-adjusted EPS": 836,
        "PE": 6,
        "Book Price": 5.1
      }
    },
    {
      "quarter": "Q3 2011",
      "income status": {
        "Net sales": 22331,
        "Cost of goods sold": 20315,
        "Gross Profit": 2016,
        "Financial expenses": 8,
        "Of which: Interest expense": "N/A",
        "Cost of sales": 508,
        "Enterprise cost management": 873,
        "Total Operating Expenses": 1389,
        "Total revenue financing activities": 8,
        "Net profit from business activities": 635,
        "Profit": 119,
        "Profit before tax": 754,
        "Present corporate income tax expenses": 189,
        "Deferred income taxes expenses": "N/A",
        "The interests of minority shareholders": "N/A",
        "Total Cost of profits": 189,
        "Profit after tax corporate income": 566,
        "Volume": 2335500,
        "Close of Quarter": 4.9,
        "EPS": 236.3,
        "Non-adjusted EPS": 607,
        "PE": 8.0,
        "Book Price": 5.0
      }
    },
    {
      "quarter": "Q2 2011",
      "income status": {
        "Net sales": 21673,
        "Cost of goods sold": 19742,
        "Gross Profit": 1931,
        "Financial expenses": 9,
        "Of which: Interest expense": "N/A",
        "Cost of sales": 552,
        "Enterprise cost management": 927,
        "Total Operating Expenses": 1488,
        "Total revenue financing activities": 16,
        "Net profit from business activities": 458,
        "Profit": 21,
        "Profit before tax": 479,
        "Present corporate income tax expenses": 135,
        "Deferred income taxes expenses": "N/A",
        "The interests of minority shareholders": "N/A",
        "Total Cost of profits": 135,
        "Profit after tax corporate income": 344,
        "Volume": "N/A",
        "Close of Quarter": 5.5,
        "EPS": "N/A",
        "Non-adjusted EPS": " ",
        "PE": "N/A",
        "Book Price": "N/A"
      }
    },
    {
      "quarter": "Q1 2011",
      "income status": {
        "Net sales": 17958,
        "Cost of goods sold": 16225,
        "Gross Profit": 1733,
        "Financial expenses": 8,
        "Of which: Interest expense": 8,
        "Cost of sales": 554,
        "Enterprise cost management": 932,
        "Total Operating Expenses": 1494,
        "Total revenue financing activities": 120,
        "Net profit from business activities": 359,
        "Profit": 76,
        "Profit before tax": 435,
        "Present corporate income tax expenses": 73,
        "Deferred income taxes expenses": "N/A",
        "The interests of minority shareholders": "N/A",
        "Total Cost of profits": 73,
        "Profit after tax corporate income": 363,
        "Volume": "N/A",
        "Close of Quarter": 5.2,
        "EPS": "",
        "Non-adjusted EPS": "N/A",
        "PE": "N/A",
        "Book Price": "N/A"
      }
    }
  ]
}