{
  "ticker": "VHL",
  "data": [
    {
      "quarter": "Q4 2016",
      "income status": {
        "Net sales": 482002,
        "Cost of goods sold": 387425,
        "Gross Profit": 94577,
        "Financial expenses": 3121,
        "Of which: Interest expense": 6141,
        "Cost of sales": 26783,
        "Enterprise cost management": 37391,
        "Total Operating Expenses": 67295,
        "Total revenue financing activities": 542,
        "Net profit from business activities": 28625,
        "Profit": 824,
        "Profit before tax": 29450,
        "Present corporate income tax expenses": 5513,
        "Deferred income taxes expenses": 267,
        "The interests of minority shareholders": "N/A",
        "Total Cost of profits": 5780,
        "Profit after tax corporate income": 23670,
        "Volume": 16000000,
        "Close of Quarter": 57.4,
        "EPS": 6833,
        "Non-adjusted EPS": 6833,
        "PE": 8.4,
        "Book Price": 33.4
      }
    },
    {
      "quarter": "Q3 2016",
      "income status": {
        "Net sales": 447964,
        "Cost of goods sold": 368842,
        "Gross Profit": 79123,
        "Financial expenses": 5862,
        "Of which: Interest expense": 5825,
        "Cost of sales": 22231,
        "Enterprise cost management": 16025,
        "Total Operating Expenses": 44118,
        "Total revenue financing activities": 92,
        "Net profit from business activities": 35098,
        "Profit": 291,
        "Profit before tax": 35389,
        "Present corporate income tax expenses": 7198,
        "Deferred income taxes expenses": -79,
        "The interests of minority shareholders": "N/A",
        "Total Cost of profits": 7119,
        "Profit after tax corporate income": 28269,
        "Volume": 16000000,
        "Close of Quarter": 50,
        "EPS": 6925,
        "Non-adjusted EPS": 6925,
        "PE": 7.2,
        "Book Price": 32
      }
    },
    {
      "quarter": "Q2 2016",
      "income status": {
        "Net sales": 461688,
        "Cost of goods sold": 351546,
        "Gross Profit": 110142,
        "Financial expenses": 5314,
        "Of which: Interest expense": 6423,
        "Cost of sales": 50091,
        "Enterprise cost management": 16289,
        "Total Operating Expenses": 71694,
        "Total revenue financing activities": 628,
        "Net profit from business activities": 39076,
        "Profit": 1009,
        "Profit before tax": 40084,
        "Present corporate income tax expenses": 7134,
        "Deferred income taxes expenses": 238,
        "The interests of minority shareholders": "N/A",
        "Total Cost of profits": 7372,
        "Profit after tax corporate income": 32712,
        "Volume": 16000000,
        "Close of Quarter": 47,
        "EPS": 6818,
        "Non-adjusted EPS": 6818,
        "PE": 6.9,
        "Book Price": 30.2
      }
    },
    {
      "quarter": "Q1 2016",
      "income status": {
        "Net sales": 410806,
        "Cost of goods sold": 326318,
        "Gross Profit": 84489,
        "Financial expenses": 5333,
        "Of which: Interest expense": 5313,
        "Cost of sales": 35621,
        "Enterprise cost management": 12486,
        "Total Operating Expenses": 53440,
        "Total revenue financing activities": 58,
        "Net profit from business activities": 31107,
        "Profit": 520,
        "Profit before tax": 31626,
        "Present corporate income tax expenses": 7217,
        "Deferred income taxes expenses": -259,
        "The interests of minority shareholders": "N/A",
        "Total Cost of profits": 6958,
        "Profit after tax corporate income": 24669,
        "Volume": 16000000,
        "Close of Quarter": 42.2,
        "EPS": 6546,
        "Non-adjusted EPS": 6546,
        "PE": 6.4,
        "Book Price": 30.3
      }
    },
    {
      "quarter": "Q4 2015",
      "income status": {
        "Net sales": 442633,
        "Cost of goods sold": 333014,
        "Gross Profit": 109620,
        "Financial expenses": 4839,
        "Of which: Interest expense": 5911,
        "Cost of sales": 58136,
        "Enterprise cost management": 15590,
        "Total Operating Expenses": 78565,
        "Total revenue financing activities": 429,
        "Net profit from business activities": 31482,
        "Profit": 1012,
        "Profit before tax": 32495,
        "Present corporate income tax expenses": 7457,
        "Deferred income taxes expenses": -117,
        "The interests of minority shareholders": "N/A",
        "Total Cost of profits": 7340,
        "Profit after tax corporate income": 25155,
        "Volume": 16000000,
        "Close of Quarter": 36.8,
        "EPS": 6285,
        "Non-adjusted EPS": 6285,
        "PE": 5.9,
        "Book Price": 29.1
      }
    },
    {
      "quarter": "Q3 2015",
      "income status": {
        "Net sales": 396086,
        "Cost of goods sold": 314151,
        "Gross Profit": 81935,
        "Financial expenses": 5780,
        "Of which: Interest expense": 5912,
        "Cost of sales": 29258,
        "Enterprise cost management": 14178,
        "Total Operating Expenses": 49216,
        "Total revenue financing activities": 178,
        "Net profit from business activities": 32896,
        "Profit": 988,
        "Profit before tax": 33884,
        "Present corporate income tax expenses": 7364,
        "Deferred income taxes expenses": -27,
        "The interests of minority shareholders": "N/A",
        "Total Cost of profits": 7337,
        "Profit after tax corporate income": 26547,
        "Volume": 16000000,
        "Close of Quarter": 35.3,
        "EPS": 5811,
        "Non-adjusted EPS": 5811,
        "PE": 6.1,
        "Book Price": 27.5
      }
    },
    {
      "quarter": "Q2 2015",
      "income status": {
        "Net sales": 362440,
        "Cost of goods sold": 301052,
        "Gross Profit": 61388,
        "Financial expenses": 3778,
        "Of which: Interest expense": 4414,
        "Cost of sales": 9602,
        "Enterprise cost management": 12559,
        "Total Operating Expenses": 25939,
        "Total revenue financing activities": 1073,
        "Net profit from business activities": 36522,
        "Profit": 32,
        "Profit before tax": 36554,
        "Present corporate income tax expenses": 8191,
        "Deferred income taxes expenses": -3,
        "The interests of minority shareholders": "N/A",
        "Total Cost of profits": 8188,
        "Profit after tax corporate income": 28367,
        "Volume": 16000000,
        "Close of Quarter": 32.1,
        "EPS": 5653,
        "Non-adjusted EPS": 5653,
        "PE": 5.7,
        "Book Price": 25.9
      }
    },
    {
      "quarter": "Q1 2015",
      "income status": {
        "Net sales": 360323,
        "Cost of goods sold": 297481,
        "Gross Profit": 62843,
        "Financial expenses": 3608,
        "Of which: Interest expense": 3570,
        "Cost of sales": 21207,
        "Enterprise cost management": 12333,
        "Total Operating Expenses": 37148,
        "Total revenue financing activities": 130,
        "Net profit from business activities": 25824,
        "Profit": 352,
        "Profit before tax": 26176,
        "Present corporate income tax expenses": 5680,
        "Deferred income taxes expenses": "N/A",
        "The interests of minority shareholders": "N/A",
        "Total Cost of profits": 5680,
        "Profit after tax corporate income": 20496,
        "Volume": 16000000,
        "Close of Quarter": 27.7,
        "EPS": 5444,
        "Non-adjusted EPS": 5444,
        "PE": 5.1,
        "Book Price": 26.8
      }
    },
    {
      "quarter": "Q4 2014",
      "income status": {
        "Net sales": 437364,
        "Cost of goods sold": 349558,
        "Gross Profit": 87805,
        "Financial expenses": 4916,
        "Of which: Interest expense": 5763,
        "Cost of sales": 33051,
        "Enterprise cost management": 29806,
        "Total Operating Expenses": 67773,
        "Total revenue financing activities": 780,
        "Net profit from business activities": 20812,
        "Profit": 1708,
        "Profit before tax": 22520,
        "Present corporate income tax expenses": 5207,
        "Deferred income taxes expenses": -248,
        "The interests of minority shareholders": "N/A",
        "Total Cost of profits": 4959,
        "Profit after tax corporate income": 17561,
        "Volume": 9000000,
        "Close of Quarter": 27.4,
        "EPS": 5216.1,
        "Non-adjusted EPS": 9273,
        "PE": 3.0,
        "Book Price": 25.4
      }
    },
    {
      "quarter": "Q3 2014",
      "income status": {
        "Net sales": 368821,
        "Cost of goods sold": 300057,
        "Gross Profit": 68764,
        "Financial expenses": 5156,
        "Of which: Interest expense": 5147,
        "Cost of sales": 19497,
        "Enterprise cost management": 13809,
        "Total Operating Expenses": 38462,
        "Total revenue financing activities": 361,
        "Net profit from business activities": 30662,
        "Profit": 149,
        "Profit before tax": 30811,
        "Present corporate income tax expenses": 6795,
        "Deferred income taxes expenses": "N/A",
        "The interests of minority shareholders": "N/A",
        "Total Cost of profits": 6795,
        "Profit after tax corporate income": 24016,
        "Volume": 9000000,
        "Close of Quarter": 22.8,
        "EPS": 5169.9,
        "Non-adjusted EPS": 9191,
        "PE": 2.5,
        "Book Price": 20.0
      }
    },
    {
      "quarter": "Q2 2014",
      "income status": {
        "Net sales": 332410,
        "Cost of goods sold": 256257,
        "Gross Profit": 76152,
        "Financial expenses": 7233,
        "Of which: Interest expense": 6335,
        "Cost of sales": 29389,
        "Enterprise cost management": 9802,
        "Total Operating Expenses": 46424,
        "Total revenue financing activities": 745,
        "Net profit from business activities": 30473,
        "Profit": 837,
        "Profit before tax": 31310,
        "Present corporate income tax expenses": 6217,
        "Deferred income taxes expenses": "N/A",
        "The interests of minority shareholders": 68,
        "Total Cost of profits": 6285,
        "Profit after tax corporate income": 25025,
        "Volume": 9000000,
        "Close of Quarter": 15.5,
        "EPS": 4570.9,
        "Non-adjusted EPS": 8126,
        "PE": 1.9,
        "Book Price": 18.5
      }
    },
    {
      "quarter": "Q1 2014",
      "income status": {
        "Net sales": 302492,
        "Cost of goods sold": 239307,
        "Gross Profit": 63185,
        "Financial expenses": 7791,
        "Of which: Interest expense": 7791,
        "Cost of sales": 26081,
        "Enterprise cost management": 7016,
        "Total Operating Expenses": 40888,
        "Total revenue financing activities": 59,
        "Net profit from business activities": 22356,
        "Profit": 30,
        "Profit before tax": 22385,
        "Present corporate income tax expenses": 5600,
        "Deferred income taxes expenses": "N/A",
        "The interests of minority shareholders": -68,
        "Total Cost of profits": 5532,
        "Profit after tax corporate income": 16854,
        "Volume": 9000000,
        "Close of Quarter": 16.5,
        "EPS": 3735.6,
        "Non-adjusted EPS": 6641,
        "PE": 2.5,
        "Book Price": 19.8
      }
    },
    {
      "quarter": "Q4 2013",
      "income status": {
        "Net sales": 323784,
        "Cost of goods sold": 263306,
        "Gross Profit": 60478,
        "Financial expenses": 27057,
        "Of which: Interest expense": 8667,
        "Cost of sales": 4516,
        "Enterprise cost management": 10021,
        "Total Operating Expenses": 41594,
        "Total revenue financing activities": 1228,
        "Net profit from business activities": 20111,
        "Profit": 4979,
        "Profit before tax": 25090,
        "Present corporate income tax expenses": 8262,
        "Deferred income taxes expenses": "N/A",
        "The interests of minority shareholders": "N/A",
        "Total Cost of profits": 8262,
        "Profit after tax corporate income": 16828,
        "Volume": 9000000,
        "Close of Quarter": 15.0,
        "EPS": 3172.5,
        "Non-adjusted EPS": 5640,
        "PE": 2.7,
        "Book Price": 17.0
      }
    },
    {
      "quarter": "Q3 2013",
      "income status": {
        "Net sales": 337010,
        "Cost of goods sold": 257359,
        "Gross Profit": 79652,
        "Financial expenses": 9980,
        "Of which: Interest expense": 9980,
        "Cost of sales": 42795,
        "Enterprise cost management": 7890,
        "Total Operating Expenses": 60665,
        "Total revenue financing activities": 80,
        "Net profit from business activities": 19066,
        "Profit": 165,
        "Profit before tax": 19231,
        "Present corporate income tax expenses": 4806,
        "Deferred income taxes expenses": "N/A",
        "The interests of minority shareholders": "N/A",
        "Total Cost of profits": 4806,
        "Profit after tax corporate income": 14425,
        "Volume": 9000000,
        "Close of Quarter": 7.7,
        "EPS": 6635.3,
        "Non-adjusted EPS": 11796,
        "PE": 0.7,
        "Book Price": 16.5
      }
    },
    {
      "quarter": "Q2 2013",
      "income status": {
        "Net sales": 307862,
        "Cost of goods sold": 242394,
        "Gross Profit": 65468,
        "Financial expenses": 12547,
        "Of which: Interest expense": 12510,
        "Cost of sales": 30741,
        "Enterprise cost management": 8257,
        "Total Operating Expenses": 51545,
        "Total revenue financing activities": 932,
        "Net profit from business activities": 14855,
        "Profit": 696,
        "Profit before tax": 15551,
        "Present corporate income tax expenses": 3887,
        "Deferred income taxes expenses": "N/A",
        "The interests of minority shareholders": "N/A",
        "Total Cost of profits": 3887,
        "Profit after tax corporate income": 11663,
        "Volume": 9000000,
        "Close of Quarter": 7.1,
        "EPS": 6513.2,
        "Non-adjusted EPS": 11579,
        "PE": 0.6,
        "Book Price": 15.6
      }
    },
    {
      "quarter": "Q1 2013",
      "income status": {
        "Net sales": 292919,
        "Cost of goods sold": 232962,
        "Gross Profit": 59957,
        "Financial expenses": 15314,
        "Of which: Interest expense": 15314,
        "Cost of sales": 27519,
        "Enterprise cost management": 6839,
        "Total Operating Expenses": 49672,
        "Total revenue financing activities": 68,
        "Net profit from business activities": 10353,
        "Profit": 131,
        "Profit before tax": 10484,
        "Present corporate income tax expenses": 2643,
        "Deferred income taxes expenses": "N/A",
        "The interests of minority shareholders": "N/A",
        "Total Cost of profits": 2643,
        "Profit after tax corporate income": 7841,
        "Volume": 9000000,
        "Close of Quarter": 7.9,
        "EPS": 5744.3,
        "Non-adjusted EPS": 10212,
        "PE": 0.8,
        "Book Price": 14.9
      }
    },
    {
      "quarter": "Q4 2012",
      "income status": {
        "Net sales": 347204,
        "Cost of goods sold": 227403,
        "Gross Profit": 119801,
        "Financial expenses": 16964,
        "Of which: Interest expense": "N/A",
        "Cost of sales": 22040,
        "Enterprise cost management": 9316,
        "Total Operating Expenses": 48320,
        "Total revenue financing activities": 282,
        "Net profit from business activities": 71763,
        "Profit": 1081,
        "Profit before tax": 72844,
        "Present corporate income tax expenses": 607,
        "Deferred income taxes expenses": "N/A",
        "The interests of minority shareholders": "N/A",
        "Total Cost of profits": 607,
        "Profit after tax corporate income": 72237,
        "Volume": 9000000,
        "Close of Quarter": 5.4,
        "EPS": 5.1,
        "Non-adjusted EPS": 9,
        "PE": 604.4,
        "Book Price": 14.3
      }
    },
    {
      "quarter": "Q3 2012",
      "income status": {
        "Net sales": 317693,
        "Cost of goods sold": 250192,
        "Gross Profit": 67501,
        "Financial expenses": 19829,
        "Of which: Interest expense": "N/A",
        "Cost of sales": 28328,
        "Enterprise cost management": 6867,
        "Total Operating Expenses": 55024,
        "Total revenue financing activities": 54,
        "Net profit from business activities": 12531,
        "Profit": -59,
        "Profit before tax": 12473,
        "Present corporate income tax expenses": "N/A",
        "Deferred income taxes expenses": "N/A",
        "The interests of minority shareholders": "N/A",
        "Total Cost of profits": 0,
        "Profit after tax corporate income": 12473,
        "Volume": 9000000,
        "Close of Quarter": 9.5,
        "EPS": -2970,
        "Non-adjusted EPS": -5280,
        "PE": -1.8,
        "Book Price": 9.8
      }
    },
    {
      "quarter": "Q2 2012",
      "income status": {
        "Net sales": 303233,
        "Cost of goods sold": 246624,
        "Gross Profit": 56610,
        "Financial expenses": 25796,
        "Of which: Interest expense": 25716,
        "Cost of sales": 20779,
        "Enterprise cost management": 7949,
        "Total Operating Expenses": 54524,
        "Total revenue financing activities": -1030,
        "Net profit from business activities": 1056,
        "Profit": -1697,
        "Profit before tax": -642,
        "Present corporate income tax expenses": "N/A",
        "Deferred income taxes expenses": "N/A",
        "The interests of minority shareholders": "N/A",
        "Total Cost of profits": 0,
        "Profit after tax corporate income": -642,
        "Volume": 9000000,
        "Close of Quarter": 9.3,
        "EPS": -2407.5,
        "Non-adjusted EPS": -4280,
        "PE": -2.2,
        "Book Price": 9.3
      }
    },
    {
      "quarter": "Q1 2012",
      "income status": {
        "Net sales": 260063,
        "Cost of goods sold": 291884,
        "Gross Profit": -31821,
        "Financial expenses": 27285,
        "Of which: Interest expense": 27249,
        "Cost of sales": 18605,
        "Enterprise cost management": 7863,
        "Total Operating Expenses": 53753,
        "Total revenue financing activities": 1574,
        "Net profit from business activities": -84000,
        "Profit": 14,
        "Profit before tax": -83985,
        "Present corporate income tax expenses": "N/A",
        "Deferred income taxes expenses": "N/A",
        "The interests of minority shareholders": "N/A",
        "Total Cost of profits": 0,
        "Profit after tax corporate income": -83985,
        "Volume": 9000000,
        "Close of Quarter": 10.4,
        "EPS": -1675.1,
        "Non-adjusted EPS": -2978,
        "PE": -3.5,
        "Book Price": 9.3
      }
    },
    {
      "quarter": "Q4 2011",
      "income status": {
        "Net sales": 353710,
        "Cost of goods sold": 297550,
        "Gross Profit": 56160,
        "Financial expenses": 14045,
        "Of which: Interest expense": 14045,
        "Cost of sales": 15400,
        "Enterprise cost management": 7044,
        "Total Operating Expenses": 36489,
        "Total revenue financing activities": 249,
        "Net profit from business activities": 19920,
        "Profit": 4715,
        "Profit before tax": 43310,
        "Present corporate income tax expenses": "N/A",
        "Deferred income taxes expenses": "N/A",
        "The interests of minority shareholders": "N/A",
        "Total Cost of profits": 0,
        "Profit after tax corporate income": 24635,
        "Volume": 9000000,
        "Close of Quarter": 15.8,
        "EPS": 3886.9,
        "Non-adjusted EPS": 6910,
        "PE": 2.3,
        "Book Price": 16.8
      }
    },
    {
      "quarter": "Q3 2011",
      "income status": {
        "Net sales": 366822,
        "Cost of goods sold": 287904,
        "Gross Profit": 78919,
        "Financial expenses": 21843,
        "Of which: Interest expense": 21843,
        "Cost of sales": 27687,
        "Enterprise cost management": 8903,
        "Total Operating Expenses": 58433,
        "Total revenue financing activities": 183,
        "Net profit from business activities": 20669,
        "Profit": 808,
        "Profit before tax": 21476,
        "Present corporate income tax expenses": "N/A",
        "Deferred income taxes expenses": "N/A",
        "The interests of minority shareholders": "N/A",
        "Total Cost of profits": 0,
        "Profit after tax corporate income": 21476,
        "Volume": 9000000,
        "Close of Quarter": 15.0,
        "EPS": 4227.2,
        "Non-adjusted EPS": 7515,
        "PE": 2.0,
        "Book Price": 15.8
      }
    },
    {
      "quarter": "Q2 2011",
      "income status": {
        "Net sales": 334071,
        "Cost of goods sold": 247350,
        "Gross Profit": 86721,
        "Financial expenses": 21449,
        "Of which: Interest expense": 21449,
        "Cost of sales": 37352,
        "Enterprise cost management": 9030,
        "Total Operating Expenses": 67831,
        "Total revenue financing activities": 998,
        "Net profit from business activities": 19889,
        "Profit": -2991,
        "Profit before tax": 16898,
        "Present corporate income tax expenses": 5828,
        "Deferred income taxes expenses": "N/A",
        "The interests of minority shareholders": "N/A",
        "Total Cost of profits": 5828,
        "Profit after tax corporate income": 11070,
        "Volume": 9000000,
        "Close of Quarter": 16.3,
        "EPS": 4818.9,
        "Non-adjusted EPS": 8567,
        "PE": 1.9,
        "Book Price": 15.3
      }
    },
    {
      "quarter": "Q1 2011",
      "income status": {
        "Net sales": 256045,
        "Cost of goods sold": 201220,
        "Gross Profit": 54826,
        "Financial expenses": 14407,
        "Of which: Interest expense": "N/A",
        "Cost of sales": 27393,
        "Enterprise cost management": 8419,
        "Total Operating Expenses": 50219,
        "Total revenue financing activities": 275,
        "Net profit from business activities": 4882,
        "Profit": 128,
        "Profit before tax": 5010,
        "Present corporate income tax expenses": "N/A",
        "Deferred income taxes expenses": "N/A",
        "The interests of minority shareholders": "N/A",
        "Total Cost of profits": 0,
        "Profit after tax corporate income": 5010,
        "Volume": 9000000,
        "Close of Quarter": 19.2,
        "EPS": 5406.8,
        "Non-adjusted EPS": 9612,
        "PE": 2,
        "Book Price": 16.2
      }
    }
  ]
}