{
  "ticker": "CZC",
  "data": [
    {
      "quarter": "Q2 2015",
      "income status": {
        "Net sales": 136993,
        "Cost of goods sold": 118283,
        "Gross Profit": 18710,
        "Financial expenses": 237,
        "Of which: Interest expense": "N/A",
        "Cost of sales": 7894,
        "Enterprise cost management": 8744,
        "Total Operating Expenses": 16875,
        "Total revenue financing activities": 6,
        "Net profit from business activities": 1841,
        "Profit": -52,
        "Profit before tax": 1789,
        "Present corporate income tax expenses": 394,
        "Deferred income taxes expenses": "N/A",
        "The interests of minority shareholders": "N/A",
        "Total Cost of profits": 394,
        "Profit after tax corporate income": 1395,
        "Volume": 2667900,
        "Close of Quarter": 4.2,
        "EPS": 2146,
        "Non-adjusted EPS": 2146,
        "PE": 2.0,
        "Book Price": 26.5
      }
    },
    {
      "quarter": "Q1 2015",
      "income status": {
        "Net sales": 135098,
        "Cost of goods sold": 122489,
        "Gross Profit": 12609,
        "Financial expenses": 326,
        "Of which: Interest expense": "N/A",
        "Cost of sales": 7611,
        "Enterprise cost management": 5015,
        "Total Operating Expenses": 12952,
        "Total revenue financing activities": 411,
        "Net profit from business activities": 67,
        "Profit": 1794,
        "Profit before tax": 1861,
        "Present corporate income tax expenses": 409,
        "Deferred income taxes expenses": "N/A",
        "The interests of minority shareholders": "N/A",
        "Total Cost of profits": 409,
        "Profit after tax corporate income": 1452,
        "Volume": 2667900,
        "Close of Quarter": 7.4,
        "EPS": 3195,
        "Non-adjusted EPS": 3195,
        "PE": 2.3,
        "Book Price": "N/A"
      }
    },
    {
      "quarter": "Q2 2014",
      "income status": {
        "Net sales": 167304,
        "Cost of goods sold": 150322,
        "Gross Profit": 16982,
        "Financial expenses": 617,
        "Of which: Interest expense": "N/A",
        "Cost of sales": 11022,
        "Enterprise cost management": 4056,
        "Total Operating Expenses": 15695,
        "Total revenue financing activities": 49,
        "Net profit from business activities": 1336,
        "Profit": 381,
        "Profit before tax": 1717,
        "Present corporate income tax expenses": 374,
        "Deferred income taxes expenses": "N/A",
        "The interests of minority shareholders": "N/A",
        "Total Cost of profits": 374,
        "Profit after tax corporate income": 1343,
        "Volume": 2667900,
        "Close of Quarter": 1.0,
        "EPS": 3306,
        "Non-adjusted EPS": 3306,
        "PE": 0.3,
        "Book Price": 26.2
      }
    },
    {
      "quarter": "Q1 2014",
      "income status": {
        "Net sales": 131569,
        "Cost of goods sold": 117945,
        "Gross Profit": 13624,
        "Financial expenses": 503,
        "Of which: Interest expense": "N/A",
        "Cost of sales": 9904,
        "Enterprise cost management": 2356,
        "Total Operating Expenses": 12763,
        "Total revenue financing activities": 5,
        "Net profit from business activities": 866,
        "Profit": 1100,
        "Profit before tax": 1966,
        "Present corporate income tax expenses": 433,
        "Deferred income taxes expenses": "N/A",
        "The interests of minority shareholders": "N/A",
        "Total Cost of profits": 433,
        "Profit after tax corporate income": 1534,
        "Volume": 2667900,
        "Close of Quarter": 1.0,
        "EPS": 4452,
        "Non-adjusted EPS": 4452,
        "PE": 0.2,
        "Book Price": "N/A"
      }
    },
    {
      "quarter": "Q2 2013",
      "income status": {
        "Net sales": 215541,
        "Cost of goods sold": 196690,
        "Gross Profit": 18851,
        "Financial expenses": 800,
        "Of which: Interest expense": 800,
        "Cost of sales": 10876,
        "Enterprise cost management": 2134,
        "Total Operating Expenses": 13810,
        "Total revenue financing activities": 540,
        "Net profit from business activities": 5581,
        "Profit": 15,
        "Profit before tax": 5596,
        "Present corporate income tax expenses": 1402,
        "Deferred income taxes expenses": "N/A",
        "The interests of minority shareholders": "N/A",
        "Total Cost of profits": 1402,
        "Profit after tax corporate income": 4194,
        "Volume": 2667900,
        "Close of Quarter": 0.3,
        "EPS": 5215,
        "Non-adjusted EPS": 5215,
        "PE": 0.1,
        "Book Price": 26.6
      }
    },
    {
      "quarter": "Q1 2013",
      "income status": {
        "Net sales": 163786,
        "Cost of goods sold": 148543,
        "Gross Profit": 15242,
        "Financial expenses": 989,
        "Of which: Interest expense": 989,
        "Cost of sales": 10139,
        "Enterprise cost management": 2352,
        "Total Operating Expenses": 13480,
        "Total revenue financing activities": 209,
        "Net profit from business activities": 1971,
        "Profit": 363,
        "Profit before tax": 2334,
        "Present corporate income tax expenses": 583,
        "Deferred income taxes expenses": "N/A",
        "The interests of minority shareholders": "N/A",
        "Total Cost of profits": 583,
        "Profit after tax corporate income": 1750,
        "Volume": 2667900,
        "Close of Quarter": 0.3,
        "EPS": 3643,
        "Non-adjusted EPS": 3643,
        "PE": 0.1,
        "Book Price": "N/A"
      }
    },
    {
      "quarter": "Q2 2012",
      "income status": {
        "Net sales": 332816,
        "Cost of goods sold": 304249,
        "Gross Profit": 28566,
        "Financial expenses": 3367,
        "Of which: Interest expense": 3367,
        "Cost of sales": 18100,
        "Enterprise cost management": 2576,
        "Total Operating Expenses": 24043,
        "Total revenue financing activities": 1362,
        "Net profit from business activities": 5885,
        "Profit": -19,
        "Profit before tax": 5866,
        "Present corporate income tax expenses": 1467,
        "Deferred income taxes expenses": "N/A",
        "The interests of minority shareholders": "N/A",
        "Total Cost of profits": 1467,
        "Profit after tax corporate income": 4400,
        "Volume": 2667900,
        "Close of Quarter": 0.4,
        "EPS": 2987,
        "Non-adjusted EPS": 2987,
        "PE": 0.1,
        "Book Price": "N/A"
      }
    },
    {
      "quarter": "Q1 2012",
      "income status": {
        "Net sales": 317867,
        "Cost of goods sold": 288459,
        "Gross Profit": 29408,
        "Financial expenses": 3078,
        "Of which: Interest expense": 3078,
        "Cost of sales": 17939,
        "Enterprise cost management": 5514,
        "Total Operating Expenses": 26531,
        "Total revenue financing activities": 1883,
        "Net profit from business activities": 4760,
        "Profit": "N/A",
        "Profit before tax": 4760,
        "Present corporate income tax expenses": 1190,
        "Deferred income taxes expenses": "N/A",
        "The interests of minority shareholders": "N/A",
        "Total Cost of profits": 1190,
        "Profit after tax corporate income": 3570,
        "Volume": 2667900,
        "Close of Quarter": 0.6,
        "EPS": 1338,
        "Non-adjusted EPS": 1338,
        "PE": 0.5,
        "Book Price": "N/A"
      }
    }
  ]
}