{
  "ticker": "RAL",
  "data": [
    {
      "quarter": "Q4 2016",
      "income status": {
        "Net sales": 849673,
        "Cost of goods sold": 640585,
        "Gross Profit": 209088,
        "Financial expenses": 18078,
        "Of which: Interest expense": 11611,
        "Cost of sales": 106284,
        "Enterprise cost management": 31202,
        "Total Operating Expenses": 155564,
        "Total revenue financing activities": 4390,
        "Net profit from business activities": 57914,
        "Profit": 216,
        "Profit before tax": 58130,
        "Present corporate income tax expenses": 12769,
        "Deferred income taxes expenses": "N/A",
        "The interests of minority shareholders": "N/A",
        "Total Cost of profits": 12769,
        "Profit after tax corporate income": 45361,
        "Volume": 11500000,
        "Close of Quarter": 94.1,
        "EPS": 12892,
        "Non-adjusted EPS": 12892,
        "PE": 7.3,
        "Book Price": 53.7
      }
    },
    {
      "quarter": "Q3 2016",
      "income status": {
        "Net sales": 696945,
        "Cost of goods sold": 548327,
        "Gross Profit": 148617,
        "Financial expenses": 9912,
        "Of which: Interest expense": 10778,
        "Cost of sales": 75023,
        "Enterprise cost management": 21970,
        "Total Operating Expenses": 106905,
        "Total revenue financing activities": 2870,
        "Net profit from business activities": 44583,
        "Profit": 238,
        "Profit before tax": 44821,
        "Present corporate income tax expenses": 9250,
        "Deferred income taxes expenses": "N/A",
        "The interests of minority shareholders": "N/A",
        "Total Cost of profits": 9250,
        "Profit after tax corporate income": 35571,
        "Volume": 11500000,
        "Close of Quarter": 104.8,
        "EPS": 13093,
        "Non-adjusted EPS": 13093,
        "PE": 8,
        "Book Price": 49.7
      }
    },
    {
      "quarter": "Q2 2016",
      "income status": {
        "Net sales": 579721,
        "Cost of goods sold": 465204,
        "Gross Profit": 114517,
        "Financial expenses": 10526,
        "Of which: Interest expense": 10442,
        "Cost of sales": 41432,
        "Enterprise cost management": 22610,
        "Total Operating Expenses": 74568,
        "Total revenue financing activities": 9023,
        "Net profit from business activities": 48972,
        "Profit": -175,
        "Profit before tax": 48797,
        "Present corporate income tax expenses": 9356,
        "Deferred income taxes expenses": "N/A",
        "The interests of minority shareholders": "N/A",
        "Total Cost of profits": 9356,
        "Profit after tax corporate income": 39441,
        "Volume": 11500000,
        "Close of Quarter": 83.2,
        "EPS": 11861,
        "Non-adjusted EPS": 11861,
        "PE": 7.0,
        "Book Price": 48.6
      }
    },
    {
      "quarter": "Q1 2016",
      "income status": {
        "Net sales": 813117,
        "Cost of goods sold": 685487,
        "Gross Profit": 127630,
        "Financial expenses": 12693,
        "Of which: Interest expense": 10712,
        "Cost of sales": 58806,
        "Enterprise cost management": 21055,
        "Total Operating Expenses": 92554,
        "Total revenue financing activities": 1554,
        "Net profit from business activities": 36631,
        "Profit": 86,
        "Profit before tax": 36717,
        "Present corporate income tax expenses": 8837,
        "Deferred income taxes expenses": "N/A",
        "The interests of minority shareholders": "N/A",
        "Total Cost of profits": 8837,
        "Profit after tax corporate income": 27880,
        "Volume": 11500000,
        "Close of Quarter": 69.8,
        "EPS": 9105,
        "Non-adjusted EPS": 9105,
        "PE": 7.7,
        "Book Price": 49.4
      }
    },
    {
      "quarter": "Q4 2015",
      "income status": {
        "Net sales": 647830,
        "Cost of goods sold": 521378,
        "Gross Profit": 126452,
        "Financial expenses": -2869,
        "Of which: Interest expense": -4799,
        "Cost of sales": 57328,
        "Enterprise cost management": 18369,
        "Total Operating Expenses": 72828,
        "Total revenue financing activities": 7363,
        "Net profit from business activities": 60988,
        "Profit": 931,
        "Profit before tax": 61919,
        "Present corporate income tax expenses": 14244,
        "Deferred income taxes expenses": "N/A",
        "The interests of minority shareholders": "N/A",
        "Total Cost of profits": 14244,
        "Profit after tax corporate income": 47676,
        "Volume": 11500000,
        "Close of Quarter": 51.0,
        "EPS": 8397,
        "Non-adjusted EPS": 8397,
        "PE": 6.1,
        "Book Price": 47.2
      }
    },
    {
      "quarter": "Q3 2015",
      "income status": {
        "Net sales": 656216,
        "Cost of goods sold": 530143,
        "Gross Profit": 126072,
        "Financial expenses": 24147,
        "Of which: Interest expense": 20033,
        "Cost of sales": 55250,
        "Enterprise cost management": 23655,
        "Total Operating Expenses": 103052,
        "Total revenue financing activities": 4525,
        "Net profit from business activities": 27545,
        "Profit": 500,
        "Profit before tax": 28045,
        "Present corporate income tax expenses": 6641,
        "Deferred income taxes expenses": "N/A",
        "The interests of minority shareholders": "N/A",
        "Total Cost of profits": 6641,
        "Profit after tax corporate income": 21404,
        "Volume": 11500000,
        "Close of Quarter": 45.2,
        "EPS": 6026,
        "Non-adjusted EPS": 6026,
        "PE": 7.5,
        "Book Price": 43.1
      }
    },
    {
      "quarter": "Q2 2015",
      "income status": {
        "Net sales": 537410,
        "Cost of goods sold": 486817,
        "Gross Profit": 50592,
        "Financial expenses": 24344,
        "Of which: Interest expense": 16752,
        "Cost of sales": 7911,
        "Enterprise cost management": 22937,
        "Total Operating Expenses": 55192,
        "Total revenue financing activities": 15333,
        "Net profit from business activities": 10733,
        "Profit": 26,
        "Profit before tax": 10759,
        "Present corporate income tax expenses": 3007,
        "Deferred income taxes expenses": "N/A",
        "The interests of minority shareholders": "N/A",
        "Total Cost of profits": 3007,
        "Profit after tax corporate income": 7752,
        "Volume": 11500000,
        "Close of Quarter": 42.1,
        "EPS": 5860,
        "Non-adjusted EPS": 5860,
        "PE": 7.2,
        "Book Price": 42.7
      }
    },
    {
      "quarter": "Q1 2015",
      "income status": {
        "Net sales": 817985,
        "Cost of goods sold": 641947,
        "Gross Profit": 176038,
        "Financial expenses": 16550,
        "Of which: Interest expense": 15602,
        "Cost of sales": 97566,
        "Enterprise cost management": 37897,
        "Total Operating Expenses": 152013,
        "Total revenue financing activities": 2325,
        "Net profit from business activities": 26350,
        "Profit": 4,
        "Profit before tax": 26355,
        "Present corporate income tax expenses": 6618,
        "Deferred income taxes expenses": "N/A",
        "The interests of minority shareholders": "N/A",
        "Total Cost of profits": 6618,
        "Profit after tax corporate income": 19737,
        "Volume": 11500000,
        "Close of Quarter": 39.4,
        "EPS": 5816,
        "Non-adjusted EPS": 5816,
        "PE": 6.8,
        "Book Price": 45.6
      }
    },
    {
      "quarter": "Q4 2014",
      "income status": {
        "Net sales": 716771,
        "Cost of goods sold": 567826,
        "Gross Profit": 148945,
        "Financial expenses": 21074,
        "Of which: Interest expense": 20375,
        "Cost of sales": 87144,
        "Enterprise cost management": 26181,
        "Total Operating Expenses": 134399,
        "Total revenue financing activities": 13568,
        "Net profit from business activities": 28114,
        "Profit": -1102,
        "Profit before tax": 27012,
        "Present corporate income tax expenses": 6606,
        "Deferred income taxes expenses": "N/A",
        "The interests of minority shareholders": "N/A",
        "Total Cost of profits": 6606,
        "Profit after tax corporate income": 20406,
        "Volume": 11500000,
        "Close of Quarter": 39.0,
        "EPS": 5681,
        "Non-adjusted EPS": 5681,
        "PE": 6.9,
        "Book Price": 43.8
      }
    },
    {
      "quarter": "Q3 2014",
      "income status": {
        "Net sales": 637826,
        "Cost of goods sold": 494625,
        "Gross Profit": 143201,
        "Financial expenses": 18485,
        "Of which: Interest expense": 17299,
        "Cost of sales": 71258,
        "Enterprise cost management": 24545,
        "Total Operating Expenses": 114288,
        "Total revenue financing activities": 3028,
        "Net profit from business activities": 31942,
        "Profit": -6466,
        "Profit before tax": 25475,
        "Present corporate income tax expenses": 5981,
        "Deferred income taxes expenses": "N/A",
        "The interests of minority shareholders": "N/A",
        "Total Cost of profits": 5981,
        "Profit after tax corporate income": 19495,
        "Volume": 11500000,
        "Close of Quarter": 39.0,
        "EPS": 5388,
        "Non-adjusted EPS": 5388,
        "PE": 7.2,
        "Book Price": 42.1
      }
    },
    {
      "quarter": "Q2 2014",
      "income status": {
        "Net sales": 543781,
        "Cost of goods sold": 428451,
        "Gross Profit": 115330,
        "Financial expenses": 19620,
        "Of which: Interest expense": 15044,
        "Cost of sales": 83291,
        "Enterprise cost management": 19763,
        "Total Operating Expenses": 122674,
        "Total revenue financing activities": 14541,
        "Net profit from business activities": 7196,
        "Profit": 3226,
        "Profit before tax": 10423,
        "Present corporate income tax expenses": 3173,
        "Deferred income taxes expenses": "N/A",
        "The interests of minority shareholders": "N/A",
        "Total Cost of profits": 3173,
        "Profit after tax corporate income": 7250,
        "Volume": 11500000,
        "Close of Quarter": 36.4,
        "EPS": 5634,
        "Non-adjusted EPS": 5634,
        "PE": 6.5,
        "Book Price": 41.9
      }
    },
    {
      "quarter": "Q1 2014",
      "income status": {
        "Net sales": 701143,
        "Cost of goods sold": 563095,
        "Gross Profit": 138049,
        "Financial expenses": 14988,
        "Of which: Interest expense": 14935,
        "Cost of sales": 75058,
        "Enterprise cost management": 22182,
        "Total Operating Expenses": 112228,
        "Total revenue financing activities": 7128,
        "Net profit from business activities": 32948,
        "Profit": -7516,
        "Profit before tax": 25432,
        "Present corporate income tax expenses": 7247,
        "Deferred income taxes expenses": "N/A",
        "The interests of minority shareholders": "N/A",
        "Total Cost of profits": 7247,
        "Profit after tax corporate income": 18185,
        "Volume": 11500000,
        "Close of Quarter": 46.5,
        "EPS": 6779,
        "Non-adjusted EPS": 6779,
        "PE": 6.9,
        "Book Price": 45.2
      }
    },
    {
      "quarter": "Q4 2013",
      "income status": {
        "Net sales": 716543,
        "Cost of goods sold": 595859,
        "Gross Profit": 120684,
        "Financial expenses": 15502,
        "Of which: Interest expense": 75478,
        "Cost of sales": 74237,
        "Enterprise cost management": 22993,
        "Total Operating Expenses": 112732,
        "Total revenue financing activities": 11098,
        "Net profit from business activities": 19050,
        "Profit": 3667,
        "Profit before tax": 22716,
        "Present corporate income tax expenses": 5679,
        "Deferred income taxes expenses": "N/A",
        "The interests of minority shareholders": "N/A",
        "Total Cost of profits": 5679,
        "Profit after tax corporate income": 17037,
        "Volume": 11500000,
        "Close of Quarter": 46.9,
        "EPS": 7570,
        "Non-adjusted EPS": 7570,
        "PE": 6.2,
        "Book Price": 45.3
      }
    },
    {
      "quarter": "Q3 2013",
      "income status": {
        "Net sales": 567788,
        "Cost of goods sold": 460705,
        "Gross Profit": 107082,
        "Financial expenses": 14993,
        "Of which: Interest expense": 14949,
        "Cost of sales": 53219,
        "Enterprise cost management": 19223,
        "Total Operating Expenses": 87435,
        "Total revenue financing activities": 15703,
        "Net profit from business activities": 35351,
        "Profit": -5589,
        "Profit before tax": 29762,
        "Present corporate income tax expenses": 7441,
        "Deferred income taxes expenses": "N/A",
        "The interests of minority shareholders": "N/A",
        "Total Cost of profits": 7441,
        "Profit after tax corporate income": 22322,
        "Volume": 11500000,
        "Close of Quarter": 38.5,
        "EPS": 8201,
        "Non-adjusted EPS": 8201,
        "PE": 4.7,
        "Book Price": 43.9
      }
    },
    {
      "quarter": "Q2 2013",
      "income status": {
        "Net sales": 406252,
        "Cost of goods sold": 307284,
        "Gross Profit": 98968,
        "Financial expenses": 18927,
        "Of which: Interest expense": 17916,
        "Cost of sales": 50754,
        "Enterprise cost management": 16482,
        "Total Operating Expenses": 86163,
        "Total revenue financing activities": 14316,
        "Net profit from business activities": 27121,
        "Profit": 94,
        "Profit before tax": 27215,
        "Present corporate income tax expenses": 6804,
        "Deferred income taxes expenses": "N/A",
        "The interests of minority shareholders": "N/A",
        "Total Cost of profits": 6804,
        "Profit after tax corporate income": 20411,
        "Volume": 11500000,
        "Close of Quarter": 30.2,
        "EPS": 7120,
        "Non-adjusted EPS": 7120,
        "PE": 4.2,
        "Book Price": 43.4
      }
    },
    {
      "quarter": "Q1 2013",
      "income status": {
        "Net sales": 602646,
        "Cost of goods sold": 489085,
        "Gross Profit": 113562,
        "Financial expenses": 14739,
        "Of which: Interest expense": 14125,
        "Cost of sales": 56411,
        "Enterprise cost management": 20140,
        "Total Operating Expenses": 91290,
        "Total revenue financing activities": 14095,
        "Net profit from business activities": 36366,
        "Profit": 15,
        "Profit before tax": 36381,
        "Present corporate income tax expenses": 9095,
        "Deferred income taxes expenses": "N/A",
        "The interests of minority shareholders": "N/A",
        "Total Cost of profits": 9095,
        "Profit after tax corporate income": 27286,
        "Volume": 11500000,
        "Close of Quarter": 28.2,
        "EPS": 5891,
        "Non-adjusted EPS": 5891,
        "PE": 4.8,
        "Book Price": 44.8
      }
    },
    {
      "quarter": "Q4 2012",
      "income status": {
        "Net sales": 523475,
        "Cost of goods sold": 407346,
        "Gross Profit": 116129,
        "Financial expenses": 19127,
        "Of which: Interest expense": 19000,
        "Cost of sales": 55758,
        "Enterprise cost management": 18269,
        "Total Operating Expenses": 93154,
        "Total revenue financing activities": 15004,
        "Net profit from business activities": 37979,
        "Profit": -5590,
        "Profit before tax": 32390,
        "Present corporate income tax expenses": 8097,
        "Deferred income taxes expenses": "N/A",
        "The interests of minority shareholders": "N/A",
        "Total Cost of profits": 8097,
        "Profit after tax corporate income": 24292,
        "Volume": 11500000,
        "Close of Quarter": 19.2,
        "EPS": 6270,
        "Non-adjusted EPS": 6270,
        "PE": 3.1,
        "Book Price": 41.4
      }
    },
    {
      "quarter": "Q3 2012",
      "income status": {
        "Net sales": 506446,
        "Cost of goods sold": 401759,
        "Gross Profit": 104686,
        "Financial expenses": 19311,
        "Of which: Interest expense": 19227,
        "Cost of sales": 49192,
        "Enterprise cost management": 21866,
        "Total Operating Expenses": 90369,
        "Total revenue financing activities": 574,
        "Net profit from business activities": 14891,
        "Profit": -1705,
        "Profit before tax": 13186,
        "Present corporate income tax expenses": 3297,
        "Deferred income taxes expenses": "N/A",
        "The interests of minority shareholders": "N/A",
        "Total Cost of profits": 3297,
        "Profit after tax corporate income": 9890,
        "Volume": 11500000,
        "Close of Quarter": 19.1,
        "EPS": 6131,
        "Non-adjusted EPS": 6131,
        "PE": 3.1,
        "Book Price": 39.5
      }
    },
    {
      "quarter": "Q2 2012",
      "income status": {
        "Net sales": 415156,
        "Cost of goods sold": 316409,
        "Gross Profit": 98747,
        "Financial expenses": 25789,
        "Of which: Interest expense": 25693,
        "Cost of sales": 55805,
        "Enterprise cost management": 10201,
        "Total Operating Expenses": 91795,
        "Total revenue financing activities": 2206,
        "Net profit from business activities": 9158,
        "Profit": -787,
        "Profit before tax": 8371,
        "Present corporate income tax expenses": 2093,
        "Deferred income taxes expenses": "N/A",
        "The interests of minority shareholders": "N/A",
        "Total Cost of profits": 2093,
        "Profit after tax corporate income": 6278,
        "Volume": 11500000,
        "Close of Quarter": 23.0,
        "EPS": 5918,
        "Non-adjusted EPS": 5918,
        "PE": 3.9,
        "Book Price": 40.7
      }
    },
    {
      "quarter": "Q1 2012",
      "income status": {
        "Net sales": 614102,
        "Cost of goods sold": 470385,
        "Gross Profit": 143718,
        "Financial expenses": 25994,
        "Of which: Interest expense": 24100,
        "Cost of sales": 41962,
        "Enterprise cost management": 32543,
        "Total Operating Expenses": 100499,
        "Total revenue financing activities": 1565,
        "Net profit from business activities": 44784,
        "Profit": -2589,
        "Profit before tax": 42196,
        "Present corporate income tax expenses": 10549,
        "Deferred income taxes expenses": "N/A",
        "The interests of minority shareholders": "N/A",
        "Total Cost of profits": 10549,
        "Profit after tax corporate income": 31647,
        "Volume": 11500000,
        "Close of Quarter": 20.7,
        "EPS": 5690,
        "Non-adjusted EPS": 5690,
        "PE": 3.6,
        "Book Price": 42.5
      }
    },
    {
      "quarter": "Q4 2011",
      "income status": {
        "Net sales": 478048,
        "Cost of goods sold": 338854,
        "Gross Profit": 139194,
        "Financial expenses": 9320,
        "Of which: Interest expense": 6189,
        "Cost of sales": 49437,
        "Enterprise cost management": 42275,
        "Total Operating Expenses": 101032,
        "Total revenue financing activities": 1505,
        "Net profit from business activities": 39666,
        "Profit": -9403,
        "Profit before tax": 80639,
        "Present corporate income tax expenses": 7566,
        "Deferred income taxes expenses": "N/A",
        "The interests of minority shareholders": "N/A",
        "Total Cost of profits": 7566,
        "Profit after tax corporate income": 22697,
        "Volume": 11500000,
        "Close of Quarter": 14.5,
        "EPS": 5251,
        "Non-adjusted EPS": 5251,
        "PE": 2.8,
        "Book Price": 39
      }
    },
    {
      "quarter": "Q3 2011",
      "income status": {
        "Net sales": 405306,
        "Cost of goods sold": 297097,
        "Gross Profit": 108209,
        "Financial expenses": 29875,
        "Of which: Interest expense": 27143,
        "Cost of sales": 35646,
        "Enterprise cost management": 13952,
        "Total Operating Expenses": 79473,
        "Total revenue financing activities": 2528,
        "Net profit from business activities": 31264,
        "Profit": -21348,
        "Profit before tax": 9916,
        "Present corporate income tax expenses": 2479,
        "Deferred income taxes expenses": "N/A",
        "The interests of minority shareholders": "N/A",
        "Total Cost of profits": 2479,
        "Profit after tax corporate income": 7437,
        "Volume": 11500000,
        "Close of Quarter": 10.8,
        "EPS": 3941,
        "Non-adjusted EPS": 3941,
        "PE": 2.7,
        "Book Price": 37.8
      }
    },
    {
      "quarter": "Q2 2011",
      "income status": {
        "Net sales": 361010,
        "Cost of goods sold": 280495,
        "Gross Profit": 80515,
        "Financial expenses": 30854,
        "Of which: Interest expense": 23867,
        "Cost of sales": 33851,
        "Enterprise cost management": 19736,
        "Total Operating Expenses": 84441,
        "Total revenue financing activities": 586,
        "Net profit from business activities": -3339,
        "Profit": 8210,
        "Profit before tax": 4870,
        "Present corporate income tax expenses": 1218,
        "Deferred income taxes expenses": "N/A",
        "The interests of minority shareholders": "N/A",
        "Total Cost of profits": 1218,
        "Profit after tax corporate income": 3653,
        "Volume": 11500000,
        "Close of Quarter": 10.1,
        "EPS": 4313,
        "Non-adjusted EPS": 4313,
        "PE": 2.3,
        "Book Price": 38.6
      }
    },
    {
      "quarter": "Q1 2011",
      "income status": {
        "Net sales": 503322,
        "Cost of goods sold": 385706,
        "Gross Profit": 117616,
        "Financial expenses": 53934,
        "Of which: Interest expense": 45540,
        "Cost of sales": 35363,
        "Enterprise cost management": 14798,
        "Total Operating Expenses": 104095,
        "Total revenue financing activities": 1039,
        "Net profit from business activities": 14560,
        "Profit": 20912,
        "Profit before tax": 35472,
        "Present corporate income tax expenses": 8868,
        "Deferred income taxes expenses": "N/A",
        "The interests of minority shareholders": "N/A",
        "Total Cost of profits": 8868,
        "Profit after tax corporate income": 26604,
        "Volume": 11500000,
        "Close of Quarter": 10.7,
        "EPS": 4283,
        "Non-adjusted EPS": 4283,
        "PE": 2.5,
        "Book Price": 39.5
      }
    }
  ]
}