{
  "ticker": "HU3",
  "data": [
    {
      "quarter": "Q4 2016",
      "income status": {
        "Net sales": 154855,
        "Cost of goods sold": 137138,
        "Gross Profit": 17717,
        "Financial expenses": 5216,
        "Of which: Interest expense": 5216,
        "Cost of sales": "N/A",
        "Enterprise cost management": 10425,
        "Total Operating Expenses": 15641,
        "Total revenue financing activities": 3652,
        "Net profit from business activities": 5765,
        "Profit": -1172,
        "Profit before tax": 4593,
        "Present corporate income tax expenses": 3601,
        "Deferred income taxes expenses": "N/A",
        "The interests of minority shareholders": 245,
        "Total Cost of profits": 3846,
        "Profit after tax corporate income": 747,
        "Volume": 9999944,
        "Close of Quarter": 7.8,
        "EPS": 1533,
        "Non-adjusted EPS": 1533,
        "PE": 5.1,
        "Book Price": 18.1
      }
    },
    {
      "quarter": "Q3 2016",
      "income status": {
        "Net sales": 142849,
        "Cost of goods sold": 131010,
        "Gross Profit": 11839,
        "Financial expenses": 2903,
        "Of which: Interest expense": 2903,
        "Cost of sales": 3,
        "Enterprise cost management": 4635,
        "Total Operating Expenses": 7541,
        "Total revenue financing activities": 803,
        "Net profit from business activities": 4952,
        "Profit": -283,
        "Profit before tax": 4668,
        "Present corporate income tax expenses": 1132,
        "Deferred income taxes expenses": "N/A",
        "The interests of minority shareholders": 107,
        "Total Cost of profits": 1239,
        "Profit after tax corporate income": 3430,
        "Volume": 9999944,
        "Close of Quarter": 10.5,
        "EPS": 2095,
        "Non-adjusted EPS": 2095,
        "PE": 5.0,
        "Book Price": 18
      }
    },
    {
      "quarter": "Q2 2016",
      "income status": {
        "Net sales": 150770,
        "Cost of goods sold": 135825,
        "Gross Profit": 14946,
        "Financial expenses": 713,
        "Of which: Interest expense": 713,
        "Cost of sales": 257,
        "Enterprise cost management": 4857,
        "Total Operating Expenses": 5827,
        "Total revenue financing activities": 535,
        "Net profit from business activities": 9608,
        "Profit": -23,
        "Profit before tax": 9585,
        "Present corporate income tax expenses": 2177,
        "Deferred income taxes expenses": "N/A",
        "The interests of minority shareholders": 13,
        "Total Cost of profits": 2190,
        "Profit after tax corporate income": 7395,
        "Volume": 9999944,
        "Close of Quarter": 7.5,
        "EPS": 2155,
        "Non-adjusted EPS": 2155,
        "PE": 3.5,
        "Book Price": 17.7
      }
    },
    {
      "quarter": "Q1 2016",
      "income status": {
        "Net sales": 108851,
        "Cost of goods sold": 98051,
        "Gross Profit": 10800,
        "Financial expenses": 1022,
        "Of which: Interest expense": 1022,
        "Cost of sales": "N/A",
        "Enterprise cost management": 4804,
        "Total Operating Expenses": 5826,
        "Total revenue financing activities": 322,
        "Net profit from business activities": 5231,
        "Profit": 4,
        "Profit before tax": 5234,
        "Present corporate income tax expenses": 1221,
        "Deferred income taxes expenses": "N/A",
        "The interests of minority shareholders": 251,
        "Total Cost of profits": 1472,
        "Profit after tax corporate income": 3762,
        "Volume": 9999944,
        "Close of Quarter": 7.3,
        "EPS": 1629,
        "Non-adjusted EPS": 1629,
        "PE": 4.5,
        "Book Price": 18.2
      }
    },
    {
      "quarter": "Q4 2015",
      "income status": {
        "Net sales": 230971,
        "Cost of goods sold": 206304,
        "Gross Profit": 24668,
        "Financial expenses": 5703,
        "Of which: Interest expense": 5703,
        "Cost of sales": 15,
        "Enterprise cost management": 8657,
        "Total Operating Expenses": 14375,
        "Total revenue financing activities": 756,
        "Net profit from business activities": 10966,
        "Profit": -198,
        "Profit before tax": 10768,
        "Present corporate income tax expenses": 2875,
        "Deferred income taxes expenses": "N/A",
        "The interests of minority shareholders": 333,
        "Total Cost of profits": 3208,
        "Profit after tax corporate income": 6360,
        "Volume": 9999944,
        "Close of Quarter": 6.8,
        "EPS": 1351,
        "Non-adjusted EPS": 1351,
        "PE": 5.1,
        "Book Price": 17.7
      }
    },
    {
      "quarter": "Q3 2015",
      "income status": {
        "Net sales": 65599,
        "Cost of goods sold": 46415,
        "Gross Profit": 19184,
        "Financial expenses": 9301,
        "Of which: Interest expense": 9301,
        "Cost of sales": "N/A",
        "Enterprise cost management": 5001,
        "Total Operating Expenses": 14302,
        "Total revenue financing activities": 296,
        "Net profit from business activities": 5214,
        "Profit": 363,
        "Profit before tax": 5577,
        "Present corporate income tax expenses": 1337,
        "Deferred income taxes expenses": "N/A",
        "The interests of minority shareholders": 212,
        "Total Cost of profits": 1549,
        "Profit after tax corporate income": 4028,
        "Volume": 9999944,
        "Close of Quarter": 6.8,
        "EPS": 1534,
        "Non-adjusted EPS": 1534,
        "PE": 4.4,
        "Book Price": 17.1
      }
    },
    {
      "quarter": "Q2 2015",
      "income status": {
        "Net sales": 67503,
        "Cost of goods sold": 61674,
        "Gross Profit": 5829,
        "Financial expenses": 732,
        "Of which: Interest expense": 732,
        "Cost of sales": "N/A",
        "Enterprise cost management": 3339,
        "Total Operating Expenses": 4071,
        "Total revenue financing activities": 707,
        "Net profit from business activities": 2604,
        "Profit": 316,
        "Profit before tax": 2920,
        "Present corporate income tax expenses": 595,
        "Deferred income taxes expenses": "N/A",
        "The interests of minority shareholders": 181,
        "Total Cost of profits": 776,
        "Profit after tax corporate income": 2144,
        "Volume": 9999944,
        "Close of Quarter": 7.2,
        "EPS": 1146,
        "Non-adjusted EPS": 1146,
        "PE": 6.3,
        "Book Price": 16.9
      }
    },
    {
      "quarter": "Q1 2015",
      "income status": {
        "Net sales": 62850,
        "Cost of goods sold": 57257,
        "Gross Profit": 5594,
        "Financial expenses": 956,
        "Of which: Interest expense": 956,
        "Cost of sales": "N/A",
        "Enterprise cost management": 4305,
        "Total Operating Expenses": 5261,
        "Total revenue financing activities": 740,
        "Net profit from business activities": 990,
        "Profit": 312,
        "Profit before tax": 1302,
        "Present corporate income tax expenses": 310,
        "Deferred income taxes expenses": "N/A",
        "The interests of minority shareholders": 18,
        "Total Cost of profits": 328,
        "Profit after tax corporate income": 975,
        "Volume": 9999944,
        "Close of Quarter": 7.0,
        "EPS": 1251,
        "Non-adjusted EPS": 1251,
        "PE": 5.6,
        "Book Price": 17.5
      }
    },
    {
      "quarter": "Q4 2014",
      "income status": {
        "Net sales": 134140,
        "Cost of goods sold": 109445,
        "Gross Profit": 24696,
        "Financial expenses": 9266,
        "Of which: Interest expense": 9266,
        "Cost of sales": "N/A",
        "Enterprise cost management": 5612,
        "Total Operating Expenses": 14878,
        "Total revenue financing activities": 1023,
        "Net profit from business activities": 11218,
        "Profit": 136,
        "Profit before tax": 11354,
        "Present corporate income tax expenses": 2445,
        "Deferred income taxes expenses": "N/A",
        "The interests of minority shareholders": 719,
        "Total Cost of profits": 3164,
        "Profit after tax corporate income": 8190,
        "Volume": 9999944,
        "Close of Quarter": 7.9,
        "EPS": 1185,
        "Non-adjusted EPS": 1185,
        "PE": 6.7,
        "Book Price": 17.4
      }
    },
    {
      "quarter": "Q3 2014",
      "income status": {
        "Net sales": 82312,
        "Cost of goods sold": 76534,
        "Gross Profit": 5778,
        "Financial expenses": 2948,
        "Of which: Interest expense": 2948,
        "Cost of sales": "N/A",
        "Enterprise cost management": 3788,
        "Total Operating Expenses": 6736,
        "Total revenue financing activities": 1163,
        "Net profit from business activities": 124,
        "Profit": 209,
        "Profit before tax": 333,
        "Present corporate income tax expenses": 105,
        "Deferred income taxes expenses": "N/A",
        "The interests of minority shareholders": 73,
        "Total Cost of profits": 178,
        "Profit after tax corporate income": 155,
        "Volume": 9999944,
        "Close of Quarter": 8.4,
        "EPS": 1351,
        "Non-adjusted EPS": 1351,
        "PE": 6.2,
        "Book Price": 16.3
      }
    },
    {
      "quarter": "Q2 2014",
      "income status": {
        "Net sales": 80515,
        "Cost of goods sold": 73419,
        "Gross Profit": 7096,
        "Financial expenses": 3082,
        "Of which: Interest expense": 3082,
        "Cost of sales": "N/A",
        "Enterprise cost management": 4059,
        "Total Operating Expenses": 7141,
        "Total revenue financing activities": 3826,
        "Net profit from business activities": 4084,
        "Profit": 93,
        "Profit before tax": 4177,
        "Present corporate income tax expenses": 809,
        "Deferred income taxes expenses": 49,
        "The interests of minority shareholders": 126,
        "Total Cost of profits": 984,
        "Profit after tax corporate income": 3193,
        "Volume": 9999944,
        "Close of Quarter": 7.4,
        "EPS": 1529,
        "Non-adjusted EPS": 1529,
        "PE": 4.9,
        "Book Price": 16.3
      }
    },
    {
      "quarter": "Q1 2014",
      "income status": {
        "Net sales": 60588,
        "Cost of goods sold": 56468,
        "Gross Profit": 4120,
        "Financial expenses": 1108,
        "Of which: Interest expense": 1108,
        "Cost of sales": 22,
        "Enterprise cost management": 5424,
        "Total Operating Expenses": 6554,
        "Total revenue financing activities": 3051,
        "Net profit from business activities": 342,
        "Profit": "N/A",
        "Profit before tax": 342,
        "Present corporate income tax expenses": 201,
        "Deferred income taxes expenses": -49,
        "The interests of minority shareholders": -118,
        "Total Cost of profits": 34,
        "Profit after tax corporate income": 309,
        "Volume": 9999944,
        "Close of Quarter": 8.2,
        "EPS": 1368,
        "Non-adjusted EPS": 1368,
        "PE": 6.0,
        "Book Price": 16.9
      }
    },
    {
      "quarter": "Q4 2013",
      "income status": {
        "Net sales": 196151,
        "Cost of goods sold": 178804,
        "Gross Profit": 17347,
        "Financial expenses": 2467,
        "Of which: Interest expense": 2467,
        "Cost of sales": 98,
        "Enterprise cost management": 4754,
        "Total Operating Expenses": 7319,
        "Total revenue financing activities": 3956,
        "Net profit from business activities": 13984,
        "Profit": 114,
        "Profit before tax": 13980,
        "Present corporate income tax expenses": 3579,
        "Deferred income taxes expenses": "N/A",
        "The interests of minority shareholders": 553,
        "Total Cost of profits": 4132,
        "Profit after tax corporate income": 9849,
        "Volume": 9999944,
        "Close of Quarter": 6.3,
        "EPS": 1431,
        "Non-adjusted EPS": 1431,
        "PE": 4.4,
        "Book Price": 16
      }
    },
    {
      "quarter": "Q3 2013",
      "income status": {
        "Net sales": 67495,
        "Cost of goods sold": 63306,
        "Gross Profit": 4189,
        "Financial expenses": 2282,
        "Of which: Interest expense": 2282,
        "Cost of sales": 161,
        "Enterprise cost management": 3783,
        "Total Operating Expenses": 6226,
        "Total revenue financing activities": 3973,
        "Net profit from business activities": 1937,
        "Profit": 829,
        "Profit before tax": 2731,
        "Present corporate income tax expenses": 692,
        "Deferred income taxes expenses": "N/A",
        "The interests of minority shareholders": 104,
        "Total Cost of profits": 796,
        "Profit after tax corporate income": 1934,
        "Volume": 9999944,
        "Close of Quarter": 6.1,
        "EPS": 2195,
        "Non-adjusted EPS": 2195,
        "PE": 2.8,
        "Book Price": 16.6
      }
    },
    {
      "quarter": "Q2 2013",
      "income status": {
        "Net sales": 56397,
        "Cost of goods sold": 54422,
        "Gross Profit": 1974,
        "Financial expenses": 1130,
        "Of which: Interest expense": 1130,
        "Cost of sales": 16,
        "Enterprise cost management": 5710,
        "Total Operating Expenses": 6856,
        "Total revenue financing activities": 4384,
        "Net profit from business activities": -498,
        "Profit": 3383,
        "Profit before tax": 2700,
        "Present corporate income tax expenses": 667,
        "Deferred income taxes expenses": 7,
        "The interests of minority shareholders": 435,
        "Total Cost of profits": 1109,
        "Profit after tax corporate income": 1592,
        "Volume": 9999944,
        "Close of Quarter": 6.2,
        "EPS": 2180,
        "Non-adjusted EPS": 2180,
        "PE": 2.8,
        "Book Price": 16.4
      }
    },
    {
      "quarter": "Q1 2013",
      "income status": {
        "Net sales": 42590,
        "Cost of goods sold": 38149,
        "Gross Profit": 4442,
        "Financial expenses": 2933,
        "Of which: Interest expense": 2933,
        "Cost of sales": "N/A",
        "Enterprise cost management": 4077,
        "Total Operating Expenses": 7010,
        "Total revenue financing activities": 3726,
        "Net profit from business activities": 1157,
        "Profit": 174,
        "Profit before tax": 1331,
        "Present corporate income tax expenses": 339,
        "Deferred income taxes expenses": -7,
        "The interests of minority shareholders": 64,
        "Total Cost of profits": 396,
        "Profit after tax corporate income": 935,
        "Volume": 9999944,
        "Close of Quarter": 6.5,
        "EPS": 2104,
        "Non-adjusted EPS": 2104,
        "PE": 3.1,
        "Book Price": 16.4
      }
    },
    {
      "quarter": "Q4 2012",
      "income status": {
        "Net sales": 91465,
        "Cost of goods sold": 61288,
        "Gross Profit": 30177,
        "Financial expenses": 2137,
        "Of which: Interest expense": "N/A",
        "Cost of sales": 3388,
        "Enterprise cost management": 7213,
        "Total Operating Expenses": 12738,
        "Total revenue financing activities": 5413,
        "Net profit from business activities": 22853,
        "Profit": 1701,
        "Profit before tax": 24812,
        "Present corporate income tax expenses": 6002,
        "Deferred income taxes expenses": 654,
        "The interests of minority shareholders": 669,
        "Total Cost of profits": 7325,
        "Profit after tax corporate income": 17486,
        "Volume": 9999944,
        "Close of Quarter": 5.5,
        "EPS": 2406,
        "Non-adjusted EPS": 2406,
        "PE": 2.3,
        "Book Price": 16.3
      }
    },
    {
      "quarter": "Q3 2012",
      "income status": {
        "Net sales": 97093,
        "Cost of goods sold": 91031,
        "Gross Profit": 6061,
        "Financial expenses": 4486,
        "Of which: Interest expense": "N/A",
        "Cost of sales": "N/A",
        "Enterprise cost management": 4000,
        "Total Operating Expenses": 8486,
        "Total revenue financing activities": 4782,
        "Net profit from business activities": 2358,
        "Profit": 134,
        "Profit before tax": 2492,
        "Present corporate income tax expenses": 572,
        "Deferred income taxes expenses": -106,
        "The interests of minority shareholders": 241,
        "Total Cost of profits": 707,
        "Profit after tax corporate income": 1786,
        "Volume": 9999944,
        "Close of Quarter": 5.3,
        "EPS": 2674,
        "Non-adjusted EPS": 2674,
        "PE": 2.0,
        "Book Price": 14.5
      }
    },
    {
      "quarter": "Q2 2012",
      "income status": {
        "Net sales": 90375,
        "Cost of goods sold": 81788,
        "Gross Profit": 8587,
        "Financial expenses": 7518,
        "Of which: Interest expense": 7518,
        "Cost of sales": "N/A",
        "Enterprise cost management": 6910,
        "Total Operating Expenses": 14428,
        "Total revenue financing activities": 7296,
        "Net profit from business activities": 1454,
        "Profit": -52,
        "Profit before tax": 1402,
        "Present corporate income tax expenses": 193,
        "Deferred income taxes expenses": 31,
        "The interests of minority shareholders": 348,
        "Total Cost of profits": 572,
        "Profit after tax corporate income": 830,
        "Volume": 9999944,
        "Close of Quarter": 8,
        "EPS": 4265,
        "Non-adjusted EPS": 4265,
        "PE": 1.9,
        "Book Price": 14.3
      }
    },
    {
      "quarter": "Q1 2012",
      "income status": {
        "Net sales": 99437,
        "Cost of goods sold": 89055,
        "Gross Profit": 10383,
        "Financial expenses": 5221,
        "Of which: Interest expense": 5221,
        "Cost of sales": "N/A",
        "Enterprise cost management": 9401,
        "Total Operating Expenses": 14622,
        "Total revenue financing activities": 8367,
        "Net profit from business activities": 4126,
        "Profit": 951,
        "Profit before tax": 5078,
        "Present corporate income tax expenses": 934,
        "Deferred income taxes expenses": 148,
        "The interests of minority shareholders": 36,
        "Total Cost of profits": 1118,
        "Profit after tax corporate income": 3960,
        "Volume": 9999944,
        "Close of Quarter": 7.7,
        "EPS": 6826,
        "Non-adjusted EPS": 6826,
        "PE": 1.1,
        "Book Price": 14.1
      }
    },
    {
      "quarter": "Q4 2011",
      "income status": {
        "Net sales": 250626,
        "Cost of goods sold": 212162,
        "Gross Profit": 38464,
        "Financial expenses": "N/A",
        "Of which: Interest expense": "N/A",
        "Cost of sales": 952,
        "Enterprise cost management": 9944,
        "Total Operating Expenses": 10896,
        "Total revenue financing activities": 726,
        "Net profit from business activities": 28294,
        "Profit": 74,
        "Profit before tax": 28368,
        "Present corporate income tax expenses": 7234,
        "Deferred income taxes expenses": 279,
        "The interests of minority shareholders": 693,
        "Total Cost of profits": 8206,
        "Profit after tax corporate income": 20161,
        "Volume": 9999944,
        "Close of Quarter": 6.0,
        "EPS": 6800,
        "Non-adjusted EPS": 6800,
        "PE": 0.9,
        "Book Price": 16.7
      }
    },
    {
      "quarter": "Q3 2011",
      "income status": {
        "Net sales": 235737,
        "Cost of goods sold": 203651,
        "Gross Profit": 32086,
        "Financial expenses": "N/A",
        "Of which: Interest expense": "N/A",
        "Cost of sales": "N/A",
        "Enterprise cost management": 8264,
        "Total Operating Expenses": 8264,
        "Total revenue financing activities": 999,
        "Net profit from business activities": 24820,
        "Profit": 12,
        "Profit before tax": 24832,
        "Present corporate income tax expenses": 6341,
        "Deferred income taxes expenses": 651,
        "The interests of minority shareholders": 140,
        "Total Cost of profits": 7132,
        "Profit after tax corporate income": 17701,
        "Volume": 9999944,
        "Close of Quarter": 6.8,
        "EPS": 6166,
        "Non-adjusted EPS": 6166,
        "PE": 1.1,
        "Book Price": 14.7
      }
    },
    {
      "quarter": "Q2 2011",
      "income status": {
        "Net sales": 186509,
        "Cost of goods sold": 158965,
        "Gross Profit": 27544,
        "Financial expenses": 247859,
        "Of which: Interest expense": "N/A",
        "Cost of sales": "N/A",
        "Enterprise cost management": 242346,
        "Total Operating Expenses": 490205,
        "Total revenue financing activities": 245964,
        "Net profit from business activities": -216698,
        "Profit": 247334,
        "Profit before tax": 30636,
        "Present corporate income tax expenses": 3906,
        "Deferred income taxes expenses": 271,
        "The interests of minority shareholders": 26,
        "Total Cost of profits": 4203,
        "Profit after tax corporate income": 26433,
        "Volume": 9999944,
        "Close of Quarter": 6.5,
        "EPS": 6172,
        "Non-adjusted EPS": 6172,
        "PE": 1.1,
        "Book Price": 12.9
      }
    },
    {
      "quarter": "Q1 2011",
      "income status": {
        "Net sales": 97626,
        "Cost of goods sold": 88894,
        "Gross Profit": 8731,
        "Financial expenses": "N/A",
        "Of which: Interest expense": "N/A",
        "Cost of sales": "N/A",
        "Enterprise cost management": 5513,
        "Total Operating Expenses": 5513,
        "Total revenue financing activities": 1895,
        "Net profit from business activities": 5114,
        "Profit": 1,
        "Profit before tax": 5115,
        "Present corporate income tax expenses": 1269,
        "Deferred income taxes expenses": 9,
        "The interests of minority shareholders": 136,
        "Total Cost of profits": 1414,
        "Profit after tax corporate income": 3700,
        "Volume": 9999944,
        "Close of Quarter": 12.1,
        "EPS": 3975,
        "Non-adjusted EPS": 3975,
        "PE": 3.0,
        "Book Price": 11.9
      }
    }
  ]
}