{
  "ticker": "DNS",
  "data": [
    {
      "quarter": "Q4 2016",
      "income status": {
        "Net sales": 289811,
        "Cost of goods sold": 268671,
        "Gross Profit": 21140,
        "Financial expenses": 4063,
        "Of which: Interest expense": "N/A",
        "Cost of sales": 2641,
        "Enterprise cost management": 5983,
        "Total Operating Expenses": 12687,
        "Total revenue financing activities": 1554,
        "Net profit from business activities": 10006,
        "Profit": 3,
        "Profit before tax": 10009,
        "Present corporate income tax expenses": "N/A",
        "Deferred income taxes expenses": "N/A",
        "The interests of minority shareholders": "N/A",
        "Total Cost of profits": 0,
        "Profit after tax corporate income": 10009,
        "Volume": 21600000,
        "Close of Quarter": 11,
        "EPS": 2548,
        "Non-adjusted EPS": 2548,
        "PE": 4.3,
        "Book Price": 10.2
      }
    },
    {
      "quarter": "Q3 2016",
      "income status": {
        "Net sales": 323552,
        "Cost of goods sold": 282485,
        "Gross Profit": 41067,
        "Financial expenses": 6010,
        "Of which: Interest expense": "N/A",
        "Cost of sales": 3745,
        "Enterprise cost management": 6237,
        "Total Operating Expenses": 15992,
        "Total revenue financing activities": 3798,
        "Net profit from business activities": 28872,
        "Profit": -6,
        "Profit before tax": 28867,
        "Present corporate income tax expenses": "N/A",
        "Deferred income taxes expenses": "N/A",
        "The interests of minority shareholders": "N/A",
        "Total Cost of profits": 0,
        "Profit after tax corporate income": 28867,
        "Volume": 21600000,
        "Close of Quarter": 6.9,
        "EPS": 1561,
        "Non-adjusted EPS": 1561,
        "PE": 4.4,
        "Book Price": 9.8
      }
    },
    {
      "quarter": "Q2 2016",
      "income status": {
        "Net sales": 287300,
        "Cost of goods sold": 261016,
        "Gross Profit": 26284,
        "Financial expenses": 6543,
        "Of which: Interest expense": 8967,
        "Cost of sales": 1417,
        "Enterprise cost management": 5382,
        "Total Operating Expenses": 13342,
        "Total revenue financing activities": 1384,
        "Net profit from business activities": 14326,
        "Profit": "N/A",
        "Profit before tax": 14325,
        "Present corporate income tax expenses": "N/A",
        "Deferred income taxes expenses": "N/A",
        "The interests of minority shareholders": "N/A",
        "Total Cost of profits": 0,
        "Profit after tax corporate income": 14325,
        "Volume": 21600000,
        "Close of Quarter": 6.9,
        "EPS": -21,
        "Non-adjusted EPS": -21,
        "PE": -328.6,
        "Book Price": 8.4
      }
    },
    {
      "quarter": "Q1 2016",
      "income status": {
        "Net sales": 256290,
        "Cost of goods sold": 244383,
        "Gross Profit": 11907,
        "Financial expenses": 5037,
        "Of which: Interest expense": "N/A",
        "Cost of sales": 1404,
        "Enterprise cost management": 4350,
        "Total Operating Expenses": 10791,
        "Total revenue financing activities": 730,
        "Net profit from business activities": 1846,
        "Profit": -1,
        "Profit before tax": 1845,
        "Present corporate income tax expenses": "N/A",
        "Deferred income taxes expenses": "N/A",
        "The interests of minority shareholders": "N/A",
        "Total Cost of profits": 0,
        "Profit after tax corporate income": 1845,
        "Volume": 21600000,
        "Close of Quarter": 18.4,
        "EPS": -681,
        "Non-adjusted EPS": -681,
        "PE": -27.0,
        "Book Price": 7.8
      }
    },
    {
      "quarter": "Q4 2015",
      "income status": {
        "Net sales": 265475,
        "Cost of goods sold": 262914,
        "Gross Profit": 2561,
        "Financial expenses": 7530,
        "Of which: Interest expense": "N/A",
        "Cost of sales": 1855,
        "Enterprise cost management": 5954,
        "Total Operating Expenses": 15339,
        "Total revenue financing activities": 814,
        "Net profit from business activities": -11964,
        "Profit": 650,
        "Profit before tax": -11314,
        "Present corporate income tax expenses": "N/A",
        "Deferred income taxes expenses": "N/A",
        "The interests of minority shareholders": "N/A",
        "Total Cost of profits": 0,
        "Profit after tax corporate income": -11314,
        "Volume": 21600000,
        "Close of Quarter": 22.7,
        "EPS": -1583,
        "Non-adjusted EPS": -1583,
        "PE": -14.3,
        "Book Price": 7.7
      }
    },
    {
      "quarter": "Q3 2015",
      "income status": {
        "Net sales": 139554,
        "Cost of goods sold": 135719,
        "Gross Profit": 3835,
        "Financial expenses": 5203,
        "Of which: Interest expense": 5203,
        "Cost of sales": 661,
        "Enterprise cost management": 5202,
        "Total Operating Expenses": 11066,
        "Total revenue financing activities": 882,
        "Net profit from business activities": -6349,
        "Profit": 1031,
        "Profit before tax": -5318,
        "Present corporate income tax expenses": "N/A",
        "Deferred income taxes expenses": "N/A",
        "The interests of minority shareholders": "N/A",
        "Total Cost of profits": 0,
        "Profit after tax corporate income": -5318,
        "Volume": 21600000,
        "Close of Quarter": 16,
        "EPS": -1312,
        "Non-adjusted EPS": -1312,
        "PE": -12.2,
        "Book Price": 8.2
      }
    },
    {
      "quarter": "Q2 2015",
      "income status": {
        "Net sales": 285959,
        "Cost of goods sold": 276113,
        "Gross Profit": 9846,
        "Financial expenses": 4813,
        "Of which: Interest expense": "N/A",
        "Cost of sales": 827,
        "Enterprise cost management": 4724,
        "Total Operating Expenses": 10364,
        "Total revenue financing activities": 821,
        "Net profit from business activities": 304,
        "Profit": -223,
        "Profit before tax": 81,
        "Present corporate income tax expenses": "N/A",
        "Deferred income taxes expenses": "N/A",
        "The interests of minority shareholders": "N/A",
        "Total Cost of profits": 0,
        "Profit after tax corporate income": 81,
        "Volume": 21600000,
        "Close of Quarter": 18.9,
        "EPS": -890,
        "Non-adjusted EPS": -890,
        "PE": -21.2,
        "Book Price": 8.4
      }
    },
    {
      "quarter": "Q1 2015",
      "income status": {
        "Net sales": 222233,
        "Cost of goods sold": 229898,
        "Gross Profit": -7665,
        "Financial expenses": 4208,
        "Of which: Interest expense": 3650,
        "Cost of sales": 2782,
        "Enterprise cost management": 3738,
        "Total Operating Expenses": 10728,
        "Total revenue financing activities": 769,
        "Net profit from business activities": -17624,
        "Profit": -21,
        "Profit before tax": -17645,
        "Present corporate income tax expenses": "N/A",
        "Deferred income taxes expenses": "N/A",
        "The interests of minority shareholders": "N/A",
        "Total Cost of profits": 0,
        "Profit after tax corporate income": -17645,
        "Volume": 21600000,
        "Close of Quarter": 17.6,
        "EPS": -668,
        "Non-adjusted EPS": -668,
        "PE": -26.4,
        "Book Price": 8.4
      }
    },
    {
      "quarter": "Q4 2014",
      "income status": {
        "Net sales": 227587,
        "Cost of goods sold": 222186,
        "Gross Profit": 5401,
        "Financial expenses": 5416,
        "Of which: Interest expense": 5416,
        "Cost of sales": 4095,
        "Enterprise cost management": 5058,
        "Total Operating Expenses": 14569,
        "Total revenue financing activities": 945,
        "Net profit from business activities": -8224,
        "Profit": 2764,
        "Profit before tax": -5460,
        "Present corporate income tax expenses": "N/A",
        "Deferred income taxes expenses": "N/A",
        "The interests of minority shareholders": "N/A",
        "Total Cost of profits": 0,
        "Profit after tax corporate income": -5460,
        "Volume": 21600000,
        "Close of Quarter": 11.7,
        "EPS": 27,
        "Non-adjusted EPS": 27,
        "PE": 433.3,
        "Book Price": 9.2
      }
    },
    {
      "quarter": "Q3 2014",
      "income status": {
        "Net sales": 334293,
        "Cost of goods sold": 317451,
        "Gross Profit": 16843,
        "Financial expenses": 6541,
        "Of which: Interest expense": "N/A",
        "Cost of sales": 3897,
        "Enterprise cost management": 5629,
        "Total Operating Expenses": 16067,
        "Total revenue financing activities": 3107,
        "Net profit from business activities": 3882,
        "Profit": -77,
        "Profit before tax": 3806,
        "Present corporate income tax expenses": "N/A",
        "Deferred income taxes expenses": "N/A",
        "The interests of minority shareholders": "N/A",
        "Total Cost of profits": 0,
        "Profit after tax corporate income": 3806,
        "Volume": 21600000,
        "Close of Quarter": 8,
        "EPS": -970,
        "Non-adjusted EPS": -970,
        "PE": -8.3,
        "Book Price": 9.5
      }
    },
    {
      "quarter": "Q2 2014",
      "income status": {
        "Net sales": 358622,
        "Cost of goods sold": 340770,
        "Gross Profit": 17852,
        "Financial expenses": 5649,
        "Of which: Interest expense": 11452,
        "Cost of sales": 3784,
        "Enterprise cost management": 5836,
        "Total Operating Expenses": 15269,
        "Total revenue financing activities": 2275,
        "Net profit from business activities": 4858,
        "Profit": 11,
        "Profit before tax": 4869,
        "Present corporate income tax expenses": "N/A",
        "Deferred income taxes expenses": "N/A",
        "The interests of minority shareholders": "N/A",
        "Total Cost of profits": 0,
        "Profit after tax corporate income": 4869,
        "Volume": 21600000,
        "Close of Quarter": 10.4,
        "EPS": -1146,
        "Non-adjusted EPS": -1146,
        "PE": -9.1,
        "Book Price": 9.3
      }
    },
    {
      "quarter": "Q1 2014",
      "income status": {
        "Net sales": 220461,
        "Cost of goods sold": 211652,
        "Gross Profit": 8809,
        "Financial expenses": 6120,
        "Of which: Interest expense": "N/A",
        "Cost of sales": 3005,
        "Enterprise cost management": 4274,
        "Total Operating Expenses": 13399,
        "Total revenue financing activities": 2019,
        "Net profit from business activities": -2569,
        "Profit": -67,
        "Profit before tax": -2636,
        "Present corporate income tax expenses": "N/A",
        "Deferred income taxes expenses": "N/A",
        "The interests of minority shareholders": "N/A",
        "Total Cost of profits": 0,
        "Profit after tax corporate income": -2636,
        "Volume": 21600000,
        "Close of Quarter": 4.4,
        "EPS": -1371,
        "Non-adjusted EPS": -1371,
        "PE": -3.2,
        "Book Price": 9.1
      }
    },
    {
      "quarter": "Q4 2013",
      "income status": {
        "Net sales": 288927,
        "Cost of goods sold": 298642,
        "Gross Profit": -9714,
        "Financial expenses": 9781,
        "Of which: Interest expense": 6331,
        "Cost of sales": 4508,
        "Enterprise cost management": 4723,
        "Total Operating Expenses": 19012,
        "Total revenue financing activities": 834,
        "Net profit from business activities": -27893,
        "Profit": 893,
        "Profit before tax": -27000,
        "Present corporate income tax expenses": "N/A",
        "Deferred income taxes expenses": "N/A",
        "The interests of minority shareholders": "N/A",
        "Total Cost of profits": 0,
        "Profit after tax corporate income": -27000,
        "Volume": 21600000,
        "Close of Quarter": 4.5,
        "EPS": -1249,
        "Non-adjusted EPS": -1249,
        "PE": -3.6,
        "Book Price": 9.2
      }
    },
    {
      "quarter": "Q3 2013",
      "income status": {
        "Net sales": 142365,
        "Cost of goods sold": 132835,
        "Gross Profit": 9530,
        "Financial expenses": 3032,
        "Of which: Interest expense": 3032,
        "Cost of sales": 2518,
        "Enterprise cost management": 4894,
        "Total Operating Expenses": 10444,
        "Total revenue financing activities": 616,
        "Net profit from business activities": -297,
        "Profit": 310,
        "Profit before tax": 12,
        "Present corporate income tax expenses": "N/A",
        "Deferred income taxes expenses": "N/A",
        "The interests of minority shareholders": "N/A",
        "Total Cost of profits": 0,
        "Profit after tax corporate income": 12,
        "Volume": 21600000,
        "Close of Quarter": 4.5,
        "EPS": 1,
        "Non-adjusted EPS": 1,
        "PE": 4500,
        "Book Price": 10.5
      }
    }
  ]
}