{
  "ticker": "VC2",
  "data": [
    {
      "quarter": "Q4 2016",
      "income status": {
        "Net sales": 290478,
        "Cost of goods sold": 246678,
        "Gross Profit": 43799,
        "Financial expenses": 5077,
        "Of which: Interest expense": 4366,
        "Cost of sales": 4507,
        "Enterprise cost management": 21645,
        "Total Operating Expenses": 31229,
        "Total revenue financing activities": 566,
        "Net profit from business activities": 13136,
        "Profit": -1628,
        "Profit before tax": 11508,
        "Present corporate income tax expenses": 7386,
        "Deferred income taxes expenses": -8,
        "The interests of minority shareholders": 406,
        "Total Cost of profits": 7784,
        "Profit after tax corporate income": 3723,
        "Volume": 15000000,
        "Close of Quarter": 14.8,
        "EPS": 1020,
        "Non-adjusted EPS": 1020,
        "PE": 14.6,
        "Book Price": 18.6
      }
    },
    {
      "quarter": "Q3 2016",
      "income status": {
        "Net sales": 420979,
        "Cost of goods sold": 380380,
        "Gross Profit": 40599,
        "Financial expenses": 3656,
        "Of which: Interest expense": 3640,
        "Cost of sales": "N/A",
        "Enterprise cost management": 9219,
        "Total Operating Expenses": 12875,
        "Total revenue financing activities": 1520,
        "Net profit from business activities": 29244,
        "Profit": -14316,
        "Profit before tax": 14928,
        "Present corporate income tax expenses": 5449,
        "Deferred income taxes expenses": -8,
        "The interests of minority shareholders": 181,
        "Total Cost of profits": 5622,
        "Profit after tax corporate income": 9306,
        "Volume": 12000000,
        "Close of Quarter": 17.3,
        "EPS": 2024.8,
        "Non-adjusted EPS": 2531,
        "PE": 6.8,
        "Book Price": 18.2
      }
    },
    {
      "quarter": "Q2 2016",
      "income status": {
        "Net sales": 199527,
        "Cost of goods sold": 182992,
        "Gross Profit": 16535,
        "Financial expenses": 2821,
        "Of which: Interest expense": 2851,
        "Cost of sales": "N/A",
        "Enterprise cost management": 12483,
        "Total Operating Expenses": 15304,
        "Total revenue financing activities": 1028,
        "Net profit from business activities": 2259,
        "Profit": 290,
        "Profit before tax": 2549,
        "Present corporate income tax expenses": 803,
        "Deferred income taxes expenses": -8,
        "The interests of minority shareholders": 7,
        "Total Cost of profits": 802,
        "Profit after tax corporate income": 1747,
        "Volume": 12000000,
        "Close of Quarter": 14.8,
        "EPS": 1254.4,
        "Non-adjusted EPS": 1568,
        "PE": 9.5,
        "Book Price": 17.6
      }
    },
    {
      "quarter": "Q1 2016",
      "income status": {
        "Net sales": 118772,
        "Cost of goods sold": 106891,
        "Gross Profit": 11881,
        "Financial expenses": 2729,
        "Of which: Interest expense": 3316,
        "Cost of sales": "N/A",
        "Enterprise cost management": 8989,
        "Total Operating Expenses": 11718,
        "Total revenue financing activities": 551,
        "Net profit from business activities": 714,
        "Profit": -5,
        "Profit before tax": 710,
        "Present corporate income tax expenses": 291,
        "Deferred income taxes expenses": -8,
        "The interests of minority shareholders": -100,
        "Total Cost of profits": 183,
        "Profit after tax corporate income": 526,
        "Volume": 12000000,
        "Close of Quarter": 14.2,
        "EPS": 1112.8,
        "Non-adjusted EPS": 1391,
        "PE": 10.2,
        "Book Price": 17.4
      }
    },
    {
      "quarter": "Q4 2015",
      "income status": {
        "Net sales": 485258,
        "Cost of goods sold": 445727,
        "Gross Profit": 39531,
        "Financial expenses": 3340,
        "Of which: Interest expense": 2656,
        "Cost of sales": "N/A",
        "Enterprise cost management": 14257,
        "Total Operating Expenses": 17597,
        "Total revenue financing activities": 1924,
        "Net profit from business activities": 23858,
        "Profit": -943,
        "Profit before tax": 22915,
        "Present corporate income tax expenses": 4119,
        "Deferred income taxes expenses": -8,
        "The interests of minority shareholders": 7,
        "Total Cost of profits": 4118,
        "Profit after tax corporate income": 18796,
        "Volume": 12000000,
        "Close of Quarter": 7.8,
        "EPS": 1106.4,
        "Non-adjusted EPS": 1383,
        "PE": 5.6,
        "Book Price": 18.6
      }
    },
    {
      "quarter": "Q3 2015",
      "income status": {
        "Net sales": 61611,
        "Cost of goods sold": 53671,
        "Gross Profit": 7940,
        "Financial expenses": 1746,
        "Of which: Interest expense": 2108,
        "Cost of sales": "N/A",
        "Enterprise cost management": 8793,
        "Total Operating Expenses": 10539,
        "Total revenue financing activities": 224,
        "Net profit from business activities": -2375,
        "Profit": 214,
        "Profit before tax": -2161,
        "Present corporate income tax expenses": 100,
        "Deferred income taxes expenses": -8,
        "The interests of minority shareholders": 3,
        "Total Cost of profits": 95,
        "Profit after tax corporate income": -2256,
        "Volume": 12000000,
        "Close of Quarter": 9.3,
        "EPS": -334.4,
        "Non-adjusted EPS": -418,
        "PE": -22.2,
        "Book Price": 17.3
      }
    },
    {
      "quarter": "Q2 2015",
      "income status": {
        "Net sales": 42682,
        "Cost of goods sold": 32749,
        "Gross Profit": 9932,
        "Financial expenses": 3837,
        "Of which: Interest expense": 3823,
        "Cost of sales": "N/A",
        "Enterprise cost management": 8615,
        "Total Operating Expenses": 12452,
        "Total revenue financing activities": 2311,
        "Net profit from business activities": -208,
        "Profit": -90,
        "Profit before tax": -299,
        "Present corporate income tax expenses": 8,
        "Deferred income taxes expenses": -8,
        "The interests of minority shareholders": 79,
        "Total Cost of profits": 79,
        "Profit after tax corporate income": -377,
        "Volume": 12000000,
        "Close of Quarter": 10.3,
        "EPS": 43.2,
        "Non-adjusted EPS": 54,
        "PE": 190.2,
        "Book Price": 17.4
      }
    },
    {
      "quarter": "Q1 2015",
      "income status": {
        "Net sales": 83649,
        "Cost of goods sold": 71932,
        "Gross Profit": 11717,
        "Financial expenses": 4752,
        "Of which: Interest expense": 4752,
        "Cost of sales": "N/A",
        "Enterprise cost management": 6734,
        "Total Operating Expenses": 11486,
        "Total revenue financing activities": 167,
        "Net profit from business activities": 397,
        "Profit": 110,
        "Profit before tax": 507,
        "Present corporate income tax expenses": 140,
        "Deferred income taxes expenses": -8,
        "The interests of minority shareholders": -54,
        "Total Cost of profits": 78,
        "Profit after tax corporate income": 429,
        "Volume": 12000000,
        "Close of Quarter": 10.2,
        "EPS": 516,
        "Non-adjusted EPS": 645,
        "PE": 15.7,
        "Book Price": 17.4
      }
    },
    {
      "quarter": "Q4 2014",
      "income status": {
        "Net sales": 261073,
        "Cost of goods sold": 248320,
        "Gross Profit": 12753,
        "Financial expenses": 3187,
        "Of which: Interest expense": 3229,
        "Cost of sales": "N/A",
        "Enterprise cost management": 17762,
        "Total Operating Expenses": 20949,
        "Total revenue financing activities": 1396,
        "Net profit from business activities": -6800,
        "Profit": 1569,
        "Profit before tax": -5231,
        "Present corporate income tax expenses": -2581,
        "Deferred income taxes expenses": -13,
        "The interests of minority shareholders": 175,
        "Total Cost of profits": -2419,
        "Profit after tax corporate income": -2812,
        "Volume": 12000000,
        "Close of Quarter": 9.8,
        "EPS": 1126.4,
        "Non-adjusted EPS": 1408,
        "PE": 6.9,
        "Book Price": 18.5
      }
    },
    {
      "quarter": "Q3 2014",
      "income status": {
        "Net sales": 120667,
        "Cost of goods sold": 99936,
        "Gross Profit": 20731,
        "Financial expenses": 1901,
        "Of which: Interest expense": 2246,
        "Cost of sales": "N/A",
        "Enterprise cost management": 12318,
        "Total Operating Expenses": 14219,
        "Total revenue financing activities": 1,
        "Net profit from business activities": 6512,
        "Profit": -11,
        "Profit before tax": 6501,
        "Present corporate income tax expenses": 3168,
        "Deferred income taxes expenses": -13,
        "The interests of minority shareholders": -60,
        "Total Cost of profits": 3095,
        "Profit after tax corporate income": 3406,
        "Volume": 12000000,
        "Close of Quarter": 10.3,
        "EPS": 1601.6,
        "Non-adjusted EPS": 2002,
        "PE": 5.1,
        "Book Price": 18.6
      }
    },
    {
      "quarter": "Q2 2014",
      "income status": {
        "Net sales": 94334,
        "Cost of goods sold": 73638,
        "Gross Profit": 20696,
        "Financial expenses": 493,
        "Of which: Interest expense": 493,
        "Cost of sales": "N/A",
        "Enterprise cost management": 11774,
        "Total Operating Expenses": 12267,
        "Total revenue financing activities": 201,
        "Net profit from business activities": 8630,
        "Profit": 495,
        "Profit before tax": 9125,
        "Present corporate income tax expenses": 2376,
        "Deferred income taxes expenses": -13,
        "The interests of minority shareholders": 44,
        "Total Cost of profits": 2407,
        "Profit after tax corporate income": 6718,
        "Volume": 12000000,
        "Close of Quarter": 9.3,
        "EPS": 1602.4,
        "Non-adjusted EPS": 2003,
        "PE": 4.6,
        "Book Price": 18.5
      }
    },
    {
      "quarter": "Q1 2014",
      "income status": {
        "Net sales": 134143,
        "Cost of goods sold": 109617,
        "Gross Profit": 24526,
        "Financial expenses": 2676,
        "Of which: Interest expense": 3509,
        "Cost of sales": "N/A",
        "Enterprise cost management": 10651,
        "Total Operating Expenses": 13327,
        "Total revenue financing activities": 112,
        "Net profit from business activities": 11310,
        "Profit": 943,
        "Profit before tax": 12253,
        "Present corporate income tax expenses": 2845,
        "Deferred income taxes expenses": -40,
        "The interests of minority shareholders": -140,
        "Total Cost of profits": 2665,
        "Profit after tax corporate income": 9589,
        "Volume": 12000000,
        "Close of Quarter": 9.4,
        "EPS": 1351.2,
        "Non-adjusted EPS": 1689,
        "PE": 5.5,
        "Book Price": 18
      }
    },
    {
      "quarter": "Q4 2013",
      "income status": {
        "Net sales": 185969,
        "Cost of goods sold": 160097,
        "Gross Profit": 25872,
        "Financial expenses": 3221,
        "Of which: Interest expense": 2538,
        "Cost of sales": "N/A",
        "Enterprise cost management": 19507,
        "Total Operating Expenses": 22728,
        "Total revenue financing activities": 2806,
        "Net profit from business activities": 5950,
        "Profit": 535,
        "Profit before tax": 6485,
        "Present corporate income tax expenses": 2290,
        "Deferred income taxes expenses": 56,
        "The interests of minority shareholders": -172,
        "Total Cost of profits": 2174,
        "Profit after tax corporate income": 4310,
        "Volume": 12000000,
        "Close of Quarter": 6.2,
        "EPS": 754.4,
        "Non-adjusted EPS": 943,
        "PE": 6.6,
        "Book Price": 17.8
      }
    },
    {
      "quarter": "Q3 2013",
      "income status": {
        "Net sales": 186659,
        "Cost of goods sold": 171855,
        "Gross Profit": 14804,
        "Financial expenses": 5151,
        "Of which: Interest expense": 4745,
        "Cost of sales": "N/A",
        "Enterprise cost management": 5698,
        "Total Operating Expenses": 10849,
        "Total revenue financing activities": 563,
        "Net profit from business activities": 4518,
        "Profit": 5,
        "Profit before tax": 4523,
        "Present corporate income tax expenses": 1158,
        "Deferred income taxes expenses": -18,
        "The interests of minority shareholders": -34,
        "Total Cost of profits": 1106,
        "Profit after tax corporate income": 3417,
        "Volume": 12000000,
        "Close of Quarter": 4.7,
        "EPS": 1176,
        "Non-adjusted EPS": 1470,
        "PE": 3.2,
        "Book Price": 17.6
      }
    },
    {
      "quarter": "Q2 2013",
      "income status": {
        "Net sales": 151099,
        "Cost of goods sold": 129635,
        "Gross Profit": 21464,
        "Financial expenses": 7443,
        "Of which: Interest expense": 6247,
        "Cost of sales": "N/A",
        "Enterprise cost management": 10368,
        "Total Operating Expenses": 17811,
        "Total revenue financing activities": 576,
        "Net profit from business activities": 4229,
        "Profit": 178,
        "Profit before tax": 4407,
        "Present corporate income tax expenses": 1179,
        "Deferred income taxes expenses": 527,
        "The interests of minority shareholders": -245,
        "Total Cost of profits": 1461,
        "Profit after tax corporate income": 2946,
        "Volume": 12000000,
        "Close of Quarter": 4.2,
        "EPS": 1221.6,
        "Non-adjusted EPS": 1527,
        "PE": 2.8,
        "Book Price": 17.4
      }
    },
    {
      "quarter": "Q1 2013",
      "income status": {
        "Net sales": 74110,
        "Cost of goods sold": 60851,
        "Gross Profit": 13259,
        "Financial expenses": 4652,
        "Of which: Interest expense": 4652,
        "Cost of sales": "N/A",
        "Enterprise cost management": 8013,
        "Total Operating Expenses": 12665,
        "Total revenue financing activities": 195,
        "Net profit from business activities": 789,
        "Profit": -7,
        "Profit before tax": 782,
        "Present corporate income tax expenses": 295,
        "Deferred income taxes expenses": -57,
        "The interests of minority shareholders": -94,
        "Total Cost of profits": 144,
        "Profit after tax corporate income": 637,
        "Volume": 12000000,
        "Close of Quarter": 4.2,
        "EPS": 1409.6,
        "Non-adjusted EPS": 1762,
        "PE": 2.4,
        "Book Price": 17.1
      }
    },
    {
      "quarter": "Q4 2012",
      "income status": {
        "Net sales": 286421,
        "Cost of goods sold": 243395,
        "Gross Profit": 43026,
        "Financial expenses": 12103,
        "Of which: Interest expense": 7129,
        "Cost of sales": "N/A",
        "Enterprise cost management": 21547,
        "Total Operating Expenses": 33650,
        "Total revenue financing activities": 3444,
        "Net profit from business activities": 12820,
        "Profit": 767,
        "Profit before tax": 13587,
        "Present corporate income tax expenses": 3004,
        "Deferred income taxes expenses": -42,
        "The interests of minority shareholders": -9,
        "Total Cost of profits": 2953,
        "Profit after tax corporate income": 10634,
        "Volume": 12000000,
        "Close of Quarter": 4.7,
        "EPS": 1418.4,
        "Non-adjusted EPS": 1773,
        "PE": 2.7,
        "Book Price": "N/A"
      }
    },
    {
      "quarter": "Q3 2012",
      "income status": {
        "Net sales": 182331,
        "Cost of goods sold": 164532,
        "Gross Profit": 17799,
        "Financial expenses": 7157,
        "Of which: Interest expense": 7136,
        "Cost of sales": "N/A",
        "Enterprise cost management": 5501,
        "Total Operating Expenses": 12658,
        "Total revenue financing activities": 394,
        "Net profit from business activities": 5535,
        "Profit": -143,
        "Profit before tax": 5392,
        "Present corporate income tax expenses": 1501,
        "Deferred income taxes expenses": -62,
        "The interests of minority shareholders": -153,
        "Total Cost of profits": 1286,
        "Profit after tax corporate income": 4107,
        "Volume": 12000000,
        "Close of Quarter": 4.7,
        "EPS": 1220.8,
        "Non-adjusted EPS": 1526,
        "PE": 3.1,
        "Book Price": 17.8
      }
    },
    {
      "quarter": "Q2 2012",
      "income status": {
        "Net sales": 265953,
        "Cost of goods sold": 241746,
        "Gross Profit": 24207,
        "Financial expenses": 8694,
        "Of which: Interest expense": 8678,
        "Cost of sales": "N/A",
        "Enterprise cost management": 9357,
        "Total Operating Expenses": 18051,
        "Total revenue financing activities": 1303,
        "Net profit from business activities": 7458,
        "Profit": 45,
        "Profit before tax": 7503,
        "Present corporate income tax expenses": 1998,
        "Deferred income taxes expenses": -62,
        "The interests of minority shareholders": -201,
        "Total Cost of profits": 1735,
        "Profit after tax corporate income": 5769,
        "Volume": 12000000,
        "Close of Quarter": 6.1,
        "EPS": 1248,
        "Non-adjusted EPS": 1560,
        "PE": 3.9,
        "Book Price": 17.5
      }
    },
    {
      "quarter": "Q1 2012",
      "income status": {
        "Net sales": 142992,
        "Cost of goods sold": 130236,
        "Gross Profit": 12756,
        "Financial expenses": 7758,
        "Of which: Interest expense": 7757,
        "Cost of sales": "N/A",
        "Enterprise cost management": 8265,
        "Total Operating Expenses": 16023,
        "Total revenue financing activities": 3709,
        "Net profit from business activities": 441,
        "Profit": 123,
        "Profit before tax": 565,
        "Present corporate income tax expenses": 230,
        "Deferred income taxes expenses": -62,
        "The interests of minority shareholders": -367,
        "Total Cost of profits": -199,
        "Profit after tax corporate income": 764,
        "Volume": 8000000,
        "Close of Quarter": 7.0,
        "EPS": 1312,
        "Non-adjusted EPS": 2460,
        "PE": 2.8,
        "Book Price": 17.1
      }
    },
    {
      "quarter": "Q4 2011",
      "income status": {
        "Net sales": 275266,
        "Cost of goods sold": 253302,
        "Gross Profit": 21964,
        "Financial expenses": 9350,
        "Of which: Interest expense": 7153,
        "Cost of sales": "N/A",
        "Enterprise cost management": 14483,
        "Total Operating Expenses": 23833,
        "Total revenue financing activities": 8189,
        "Net profit from business activities": 6320,
        "Profit": 1876,
        "Profit before tax": 31609,
        "Present corporate income tax expenses": 853,
        "Deferred income taxes expenses": -71,
        "The interests of minority shareholders": -262,
        "Total Cost of profits": 520,
        "Profit after tax corporate income": 7675,
        "Volume": 8000000,
        "Close of Quarter": 7.0,
        "EPS": 1629.9,
        "Non-adjusted EPS": 3056,
        "PE": 2.3,
        "Book Price": 14.7
      }
    },
    {
      "quarter": "Q3 2011",
      "income status": {
        "Net sales": 218756,
        "Cost of goods sold": 200967,
        "Gross Profit": 17789,
        "Financial expenses": 5770,
        "Of which: Interest expense": 5768,
        "Cost of sales": "N/A",
        "Enterprise cost management": 9598,
        "Total Operating Expenses": 15368,
        "Total revenue financing activities": 4591,
        "Net profit from business activities": 7012,
        "Profit": -283,
        "Profit before tax": 6729,
        "Present corporate income tax expenses": 1147,
        "Deferred income taxes expenses": "N/A",
        "The interests of minority shareholders": 1076,
        "Total Cost of profits": 2223,
        "Profit after tax corporate income": 4506,
        "Volume": 8000000,
        "Close of Quarter": 8.3,
        "EPS": 1845.9,
        "Non-adjusted EPS": 3461,
        "PE": 2.4,
        "Book Price": 15.0
      }
    },
    {
      "quarter": "Q2 2011",
      "income status": {
        "Net sales": 193723,
        "Cost of goods sold": 167912,
        "Gross Profit": 25811,
        "Financial expenses": 6702,
        "Of which: Interest expense": 6702,
        "Cost of sales": "N/A",
        "Enterprise cost management": 13906,
        "Total Operating Expenses": 20608,
        "Total revenue financing activities": 3373,
        "Net profit from business activities": 8576,
        "Profit": 563,
        "Profit before tax": 9139,
        "Present corporate income tax expenses": 2269,
        "Deferred income taxes expenses": "N/A",
        "The interests of minority shareholders": 135,
        "Total Cost of profits": 2404,
        "Profit after tax corporate income": 6735,
        "Volume": 8000000,
        "Close of Quarter": 10.4,
        "EPS": 2238.4,
        "Non-adjusted EPS": 4197,
        "PE": 2.5,
        "Book Price": 14.8
      }
    },
    {
      "quarter": "Q1 2011",
      "income status": {
        "Net sales": 135777,
        "Cost of goods sold": 119197,
        "Gross Profit": 16579,
        "Financial expenses": 4086,
        "Of which: Interest expense": 4086,
        "Cost of sales": "N/A",
        "Enterprise cost management": 7385,
        "Total Operating Expenses": 11471,
        "Total revenue financing activities": 2294,
        "Net profit from business activities": 7402,
        "Profit": 142,
        "Profit before tax": 7544,
        "Present corporate income tax expenses": 1891,
        "Deferred income taxes expenses": "N/A",
        "The interests of minority shareholders": 119,
        "Total Cost of profits": 2010,
        "Profit after tax corporate income": 5534,
        "Volume": 8000000,
        "Close of Quarter": 13.2,
        "EPS": 2379.7,
        "Non-adjusted EPS": 4462,
        "PE": 3.0,
        "Book Price": 14.5
      }
    }
  ]
}