{
  "ticker": "TDN",
  "data": [
    {
      "quarter": "Q4 2016",
      "income status": {
        "Net sales": 375087,
        "Cost of goods sold": 325417,
        "Gross Profit": 49670,
        "Financial expenses": 7625,
        "Of which: Interest expense": 5767,
        "Cost of sales": 275,
        "Enterprise cost management": 36891,
        "Total Operating Expenses": 44791,
        "Total revenue financing activities": 779,
        "Net profit from business activities": 5659,
        "Profit": 208,
        "Profit before tax": 5867,
        "Present corporate income tax expenses": 1416,
        "Deferred income taxes expenses": "N/A",
        "The interests of minority shareholders": "N/A",
        "Total Cost of profits": 1416,
        "Profit after tax corporate income": 4450,
        "Volume": 29439097,
        "Close of Quarter": 5.1,
        "EPS": 499,
        "Non-adjusted EPS": 499,
        "PE": 10.2,
        "Book Price": 10.4
      }
    },
    {
      "quarter": "Q3 2016",
      "income status": {
        "Net sales": 568123,
        "Cost of goods sold": 513962,
        "Gross Profit": 54160,
        "Financial expenses": 5912,
        "Of which: Interest expense": 5912,
        "Cost of sales": 265,
        "Enterprise cost management": 39165,
        "Total Operating Expenses": 45342,
        "Total revenue financing activities": 23,
        "Net profit from business activities": 8842,
        "Profit": 2371,
        "Profit before tax": 11213,
        "Present corporate income tax expenses": 2073,
        "Deferred income taxes expenses": "N/A",
        "The interests of minority shareholders": "N/A",
        "Total Cost of profits": 2073,
        "Profit after tax corporate income": 9140,
        "Volume": 16000000,
        "Close of Quarter": 4.8,
        "EPS": 460.3,
        "Non-adjusted EPS": 847,
        "PE": 5.6,
        "Book Price": 10.8
      }
    },
    {
      "quarter": "Q2 2016",
      "income status": {
        "Net sales": 565395,
        "Cost of goods sold": 513152,
        "Gross Profit": 52243,
        "Financial expenses": 10936,
        "Of which: Interest expense": 6456,
        "Cost of sales": 271,
        "Enterprise cost management": 44535,
        "Total Operating Expenses": 55742,
        "Total revenue financing activities": 1169,
        "Net profit from business activities": -2330,
        "Profit": 211,
        "Profit before tax": -2119,
        "Present corporate income tax expenses": -254,
        "Deferred income taxes expenses": "N/A",
        "The interests of minority shareholders": "N/A",
        "Total Cost of profits": -254,
        "Profit after tax corporate income": -1865,
        "Volume": 16000000,
        "Close of Quarter": 5.2,
        "EPS": 472.3,
        "Non-adjusted EPS": 869,
        "PE": 6.0,
        "Book Price": 10.5
      }
    },
    {
      "quarter": "Q1 2016",
      "income status": {
        "Net sales": 570359,
        "Cost of goods sold": 527697,
        "Gross Profit": 42662,
        "Financial expenses": 6041,
        "Of which: Interest expense": 6041,
        "Cost of sales": 290,
        "Enterprise cost management": 37148,
        "Total Operating Expenses": 43479,
        "Total revenue financing activities": 10,
        "Net profit from business activities": -808,
        "Profit": 4521,
        "Profit before tax": 3713,
        "Present corporate income tax expenses": 743,
        "Deferred income taxes expenses": "N/A",
        "The interests of minority shareholders": "N/A",
        "Total Cost of profits": 743,
        "Profit after tax corporate income": 2971,
        "Volume": 16000000,
        "Close of Quarter": 4.4,
        "EPS": 565.8,
        "Non-adjusted EPS": 1041,
        "PE": 4.2,
        "Book Price": 10.7
      }
    },
    {
      "quarter": "Q4 2015",
      "income status": {
        "Net sales": 642975,
        "Cost of goods sold": 576771,
        "Gross Profit": 66204,
        "Financial expenses": 7295,
        "Of which: Interest expense": 3901,
        "Cost of sales": 317,
        "Enterprise cost management": 54665,
        "Total Operating Expenses": 62277,
        "Total revenue financing activities": 82,
        "Net profit from business activities": 4009,
        "Profit": 939,
        "Profit before tax": 4948,
        "Present corporate income tax expenses": 1644,
        "Deferred income taxes expenses": "N/A",
        "The interests of minority shareholders": "N/A",
        "Total Cost of profits": 1644,
        "Profit after tax corporate income": 3304,
        "Volume": 16000000,
        "Close of Quarter": 4.1,
        "EPS": 593.0,
        "Non-adjusted EPS": 1091,
        "PE": 3.8,
        "Book Price": 11.1
      }
    },
    {
      "quarter": "Q3 2015",
      "income status": {
        "Net sales": 580043,
        "Cost of goods sold": 528593,
        "Gross Profit": 51450,
        "Financial expenses": 7288,
        "Of which: Interest expense": 7288,
        "Cost of sales": 309,
        "Enterprise cost management": 35516,
        "Total Operating Expenses": 43113,
        "Total revenue financing activities": 11,
        "Net profit from business activities": 8348,
        "Profit": 3220,
        "Profit before tax": 11568,
        "Present corporate income tax expenses": 2076,
        "Deferred income taxes expenses": "N/A",
        "The interests of minority shareholders": "N/A",
        "Total Cost of profits": 2076,
        "Profit after tax corporate income": 9492,
        "Volume": 16000000,
        "Close of Quarter": 4.1,
        "EPS": 375.6,
        "Non-adjusted EPS": 691,
        "PE": 5.9,
        "Book Price": 10.9
      }
    },
    {
      "quarter": "Q2 2015",
      "income status": {
        "Net sales": 688008,
        "Cost of goods sold": 642764,
        "Gross Profit": 45243,
        "Financial expenses": 8583,
        "Of which: Interest expense": 7178,
        "Cost of sales": 366,
        "Enterprise cost management": 35805,
        "Total Operating Expenses": 44754,
        "Total revenue financing activities": 85,
        "Net profit from business activities": 573,
        "Profit": 840,
        "Profit before tax": 1413,
        "Present corporate income tax expenses": 520,
        "Deferred income taxes expenses": "N/A",
        "The interests of minority shareholders": "N/A",
        "Total Cost of profits": 520,
        "Profit after tax corporate income": 892,
        "Volume": 16000000,
        "Close of Quarter": 4.4,
        "EPS": 340.8,
        "Non-adjusted EPS": 627,
        "PE": 7.0,
        "Book Price": 10.5
      }
    },
    {
      "quarter": "Q1 2015",
      "income status": {
        "Net sales": 680087,
        "Cost of goods sold": 624352,
        "Gross Profit": 55735,
        "Financial expenses": 6183,
        "Of which: Interest expense": 6183,
        "Cost of sales": 361,
        "Enterprise cost management": 45709,
        "Total Operating Expenses": 52253,
        "Total revenue financing activities": 20,
        "Net profit from business activities": 3502,
        "Profit": 1199,
        "Profit before tax": 4702,
        "Present corporate income tax expenses": 940,
        "Deferred income taxes expenses": "N/A",
        "The interests of minority shareholders": "N/A",
        "Total Cost of profits": 940,
        "Profit after tax corporate income": 3761,
        "Volume": 16000000,
        "Close of Quarter": 4.8,
        "EPS": -332.1,
        "Non-adjusted EPS": -611,
        "PE": -7.8,
        "Book Price": 10.3
      }
    },
    {
      "quarter": "Q4 2014",
      "income status": {
        "Net sales": 819081,
        "Cost of goods sold": 755388,
        "Gross Profit": 63693,
        "Financial expenses": 7288,
        "Of which: Interest expense": 7288,
        "Cost of sales": 9748,
        "Enterprise cost management": 47160,
        "Total Operating Expenses": 64196,
        "Total revenue financing activities": 82,
        "Net profit from business activities": -421,
        "Profit": -2665,
        "Profit before tax": -3086,
        "Present corporate income tax expenses": "N/A",
        "Deferred income taxes expenses": "N/A",
        "The interests of minority shareholders": "N/A",
        "Total Cost of profits": 0,
        "Profit after tax corporate income": -3086,
        "Volume": 16000000,
        "Close of Quarter": 4.6,
        "EPS": -489.7,
        "Non-adjusted EPS": -901,
        "PE": -5.1,
        "Book Price": 9.5
      }
    },
    {
      "quarter": "Q3 2014",
      "income status": {
        "Net sales": 603750,
        "Cost of goods sold": 552030,
        "Gross Profit": 51720,
        "Financial expenses": 8907,
        "Of which: Interest expense": 8907,
        "Cost of sales": 292,
        "Enterprise cost management": 39982,
        "Total Operating Expenses": 49181,
        "Total revenue financing activities": 17,
        "Net profit from business activities": 2556,
        "Profit": 5901,
        "Profit before tax": 8457,
        "Present corporate income tax expenses": "N/A",
        "Deferred income taxes expenses": "N/A",
        "The interests of minority shareholders": "N/A",
        "Total Cost of profits": 0,
        "Profit after tax corporate income": 8457,
        "Volume": 16000000,
        "Close of Quarter": 4.4,
        "EPS": 1592.4,
        "Non-adjusted EPS": 2930,
        "PE": 1.5,
        "Book Price": 9.6
      }
    },
    {
      "quarter": "Q2 2014",
      "income status": {
        "Net sales": 598386,
        "Cost of goods sold": 570403,
        "Gross Profit": 27983,
        "Financial expenses": 11012,
        "Of which: Interest expense": 11012,
        "Cost of sales": 323,
        "Enterprise cost management": 36975,
        "Total Operating Expenses": 48310,
        "Total revenue financing activities": 108,
        "Net profit from business activities": -20221,
        "Profit": 1319,
        "Profit before tax": -18902,
        "Present corporate income tax expenses": "N/A",
        "Deferred income taxes expenses": "N/A",
        "The interests of minority shareholders": "N/A",
        "Total Cost of profits": 0,
        "Profit after tax corporate income": -18902,
        "Volume": 16000000,
        "Close of Quarter": 4.1,
        "EPS": 1909.3,
        "Non-adjusted EPS": 3513,
        "PE": 1.2,
        "Book Price": 9.4
      }
    },
    {
      "quarter": "Q1 2014",
      "income status": {
        "Net sales": 545207,
        "Cost of goods sold": 506725,
        "Gross Profit": 38481,
        "Financial expenses": 10338,
        "Of which: Interest expense": 10338,
        "Cost of sales": 287,
        "Enterprise cost management": 29337,
        "Total Operating Expenses": 39962,
        "Total revenue financing activities": 22,
        "Net profit from business activities": -1459,
        "Profit": 580,
        "Profit before tax": -879,
        "Present corporate income tax expenses": "N/A",
        "Deferred income taxes expenses": "N/A",
        "The interests of minority shareholders": "N/A",
        "Total Cost of profits": 0,
        "Profit after tax corporate income": -879,
        "Volume": 16000000,
        "Close of Quarter": 5.1,
        "EPS": 622.3,
        "Non-adjusted EPS": 1145,
        "PE": 4.5,
        "Book Price": 10.1
      }
    },
    {
      "quarter": "Q4 2013",
      "income status": {
        "Net sales": 819094,
        "Cost of goods sold": 654996,
        "Gross Profit": 164097,
        "Financial expenses": 12401,
        "Of which: Interest expense": 12401,
        "Cost of sales": 15181,
        "Enterprise cost management": 47342,
        "Total Operating Expenses": 74924,
        "Total revenue financing activities": 519,
        "Net profit from business activities": 89693,
        "Profit": -23034,
        "Profit before tax": 66659,
        "Present corporate income tax expenses": 8453,
        "Deferred income taxes expenses": "N/A",
        "The interests of minority shareholders": "N/A",
        "Total Cost of profits": 8453,
        "Profit after tax corporate income": 58206,
        "Volume": 16000000,
        "Close of Quarter": 3.7,
        "EPS": 468.0,
        "Non-adjusted EPS": 861,
        "PE": 4.3,
        "Book Price": 10.9
      }
    },
    {
      "quarter": "Q3 2013",
      "income status": {
        "Net sales": 551639,
        "Cost of goods sold": 491483,
        "Gross Profit": 60156,
        "Financial expenses": 13971,
        "Of which: Interest expense": 13971,
        "Cost of sales": 13087,
        "Enterprise cost management": 27900,
        "Total Operating Expenses": 54958,
        "Total revenue financing activities": 19,
        "Net profit from business activities": 5217,
        "Profit": 12570,
        "Profit before tax": 17787,
        "Present corporate income tax expenses": "N/A",
        "Deferred income taxes expenses": "N/A",
        "The interests of minority shareholders": "N/A",
        "Total Cost of profits": 0,
        "Profit after tax corporate income": 17787,
        "Volume": 16000000,
        "Close of Quarter": 3.1,
        "EPS": -302.7,
        "Non-adjusted EPS": -557,
        "PE": -5.6,
        "Book Price": 8.6
      }
    },
    {
      "quarter": "Q2 2013",
      "income status": {
        "Net sales": 645216,
        "Cost of goods sold": 643978,
        "Gross Profit": 1238,
        "Financial expenses": 16983,
        "Of which: Interest expense": 16983,
        "Cost of sales": 12810,
        "Enterprise cost management": 34131,
        "Total Operating Expenses": 63924,
        "Total revenue financing activities": 42,
        "Net profit from business activities": -62644,
        "Profit": 5843,
        "Profit before tax": -56801,
        "Present corporate income tax expenses": "N/A",
        "Deferred income taxes expenses": "N/A",
        "The interests of minority shareholders": "N/A",
        "Total Cost of profits": 0,
        "Profit after tax corporate income": -56801,
        "Volume": 16000000,
        "Close of Quarter": 4.3,
        "EPS": -1864.2,
        "Non-adjusted EPS": -3430,
        "PE": -1.3,
        "Book Price": 8.0
      }
    },
    {
      "quarter": "Q1 2013",
      "income status": {
        "Net sales": 448256,
        "Cost of goods sold": 418872,
        "Gross Profit": 29385,
        "Financial expenses": 16440,
        "Of which: Interest expense": 16392,
        "Cost of sales": 2789,
        "Enterprise cost management": 18009,
        "Total Operating Expenses": 37238,
        "Total revenue financing activities": 79,
        "Net profit from business activities": -7774,
        "Profit": 2363,
        "Profit before tax": -5411,
        "Present corporate income tax expenses": "N/A",
        "Deferred income taxes expenses": "N/A",
        "The interests of minority shareholders": "N/A",
        "Total Cost of profits": 0,
        "Profit after tax corporate income": -5411,
        "Volume": 16000000,
        "Close of Quarter": 4.5,
        "EPS": -309.8,
        "Non-adjusted EPS": -570,
        "PE": -7.9,
        "Book Price": 10
      }
    },
    {
      "quarter": "Q4 2012",
      "income status": {
        "Net sales": 835441,
        "Cost of goods sold": 723035,
        "Gross Profit": 112406,
        "Financial expenses": 17742,
        "Of which: Interest expense": 17742,
        "Cost of sales": 6076,
        "Enterprise cost management": 38365,
        "Total Operating Expenses": 62183,
        "Total revenue financing activities": 132,
        "Net profit from business activities": 50356,
        "Profit": -9335,
        "Profit before tax": 41021,
        "Present corporate income tax expenses": 5509,
        "Deferred income taxes expenses": "N/A",
        "The interests of minority shareholders": "N/A",
        "Total Cost of profits": 5509,
        "Profit after tax corporate income": 35512,
        "Volume": 16000000,
        "Close of Quarter": 4.5,
        "EPS": 646.8,
        "Non-adjusted EPS": 1190,
        "PE": 3.8,
        "Book Price": 10.8
      }
    },
    {
      "quarter": "Q3 2012",
      "income status": {
        "Net sales": 694479,
        "Cost of goods sold": 673139,
        "Gross Profit": 21340,
        "Financial expenses": 21011,
        "Of which: Interest expense": 21011,
        "Cost of sales": 5175,
        "Enterprise cost management": 27251,
        "Total Operating Expenses": 53437,
        "Total revenue financing activities": 75,
        "Net profit from business activities": -32021,
        "Profit": 772,
        "Profit before tax": -31249,
        "Present corporate income tax expenses": -3063,
        "Deferred income taxes expenses": "N/A",
        "The interests of minority shareholders": "N/A",
        "Total Cost of profits": -3063,
        "Profit after tax corporate income": -28186,
        "Volume": 16000000,
        "Close of Quarter": 4.7,
        "EPS": 2373.4,
        "Non-adjusted EPS": 4367,
        "PE": 1.1,
        "Book Price": 8.9
      }
    },
    {
      "quarter": "Q2 2012",
      "income status": {
        "Net sales": 691954,
        "Cost of goods sold": 646900,
        "Gross Profit": 45054,
        "Financial expenses": 25876,
        "Of which: Interest expense": 25876,
        "Cost of sales": 5159,
        "Enterprise cost management": 28869,
        "Total Operating Expenses": 59904,
        "Total revenue financing activities": 192,
        "Net profit from business activities": -14659,
        "Profit": 1124,
        "Profit before tax": -13535,
        "Present corporate income tax expenses": -2499,
        "Deferred income taxes expenses": "N/A",
        "The interests of minority shareholders": "N/A",
        "Total Cost of profits": -2499,
        "Profit after tax corporate income": -11037,
        "Volume": 16000000,
        "Close of Quarter": 4.4,
        "EPS": 2146.8,
        "Non-adjusted EPS": 3950,
        "PE": 1.1,
        "Book Price": 9.8
      }
    },
    {
      "quarter": "Q1 2012",
      "income status": {
        "Net sales": 885794,
        "Cost of goods sold": 794603,
        "Gross Profit": 91191,
        "Financial expenses": 26435,
        "Of which: Interest expense": 26435,
        "Cost of sales": 4499,
        "Enterprise cost management": 32811,
        "Total Operating Expenses": 63745,
        "Total revenue financing activities": 522,
        "Net profit from business activities": 27968,
        "Profit": 351,
        "Profit before tax": 28319,
        "Present corporate income tax expenses": 5562,
        "Deferred income taxes expenses": "N/A",
        "The interests of minority shareholders": "N/A",
        "Total Cost of profits": 5562,
        "Profit after tax corporate income": 22757,
        "Volume": 8000000,
        "Close of Quarter": 5.5,
        "EPS": 2901.7,
        "Non-adjusted EPS": 10678,
        "PE": 0.5,
        "Book Price": 10.3
      }
    },
    {
      "quarter": "Q4 2011",
      "income status": {
        "Net sales": 1338807,
        "Cost of goods sold": 1169092,
        "Gross Profit": 169715,
        "Financial expenses": 26339,
        "Of which: Interest expense": 26339,
        "Cost of sales": 5678,
        "Enterprise cost management": 47050,
        "Total Operating Expenses": 79067,
        "Total revenue financing activities": 394,
        "Net profit from business activities": 91043,
        "Profit": -414,
        "Profit before tax": 90628,
        "Present corporate income tax expenses": 4291,
        "Deferred income taxes expenses": "N/A",
        "The interests of minority shareholders": "N/A",
        "Total Cost of profits": 4291,
        "Profit after tax corporate income": 86338,
        "Volume": 8000000,
        "Close of Quarter": 2.5,
        "EPS": 3410.4,
        "Non-adjusted EPS": 12550,
        "PE": 0.2,
        "Book Price": 9.4
      }
    },
    {
      "quarter": "Q3 2011",
      "income status": {
        "Net sales": 656742,
        "Cost of goods sold": 632243,
        "Gross Profit": 24500,
        "Financial expenses": 25057,
        "Of which: Interest expense": 25027,
        "Cost of sales": 7201,
        "Enterprise cost management": 28168,
        "Total Operating Expenses": 60426,
        "Total revenue financing activities": 2594,
        "Net profit from business activities": -33332,
        "Profit": 817,
        "Profit before tax": -32515,
        "Present corporate income tax expenses": 2347,
        "Deferred income taxes expenses": "N/A",
        "The interests of minority shareholders": "N/A",
        "Total Cost of profits": 2347,
        "Profit after tax corporate income": -34862,
        "Volume": 8000000,
        "Close of Quarter": 3.8,
        "EPS": 1607.7,
        "Non-adjusted EPS": 5916,
        "PE": 0.6,
        "Book Price": 8.1
      }
    },
    {
      "quarter": "Q2 2011",
      "income status": {
        "Net sales": 881900,
        "Cost of goods sold": 804769,
        "Gross Profit": 77131,
        "Financial expenses": 20596,
        "Of which: Interest expense": 20134,
        "Cost of sales": 8436,
        "Enterprise cost management": 36264,
        "Total Operating Expenses": 65296,
        "Total revenue financing activities": 356,
        "Net profit from business activities": 12190,
        "Profit": 2099,
        "Profit before tax": 14289,
        "Present corporate income tax expenses": 3098,
        "Deferred income taxes expenses": "N/A",
        "The interests of minority shareholders": "N/A",
        "Total Cost of profits": 3098,
        "Profit after tax corporate income": 11191,
        "Volume": 8000000,
        "Close of Quarter": 3.8,
        "EPS": 2936.2,
        "Non-adjusted EPS": 10805,
        "PE": 0.4,
        "Book Price": 9.4
      }
    },
    {
      "quarter": "Q1 2011",
      "income status": {
        "Net sales": 812258,
        "Cost of goods sold": 709311,
        "Gross Profit": 102948,
        "Financial expenses": 21569,
        "Of which: Interest expense": 20056,
        "Cost of sales": 8185,
        "Enterprise cost management": 35343,
        "Total Operating Expenses": 65097,
        "Total revenue financing activities": 212,
        "Net profit from business activities": 38062,
        "Profit": 2400,
        "Profit before tax": 40462,
        "Present corporate income tax expenses": 2733,
        "Deferred income taxes expenses": "N/A",
        "The interests of minority shareholders": "N/A",
        "Total Cost of profits": 2733,
        "Profit after tax corporate income": 37729,
        "Volume": 8000000,
        "Close of Quarter": 3.3,
        "EPS": 2564.2,
        "Non-adjusted EPS": 9436,
        "PE": 0.4,
        "Book Price": 9.0
      }
    }
  ]
}