{
  "ticker": "SFG",
  "data": [
    {
      "quarter": "Q4 2016",
      "income status": {
        "Net sales": 668653,
        "Cost of goods sold": 606825,
        "Gross Profit": 61828,
        "Financial expenses": 6574,
        "Of which: Interest expense": 5847,
        "Cost of sales": 29223,
        "Enterprise cost management": 5048,
        "Total Operating Expenses": 40845,
        "Total revenue financing activities": 2876,
        "Net profit from business activities": 23859,
        "Profit": 4328,
        "Profit before tax": 28187,
        "Present corporate income tax expenses": 5678,
        "Deferred income taxes expenses": "N/A",
        "The interests of minority shareholders": "N/A",
        "Total Cost of profits": 5678,
        "Profit after tax corporate income": 22510,
        "Volume": 47897333,
        "Close of Quarter": 11.2,
        "EPS": 1903,
        "Non-adjusted EPS": 1903,
        "PE": 5.9,
        "Book Price": 11.8
      }
    },
    {
      "quarter": "Q3 2016",
      "income status": {
        "Net sales": 448697,
        "Cost of goods sold": 403246,
        "Gross Profit": 45452,
        "Financial expenses": 5483,
        "Of which: Interest expense": 5483,
        "Cost of sales": 18291,
        "Enterprise cost management": 4804,
        "Total Operating Expenses": 28578,
        "Total revenue financing activities": 320,
        "Net profit from business activities": 17194,
        "Profit": 1434,
        "Profit before tax": 18628,
        "Present corporate income tax expenses": 3729,
        "Deferred income taxes expenses": "N/A",
        "The interests of minority shareholders": "N/A",
        "Total Cost of profits": 3729,
        "Profit after tax corporate income": 14899,
        "Volume": 43543306,
        "Close of Quarter": 11.4,
        "EPS": 1675.5,
        "Non-adjusted EPS": 1843,
        "PE": 6.2,
        "Book Price": 11.9
      }
    },
    {
      "quarter": "Q2 2016",
      "income status": {
        "Net sales": 800904,
        "Cost of goods sold": 706528,
        "Gross Profit": 94376,
        "Financial expenses": 5562,
        "Of which: Interest expense": 5523,
        "Cost of sales": 34490,
        "Enterprise cost management": 10291,
        "Total Operating Expenses": 50343,
        "Total revenue financing activities": 327,
        "Net profit from business activities": 44360,
        "Profit": 658,
        "Profit before tax": 45018,
        "Present corporate income tax expenses": 9004,
        "Deferred income taxes expenses": "N/A",
        "The interests of minority shareholders": "N/A",
        "Total Cost of profits": 9004,
        "Profit after tax corporate income": 36014,
        "Volume": 43543306,
        "Close of Quarter": 10.7,
        "EPS": 1688.2,
        "Non-adjusted EPS": 1857,
        "PE": 5.8,
        "Book Price": 11.6
      }
    },
    {
      "quarter": "Q1 2016",
      "income status": {
        "Net sales": 431008,
        "Cost of goods sold": 399401,
        "Gross Profit": 31607,
        "Financial expenses": 6017,
        "Of which: Interest expense": 5735,
        "Cost of sales": 18197,
        "Enterprise cost management": 5549,
        "Total Operating Expenses": 29763,
        "Total revenue financing activities": 15190,
        "Net profit from business activities": 17035,
        "Profit": 1388,
        "Profit before tax": 18423,
        "Present corporate income tax expenses": 715,
        "Deferred income taxes expenses": "N/A",
        "The interests of minority shareholders": "N/A",
        "Total Cost of profits": 715,
        "Profit after tax corporate income": 17708,
        "Volume": 43543306,
        "Close of Quarter": 10.7,
        "EPS": 1543.7,
        "Non-adjusted EPS": 1698,
        "PE": 6.3,
        "Book Price": 12.5
      }
    },
    {
      "quarter": "Q4 2015",
      "income status": {
        "Net sales": 541343,
        "Cost of goods sold": 507645,
        "Gross Profit": 33699,
        "Financial expenses": 8269,
        "Of which: Interest expense": 8269,
        "Cost of sales": 14102,
        "Enterprise cost management": 1228,
        "Total Operating Expenses": 23599,
        "Total revenue financing activities": 2032,
        "Net profit from business activities": 12131,
        "Profit": 2763,
        "Profit before tax": 14894,
        "Present corporate income tax expenses": 3277,
        "Deferred income taxes expenses": "N/A",
        "The interests of minority shareholders": "N/A",
        "Total Cost of profits": 3277,
        "Profit after tax corporate income": 11618,
        "Volume": 43543306,
        "Close of Quarter": 10.4,
        "EPS": 1799.1,
        "Non-adjusted EPS": 1979,
        "PE": 5.2,
        "Book Price": 12.1
      }
    },
    {
      "quarter": "Q3 2015",
      "income status": {
        "Net sales": 568742,
        "Cost of goods sold": 514602,
        "Gross Profit": 54140,
        "Financial expenses": 7442,
        "Of which: Interest expense": 7315,
        "Cost of sales": 23058,
        "Enterprise cost management": 5704,
        "Total Operating Expenses": 36204,
        "Total revenue financing activities": 570,
        "Net profit from business activities": 18506,
        "Profit": 1419,
        "Profit before tax": 19924,
        "Present corporate income tax expenses": 4383,
        "Deferred income taxes expenses": "N/A",
        "The interests of minority shareholders": "N/A",
        "Total Cost of profits": 4383,
        "Profit after tax corporate income": 15541,
        "Volume": 43543306,
        "Close of Quarter": 10.4,
        "EPS": 1982.7,
        "Non-adjusted EPS": 2181,
        "PE": 4.8,
        "Book Price": 11.8
      }
    },
    {
      "quarter": "Q2 2015",
      "income status": {
        "Net sales": 741508,
        "Cost of goods sold": 662888,
        "Gross Profit": 78620,
        "Financial expenses": 5702,
        "Of which: Interest expense": 5532,
        "Cost of sales": 30861,
        "Enterprise cost management": 6840,
        "Total Operating Expenses": 43403,
        "Total revenue financing activities": 988,
        "Net profit from business activities": 36205,
        "Profit": 1088,
        "Profit before tax": 37293,
        "Present corporate income tax expenses": 8205,
        "Deferred income taxes expenses": "N/A",
        "The interests of minority shareholders": "N/A",
        "Total Cost of profits": 8205,
        "Profit after tax corporate income": 29089,
        "Volume": 43543306,
        "Close of Quarter": 11.3,
        "EPS": 2026.4,
        "Non-adjusted EPS": 2229,
        "PE": 5.1,
        "Book Price": 11.6
      }
    },
    {
      "quarter": "Q1 2015",
      "income status": {
        "Net sales": 476020,
        "Cost of goods sold": 421557,
        "Gross Profit": 54463,
        "Financial expenses": 6301,
        "Of which: Interest expense": 5872,
        "Cost of sales": 27147,
        "Enterprise cost management": 6675,
        "Total Operating Expenses": 40123,
        "Total revenue financing activities": 17642,
        "Net profit from business activities": 31982,
        "Profit": 1556,
        "Profit before tax": 33538,
        "Present corporate income tax expenses": 3610,
        "Deferred income taxes expenses": "N/A",
        "The interests of minority shareholders": "N/A",
        "Total Cost of profits": 3610,
        "Profit after tax corporate income": 29928,
        "Volume": 43543306,
        "Close of Quarter": 11.8,
        "EPS": 2170.9,
        "Non-adjusted EPS": 2388,
        "PE": 5.0,
        "Book Price": 13
      }
    },
    {
      "quarter": "Q4 2014",
      "income status": {
        "Net sales": 458206,
        "Cost of goods sold": 407918,
        "Gross Profit": 50288,
        "Financial expenses": 8524,
        "Of which: Interest expense": 8572,
        "Cost of sales": 16996,
        "Enterprise cost management": 5538,
        "Total Operating Expenses": 31058,
        "Total revenue financing activities": 1395,
        "Net profit from business activities": 20625,
        "Profit": 5515,
        "Profit before tax": 26140,
        "Present corporate income tax expenses": 5751,
        "Deferred income taxes expenses": "N/A",
        "The interests of minority shareholders": "N/A",
        "Total Cost of profits": 5751,
        "Profit after tax corporate income": 20389,
        "Volume": 43543306,
        "Close of Quarter": 11.5,
        "EPS": 2125.5,
        "Non-adjusted EPS": 2338,
        "PE": 4.9,
        "Book Price": 12.4
      }
    },
    {
      "quarter": "Q3 2014",
      "income status": {
        "Net sales": 551177,
        "Cost of goods sold": 477864,
        "Gross Profit": 73313,
        "Financial expenses": 8287,
        "Of which: Interest expense": 7980,
        "Cost of sales": 39112,
        "Enterprise cost management": 5490,
        "Total Operating Expenses": 52889,
        "Total revenue financing activities": 661,
        "Net profit from business activities": 21085,
        "Profit": 1537,
        "Profit before tax": 22622,
        "Present corporate income tax expenses": 4977,
        "Deferred income taxes expenses": "N/A",
        "The interests of minority shareholders": "N/A",
        "Total Cost of profits": 4977,
        "Profit after tax corporate income": 17645,
        "Volume": 43543306,
        "Close of Quarter": "N/A",
        "EPS": 1955.5,
        "Non-adjusted EPS": 2151,
        "PE": "N/A",
        "Book Price": 11.9
      }
    },
    {
      "quarter": "Q2 2014",
      "income status": {
        "Net sales": 699841,
        "Cost of goods sold": 600586,
        "Gross Profit": 99255,
        "Financial expenses": 11091,
        "Of which: Interest expense": 10972,
        "Cost of sales": 37979,
        "Enterprise cost management": 5792,
        "Total Operating Expenses": 54862,
        "Total revenue financing activities": 710,
        "Net profit from business activities": 45104,
        "Profit": 1116,
        "Profit before tax": 46219,
        "Present corporate income tax expenses": 9869,
        "Deferred income taxes expenses": 340,
        "The interests of minority shareholders": "N/A",
        "Total Cost of profits": 10209,
        "Profit after tax corporate income": 36010,
        "Volume": 43543306,
        "Close of Quarter": "N/A",
        "EPS": 2273.7,
        "Non-adjusted EPS": 2501,
        "PE": "N/A",
        "Book Price": 11.6
      }
    },
    {
      "quarter": "Q1 2014",
      "income status": {
        "Net sales": 528758,
        "Cost of goods sold": 475831,
        "Gross Profit": 52928,
        "Financial expenses": 11809,
        "Of which: Interest expense": 11809,
        "Cost of sales": 23774,
        "Enterprise cost management": 4992,
        "Total Operating Expenses": 40575,
        "Total revenue financing activities": 17335,
        "Net profit from business activities": 29687,
        "Profit": 1173,
        "Profit before tax": 30860,
        "Present corporate income tax expenses": 3081,
        "Deferred income taxes expenses": "N/A",
        "The interests of minority shareholders": "N/A",
        "Total Cost of profits": 3081,
        "Profit after tax corporate income": 27778,
        "Volume": 43543306,
        "Close of Quarter": "N/A",
        "EPS": 1521.8,
        "Non-adjusted EPS": 1674,
        "PE": "N/A",
        "Book Price": 12.8
      }
    },
    {
      "quarter": "Q4 2013",
      "income status": {
        "Net sales": 154342,
        "Cost of goods sold": 98072,
        "Gross Profit": 56269,
        "Financial expenses": 14638,
        "Of which: Interest expense": 14354,
        "Cost of sales": 17068,
        "Enterprise cost management": 14855,
        "Total Operating Expenses": 46561,
        "Total revenue financing activities": 3548,
        "Net profit from business activities": 13256,
        "Profit": 3132,
        "Profit before tax": 16388,
        "Present corporate income tax expenses": 4522,
        "Deferred income taxes expenses": -340,
        "The interests of minority shareholders": "N/A",
        "Total Cost of profits": 4182,
        "Profit after tax corporate income": 12207,
        "Volume": 43543306,
        "Close of Quarter": "N/A",
        "EPS": 942.7,
        "Non-adjusted EPS": 1037,
        "PE": "N/A",
        "Book Price": 12.2
      }
    },
    {
      "quarter": "Q3 2013",
      "income status": {
        "Net sales": 747529,
        "Cost of goods sold": 670210,
        "Gross Profit": 77319,
        "Financial expenses": 13357,
        "Of which: Interest expense": 13331,
        "Cost of sales": 19231,
        "Enterprise cost management": 6852,
        "Total Operating Expenses": 39440,
        "Total revenue financing activities": 4336,
        "Net profit from business activities": 42215,
        "Profit": 750,
        "Profit before tax": 42964,
        "Present corporate income tax expenses": 10039,
        "Deferred income taxes expenses": "N/A",
        "The interests of minority shareholders": "N/A",
        "Total Cost of profits": 10039,
        "Profit after tax corporate income": 32926,
        "Volume": 43543306,
        "Close of Quarter": "N/A",
        "EPS": 687.3,
        "Non-adjusted EPS": 756,
        "PE": "N/A",
        "Book Price": 11.9
      }
    }
  ]
}