{
  "ticker": "GMD",
  "data": [
    {
      "quarter": "Q4 2016",
      "income status": {
        "Net sales": 1044008,
        "Cost of goods sold": 786926,
        "Gross Profit": 257082,
        "Financial expenses": 49791,
        "Of which: Interest expense": 38483,
        "Cost of sales": 22507,
        "Enterprise cost management": 105213,
        "Total Operating Expenses": 177511,
        "Total revenue financing activities": 20981,
        "Net profit from business activities": 109648,
        "Profit": 4776,
        "Profit before tax": 114424,
        "Present corporate income tax expenses": 6023,
        "Deferred income taxes expenses": -348,
        "The interests of minority shareholders": 11328,
        "Total Cost of profits": 17003,
        "Profit after tax corporate income": 97421,
        "Volume": 179432281,
        "Close of Quarter": 27,
        "EPS": 2127,
        "Non-adjusted EPS": 2127,
        "PE": 12.7,
        "Book Price": 32.8
      }
    },
    {
      "quarter": "Q3 2016",
      "income status": {
        "Net sales": 907217,
        "Cost of goods sold": 673131,
        "Gross Profit": 234086,
        "Financial expenses": 51944,
        "Of which: Interest expense": 30124,
        "Cost of sales": 11468,
        "Enterprise cost management": 69122,
        "Total Operating Expenses": 132534,
        "Total revenue financing activities": 6529,
        "Net profit from business activities": 116787,
        "Profit": 7400,
        "Profit before tax": 124187,
        "Present corporate income tax expenses": 14096,
        "Deferred income taxes expenses": -285,
        "The interests of minority shareholders": 14231,
        "Total Cost of profits": 28042,
        "Profit after tax corporate income": 96146,
        "Volume": 179432281,
        "Close of Quarter": 29.3,
        "EPS": 2111,
        "Non-adjusted EPS": 2111,
        "PE": 13.9,
        "Book Price": 31.6
      }
    },
    {
      "quarter": "Q2 2016",
      "income status": {
        "Net sales": 950614,
        "Cost of goods sold": 648514,
        "Gross Profit": 302099,
        "Financial expenses": 47884,
        "Of which: Interest expense": 25774,
        "Cost of sales": 11264,
        "Enterprise cost management": 71191,
        "Total Operating Expenses": 130339,
        "Total revenue financing activities": 10802,
        "Net profit from business activities": 202762,
        "Profit": -54032,
        "Profit before tax": 148730,
        "Present corporate income tax expenses": 14054,
        "Deferred income taxes expenses": -1074,
        "The interests of minority shareholders": 16404,
        "Total Cost of profits": 29384,
        "Profit after tax corporate income": 119346,
        "Volume": 179432281,
        "Close of Quarter": 26.9,
        "EPS": 2152,
        "Non-adjusted EPS": 2152,
        "PE": 12.5,
        "Book Price": 31
      }
    },
    {
      "quarter": "Q1 2016",
      "income status": {
        "Net sales": 848339,
        "Cost of goods sold": 627516,
        "Gross Profit": 220823,
        "Financial expenses": 27493,
        "Of which: Interest expense": 26852,
        "Cost of sales": 12490,
        "Enterprise cost management": 66446,
        "Total Operating Expenses": 106429,
        "Total revenue financing activities": 16845,
        "Net profit from business activities": 144002,
        "Profit": -51119,
        "Profit before tax": 92883,
        "Present corporate income tax expenses": 9732,
        "Deferred income taxes expenses": -711,
        "The interests of minority shareholders": 15180,
        "Total Cost of profits": 24201,
        "Profit after tax corporate income": 68681,
        "Volume": 119621994,
        "Close of Quarter": 24.8,
        "EPS": 2252.0,
        "Non-adjusted EPS": 3378,
        "PE": 7.3,
        "Book Price": 31.7
      }
    },
    {
      "quarter": "Q4 2015",
      "income status": {
        "Net sales": 924955,
        "Cost of goods sold": 709958,
        "Gross Profit": 214998,
        "Financial expenses": 32727,
        "Of which: Interest expense": 28230,
        "Cost of sales": 13417,
        "Enterprise cost management": 83766,
        "Total Operating Expenses": 129910,
        "Total revenue financing activities": 12214,
        "Net profit from business activities": 101320,
        "Profit": 9725,
        "Profit before tax": 111045,
        "Present corporate income tax expenses": 6867,
        "Deferred income taxes expenses": -1192,
        "The interests of minority shareholders": 10848,
        "Total Cost of profits": 16523,
        "Profit after tax corporate income": 94522,
        "Volume": 119621994,
        "Close of Quarter": 27.0,
        "EPS": 2237.3,
        "Non-adjusted EPS": 3356,
        "PE": 8.0,
        "Book Price": 30
      }
    },
    {
      "quarter": "Q3 2015",
      "income status": {
        "Net sales": 934738,
        "Cost of goods sold": 660289,
        "Gross Profit": 274450,
        "Financial expenses": 83852,
        "Of which: Interest expense": 33312,
        "Cost of sales": 11854,
        "Enterprise cost management": 69842,
        "Total Operating Expenses": 165548,
        "Total revenue financing activities": 22077,
        "Net profit from business activities": 130978,
        "Profit": 1874,
        "Profit before tax": 132853,
        "Present corporate income tax expenses": 10764,
        "Deferred income taxes expenses": "N/A",
        "The interests of minority shareholders": 18585,
        "Total Cost of profits": 29349,
        "Profit after tax corporate income": 103504,
        "Volume": 116137994,
        "Close of Quarter": 20.7,
        "EPS": 1736.6,
        "Non-adjusted EPS": 2683,
        "PE": 7.7,
        "Book Price": 30.4
      }
    },
    {
      "quarter": "Q2 2015",
      "income status": {
        "Net sales": 909341,
        "Cost of goods sold": 647359,
        "Gross Profit": 261982,
        "Financial expenses": 42153,
        "Of which: Interest expense": 29093,
        "Cost of sales": 9555,
        "Enterprise cost management": 55705,
        "Total Operating Expenses": 107413,
        "Total revenue financing activities": 3178,
        "Net profit from business activities": 174743,
        "Profit": 1955,
        "Profit before tax": 176698,
        "Present corporate income tax expenses": 15511,
        "Deferred income taxes expenses": 8912,
        "The interests of minority shareholders": 14868,
        "Total Cost of profits": 39291,
        "Profit after tax corporate income": 137407,
        "Volume": 116137994,
        "Close of Quarter": 18.8,
        "EPS": 1345.6,
        "Non-adjusted EPS": 2079,
        "PE": 9.0,
        "Book Price": 28.8
      }
    },
    {
      "quarter": "Q1 2015",
      "income status": {
        "Net sales": 813316,
        "Cost of goods sold": 611600,
        "Gross Profit": 201716,
        "Financial expenses": 70425,
        "Of which: Interest expense": 27875,
        "Cost of sales": 9681,
        "Enterprise cost management": 56506,
        "Total Operating Expenses": 136612,
        "Total revenue financing activities": 14465,
        "Net profit from business activities": 79568,
        "Profit": 567,
        "Profit before tax": 80136,
        "Present corporate income tax expenses": 8654,
        "Deferred income taxes expenses": -9239,
        "The interests of minority shareholders": 14669,
        "Total Cost of profits": 14084,
        "Profit after tax corporate income": 66051,
        "Volume": 116137994,
        "Close of Quarter": 16.4,
        "EPS": 3150.2,
        "Non-adjusted EPS": 4867,
        "PE": 3.4,
        "Book Price": 29.5
      }
    },
    {
      "quarter": "Q4 2014",
      "income status": {
        "Net sales": 892367,
        "Cost of goods sold": 648649,
        "Gross Profit": 243717,
        "Financial expenses": 85696,
        "Of which: Interest expense": 22994,
        "Cost of sales": 9351,
        "Enterprise cost management": 83473,
        "Total Operating Expenses": 178520,
        "Total revenue financing activities": 22235,
        "Net profit from business activities": 87431,
        "Profit": -52335,
        "Profit before tax": 35096,
        "Present corporate income tax expenses": 21883,
        "Deferred income taxes expenses": -4564,
        "The interests of minority shareholders": 13198,
        "Total Cost of profits": 30517,
        "Profit after tax corporate income": 4579,
        "Volume": 116137994,
        "Close of Quarter": 17.5,
        "EPS": 3002.0,
        "Non-adjusted EPS": 4638,
        "PE": 3.8,
        "Book Price": 29.2
      }
    },
    {
      "quarter": "Q3 2014",
      "income status": {
        "Net sales": 741775,
        "Cost of goods sold": 585899,
        "Gross Profit": 155876,
        "Financial expenses": 29751,
        "Of which: Interest expense": 32438,
        "Cost of sales": 9858,
        "Enterprise cost management": 86921,
        "Total Operating Expenses": 126530,
        "Total revenue financing activities": 9863,
        "Net profit from business activities": 39208,
        "Profit": 4882,
        "Profit before tax": 44090,
        "Present corporate income tax expenses": 4751,
        "Deferred income taxes expenses": "N/A",
        "The interests of minority shareholders": 5948,
        "Total Cost of profits": 10699,
        "Profit after tax corporate income": 33391,
        "Volume": 116137994,
        "Close of Quarter": 20.7,
        "EPS": 2818.8,
        "Non-adjusted EPS": 4355,
        "PE": 4.8,
        "Book Price": 28.9
      }
    },
    {
      "quarter": "Q2 2014",
      "income status": {
        "Net sales": 738183,
        "Cost of goods sold": 589787,
        "Gross Profit": 148396,
        "Financial expenses": 111626,
        "Of which: Interest expense": 26341,
        "Cost of sales": 6544,
        "Enterprise cost management": 67747,
        "Total Operating Expenses": 185917,
        "Total revenue financing activities": 601190,
        "Net profit from business activities": 571747,
        "Profit": -95,
        "Profit before tax": 571652,
        "Present corporate income tax expenses": 74189,
        "Deferred income taxes expenses": 29889,
        "The interests of minority shareholders": 6403,
        "Total Cost of profits": 110481,
        "Profit after tax corporate income": 461171,
        "Volume": 114421669,
        "Close of Quarter": 19.8,
        "EPS": 2784.1,
        "Non-adjusted EPS": 4366,
        "PE": 4.5,
        "Book Price": 28.7
      }
    },
    {
      "quarter": "Q1 2014",
      "income status": {
        "Net sales": 614469,
        "Cost of goods sold": 513928,
        "Gross Profit": 100540,
        "Financial expenses": 27777,
        "Of which: Interest expense": 25744,
        "Cost of sales": 6018,
        "Enterprise cost management": 61568,
        "Total Operating Expenses": 95363,
        "Total revenue financing activities": 40023,
        "Net profit from business activities": 45201,
        "Profit": 5490,
        "Profit before tax": 50690,
        "Present corporate income tax expenses": 5176,
        "Deferred income taxes expenses": "N/A",
        "The interests of minority shareholders": 5957,
        "Total Cost of profits": 11133,
        "Profit after tax corporate income": 39558,
        "Volume": 114421669,
        "Close of Quarter": 19.9,
        "EPS": 171.5,
        "Non-adjusted EPS": 269,
        "PE": 73.9,
        "Book Price": 27.0
      }
    },
    {
      "quarter": "Q4 2013",
      "income status": {
        "Net sales": 703625,
        "Cost of goods sold": 560881,
        "Gross Profit": 142744,
        "Financial expenses": 37189,
        "Of which: Interest expense": 27842,
        "Cost of sales": 6882,
        "Enterprise cost management": 78112,
        "Total Operating Expenses": 122183,
        "Total revenue financing activities": 6767,
        "Net profit from business activities": 27329,
        "Profit": -13372,
        "Profit before tax": 13957,
        "Present corporate income tax expenses": 38593,
        "Deferred income taxes expenses": 2287,
        "The interests of minority shareholders": 1456,
        "Total Cost of profits": 42336,
        "Profit after tax corporate income": -28379,
        "Volume": 114421669,
        "Close of Quarter": 19.5,
        "EPS": 767.8,
        "Non-adjusted EPS": 1204,
        "PE": 16.2,
        "Book Price": 24.8
      }
    },
    {
      "quarter": "Q3 2013",
      "income status": {
        "Net sales": 649968,
        "Cost of goods sold": 532828,
        "Gross Profit": 117140,
        "Financial expenses": 24504,
        "Of which: Interest expense": 27243,
        "Cost of sales": 6318,
        "Enterprise cost management": 58203,
        "Total Operating Expenses": 89025,
        "Total revenue financing activities": 2709,
        "Net profit from business activities": 30826,
        "Profit": 2780,
        "Profit before tax": 33606,
        "Present corporate income tax expenses": 2189,
        "Deferred income taxes expenses": -139,
        "The interests of minority shareholders": 4337,
        "Total Cost of profits": 6387,
        "Profit after tax corporate income": 27219,
        "Volume": 114421669,
        "Close of Quarter": 14.5,
        "EPS": 1081.5,
        "Non-adjusted EPS": 1696,
        "PE": 8.6,
        "Book Price": 25
      }
    },
    {
      "quarter": "Q2 2013",
      "income status": {
        "Net sales": 608882,
        "Cost of goods sold": 498073,
        "Gross Profit": 110809,
        "Financial expenses": 53885,
        "Of which: Interest expense": 30040,
        "Cost of sales": 5516,
        "Enterprise cost management": 48922,
        "Total Operating Expenses": 108323,
        "Total revenue financing activities": -5217,
        "Net profit from business activities": -2730,
        "Profit": 348,
        "Profit before tax": -3179,
        "Present corporate income tax expenses": 5046,
        "Deferred income taxes expenses": -1923,
        "The interests of minority shareholders": 1301,
        "Total Cost of profits": 4424,
        "Profit after tax corporate income": -7602,
        "Volume": 112730709,
        "Close of Quarter": 14.2,
        "EPS": 1154.1,
        "Non-adjusted EPS": 1837,
        "PE": 7.7,
        "Book Price": 24.9
      }
    },
    {
      "quarter": "Q1 2013",
      "income status": {
        "Net sales": 565776,
        "Cost of goods sold": 489026,
        "Gross Profit": 76750,
        "Financial expenses": 47777,
        "Of which: Interest expense": 29885,
        "Cost of sales": 5655,
        "Enterprise cost management": 61062,
        "Total Operating Expenses": 114494,
        "Total revenue financing activities": 186552,
        "Net profit from business activities": 148809,
        "Profit": 7283,
        "Profit before tax": 156092,
        "Present corporate income tax expenses": 4528,
        "Deferred income taxes expenses": "N/A",
        "The interests of minority shareholders": 5029,
        "Total Cost of profits": 9557,
        "Profit after tax corporate income": 146535,
        "Volume": 109447309,
        "Close of Quarter": 22.0,
        "EPS": 1174.2,
        "Non-adjusted EPS": 1925,
        "PE": 11.4,
        "Book Price": 25.3
      }
    },
    {
      "quarter": "Q4 2012",
      "income status": {
        "Net sales": 635982,
        "Cost of goods sold": 514615,
        "Gross Profit": 121367,
        "Financial expenses": 50042,
        "Of which: Interest expense": 33188,
        "Cost of sales": 4614,
        "Enterprise cost management": 75746,
        "Total Operating Expenses": 130402,
        "Total revenue financing activities": 32954,
        "Net profit from business activities": 23919,
        "Profit": 6165,
        "Profit before tax": 30084,
        "Present corporate income tax expenses": 1442,
        "Deferred income taxes expenses": 37,
        "The interests of minority shareholders": 684,
        "Total Cost of profits": 2163,
        "Profit after tax corporate income": 27920,
        "Volume": 109447309,
        "Close of Quarter": 10.2,
        "EPS": 564.2,
        "Non-adjusted EPS": 925,
        "PE": 11.0,
        "Book Price": 24.3
      }
    },
    {
      "quarter": "Q3 2012",
      "income status": {
        "Net sales": 651597,
        "Cost of goods sold": 536768,
        "Gross Profit": 114828,
        "Financial expenses": 29216,
        "Of which: Interest expense": 31509,
        "Cost of sales": 3936,
        "Enterprise cost management": 48437,
        "Total Operating Expenses": 81589,
        "Total revenue financing activities": 4529,
        "Net profit from business activities": 37768,
        "Profit": 11524,
        "Profit before tax": 49292,
        "Present corporate income tax expenses": 261,
        "Deferred income taxes expenses": 5517,
        "The interests of minority shareholders": 3251,
        "Total Cost of profits": 9029,
        "Profit after tax corporate income": 40264,
        "Volume": 109447309,
        "Close of Quarter": 8.8,
        "EPS": 300.7,
        "Non-adjusted EPS": 493,
        "PE": 17.9,
        "Book Price": 24.1
      }
    },
    {
      "quarter": "Q2 2012",
      "income status": {
        "Net sales": 670858,
        "Cost of goods sold": 539315,
        "Gross Profit": 131543,
        "Financial expenses": 72926,
        "Of which: Interest expense": 38529,
        "Cost of sales": 3846,
        "Enterprise cost management": 72069,
        "Total Operating Expenses": 148841,
        "Total revenue financing activities": 10283,
        "Net profit from business activities": -7015,
        "Profit": 17970,
        "Profit before tax": 24273,
        "Present corporate income tax expenses": 24316,
        "Deferred income taxes expenses": "N/A",
        "The interests of minority shareholders": 3978,
        "Total Cost of profits": 28294,
        "Profit after tax corporate income": -4022,
        "Volume": 109447309,
        "Close of Quarter": 13.6,
        "EPS": 89.7,
        "Non-adjusted EPS": 147,
        "PE": 92.5,
        "Book Price": 23.9
      }
    },
    {
      "quarter": "Q1 2012",
      "income status": {
        "Net sales": 614831,
        "Cost of goods sold": 536628,
        "Gross Profit": 78203,
        "Financial expenses": 29862,
        "Of which: Interest expense": 39959,
        "Cost of sales": 4598,
        "Enterprise cost management": 55914,
        "Total Operating Expenses": 90374,
        "Total revenue financing activities": 54518,
        "Net profit from business activities": 42346,
        "Profit": 213,
        "Profit before tax": 42559,
        "Present corporate income tax expenses": 3555,
        "Deferred income taxes expenses": "N/A",
        "The interests of minority shareholders": 1883,
        "Total Cost of profits": 5438,
        "Profit after tax corporate income": 37121,
        "Volume": 109447309,
        "Close of Quarter": 13.7,
        "EPS": 31.7,
        "Non-adjusted EPS": 52,
        "PE": 263.7,
        "Book Price": 24.0
      }
    },
    {
      "quarter": "Q4 2011",
      "income status": {
        "Net sales": 663563,
        "Cost of goods sold": 556733,
        "Gross Profit": 106830,
        "Financial expenses": 106094,
        "Of which: Interest expense": 41102,
        "Cost of sales": 1104,
        "Enterprise cost management": 64716,
        "Total Operating Expenses": 171914,
        "Total revenue financing activities": 43691,
        "Net profit from business activities": -21394,
        "Profit": 6141,
        "Profit before tax": -15253,
        "Present corporate income tax expenses": 2794,
        "Deferred income taxes expenses": "N/A",
        "The interests of minority shareholders": 1354,
        "Total Cost of profits": 4148,
        "Profit after tax corporate income": -19401,
        "Volume": 109447309,
        "Close of Quarter": 9.8,
        "EPS": 25.6,
        "Non-adjusted EPS": 42,
        "PE": 233.8,
        "Book Price": 23.9
      }
    },
    {
      "quarter": "Q3 2011",
      "income status": {
        "Net sales": 621106,
        "Cost of goods sold": 511416,
        "Gross Profit": 109691,
        "Financial expenses": 87555,
        "Of which: Interest expense": 41519,
        "Cost of sales": 6964,
        "Enterprise cost management": 51932,
        "Total Operating Expenses": 146451,
        "Total revenue financing activities": 49126,
        "Net profit from business activities": 12366,
        "Profit": -2989,
        "Profit before tax": 45870,
        "Present corporate income tax expenses": 2326,
        "Deferred income taxes expenses": 724,
        "The interests of minority shareholders": 3891,
        "Total Cost of profits": 6941,
        "Profit after tax corporate income": 2435,
        "Volume": 109447309,
        "Close of Quarter": 13.3,
        "EPS": 576.4,
        "Non-adjusted EPS": 945,
        "PE": 14.1,
        "Book Price": 21.8
      }
    },
    {
      "quarter": "Q2 2011",
      "income status": {
        "Net sales": 600112,
        "Cost of goods sold": 503848,
        "Gross Profit": 96264,
        "Financial expenses": 131243,
        "Of which: Interest expense": 42607,
        "Cost of sales": 3458,
        "Enterprise cost management": 55392,
        "Total Operating Expenses": 190093,
        "Total revenue financing activities": 67100,
        "Net profit from business activities": -26728,
        "Profit": 15866,
        "Profit before tax": -2588,
        "Present corporate income tax expenses": 9694,
        "Deferred income taxes expenses": 1339,
        "The interests of minority shareholders": 837,
        "Total Cost of profits": 11870,
        "Profit after tax corporate income": -14457,
        "Volume": 109447309,
        "Close of Quarter": 14.0,
        "EPS": 731.4,
        "Non-adjusted EPS": 1199,
        "PE": 11.7,
        "Book Price": 21.8
      }
    },
    {
      "quarter": "Q1 2011",
      "income status": {
        "Net sales": 488821,
        "Cost of goods sold": 411063,
        "Gross Profit": 77759,
        "Financial expenses": 60154,
        "Of which: Interest expense": 33445,
        "Cost of sales": 3256,
        "Enterprise cost management": 39746,
        "Total Operating Expenses": 103156,
        "Total revenue financing activities": 62765,
        "Net profit from business activities": 37366,
        "Profit": 1716,
        "Profit before tax": 39082,
        "Present corporate income tax expenses": 2081,
        "Deferred income taxes expenses": "N/A",
        "The interests of minority shareholders": 1005,
        "Total Cost of profits": 3086,
        "Profit after tax corporate income": 35995,
        "Volume": 100000000,
        "Close of Quarter": 15.9,
        "EPS": 1105.7,
        "Non-adjusted EPS": 1984,
        "PE": 8.0,
        "Book Price": 22.3
      }
    }
  ]
}