{
  "ticker": "AAA",
  "data": [
    {
      "quarter": "Q4 2016",
      "income status": {
        "Net sales": 667535,
        "Cost of goods sold": 568749,
        "Gross Profit": 98786,
        "Financial expenses": 26459,
        "Of which: Interest expense": 7266,
        "Cost of sales": 14528,
        "Enterprise cost management": 15598,
        "Total Operating Expenses": 56585,
        "Total revenue financing activities": 9364,
        "Net profit from business activities": 52894,
        "Profit": -4557,
        "Profit before tax": 48337,
        "Present corporate income tax expenses": 6891,
        "Deferred income taxes expenses": -2,
        "The interests of minority shareholders": 154,
        "Total Cost of profits": 7043,
        "Profit after tax corporate income": 41295,
        "Volume": 51899988,
        "Close of Quarter": 22.5,
        "EPS": 2492.7,
        "Non-adjusted EPS": 2736,
        "PE": 8.2,
        "Book Price": 16.8
      }
    },
    {
      "quarter": "Q3 2016",
      "income status": {
        "Net sales": 535587,
        "Cost of goods sold": 452795,
        "Gross Profit": 82792,
        "Financial expenses": 8644,
        "Of which: Interest expense": 6637,
        "Cost of sales": 19223,
        "Enterprise cost management": 18668,
        "Total Operating Expenses": 46535,
        "Total revenue financing activities": 4802,
        "Net profit from business activities": 43355,
        "Profit": 4176,
        "Profit before tax": 47531,
        "Present corporate income tax expenses": 8319,
        "Deferred income taxes expenses": 82,
        "The interests of minority shareholders": 456,
        "Total Cost of profits": 8857,
        "Profit after tax corporate income": 38674,
        "Volume": 51899988,
        "Close of Quarter": 28.5,
        "EPS": 2139.2,
        "Non-adjusted EPS": 2348,
        "PE": 12.1,
        "Book Price": 15.9
      }
    },
    {
      "quarter": "Q2 2016",
      "income status": {
        "Net sales": 517095,
        "Cost of goods sold": 447802,
        "Gross Profit": 69293,
        "Financial expenses": 9271,
        "Of which: Interest expense": 7088,
        "Cost of sales": 12901,
        "Enterprise cost management": 16734,
        "Total Operating Expenses": 38906,
        "Total revenue financing activities": 11943,
        "Net profit from business activities": 38035,
        "Profit": 670,
        "Profit before tax": 38705,
        "Present corporate income tax expenses": 4795,
        "Deferred income taxes expenses": 23,
        "The interests of minority shareholders": 229,
        "Total Cost of profits": 5047,
        "Profit after tax corporate income": 33658,
        "Volume": 51899988,
        "Close of Quarter": 27.9,
        "EPS": 1808.5,
        "Non-adjusted EPS": 1985,
        "PE": 14.0,
        "Book Price": 15.3
      }
    },
    {
      "quarter": "Q1 2016",
      "income status": {
        "Net sales": 423553,
        "Cost of goods sold": 367389,
        "Gross Profit": 56164,
        "Financial expenses": 9554,
        "Of which: Interest expense": 6294,
        "Cost of sales": 10230,
        "Enterprise cost management": 11623,
        "Total Operating Expenses": 31407,
        "Total revenue financing activities": 4089,
        "Net profit from business activities": 31269,
        "Profit": 755,
        "Profit before tax": 32024,
        "Present corporate income tax expenses": 3688,
        "Deferred income taxes expenses": -123,
        "The interests of minority shareholders": 101,
        "Total Cost of profits": 3666,
        "Profit after tax corporate income": 28358,
        "Volume": 49499988,
        "Close of Quarter": 15.0,
        "EPS": 1317.3,
        "Non-adjusted EPS": 1516,
        "PE": 9.9,
        "Book Price": 14.9
      }
    },
    {
      "quarter": "Q4 2015",
      "income status": {
        "Net sales": 459621,
        "Cost of goods sold": 402757,
        "Gross Profit": 56864,
        "Financial expenses": 14049,
        "Of which: Interest expense": 6474,
        "Cost of sales": 9851,
        "Enterprise cost management": 11918,
        "Total Operating Expenses": 35818,
        "Total revenue financing activities": 4004,
        "Net profit from business activities": 26957,
        "Profit": 275,
        "Profit before tax": 27233,
        "Present corporate income tax expenses": 5913,
        "Deferred income taxes expenses": 17,
        "The interests of minority shareholders": 126,
        "Total Cost of profits": 6056,
        "Profit after tax corporate income": 21177,
        "Volume": 49499988,
        "Close of Quarter": 11.0,
        "EPS": 702.1,
        "Non-adjusted EPS": 808,
        "PE": 13.6,
        "Book Price": 14.4
      }
    },
    {
      "quarter": "Q3 2015",
      "income status": {
        "Net sales": 467441,
        "Cost of goods sold": 408028,
        "Gross Profit": 59413,
        "Financial expenses": 16155,
        "Of which: Interest expense": 6541,
        "Cost of sales": 21069,
        "Enterprise cost management": 8577,
        "Total Operating Expenses": 45801,
        "Total revenue financing activities": 5885,
        "Net profit from business activities": 21272,
        "Profit": 1411,
        "Profit before tax": 22683,
        "Present corporate income tax expenses": 2800,
        "Deferred income taxes expenses": -8,
        "The interests of minority shareholders": 37,
        "Total Cost of profits": 2829,
        "Profit after tax corporate income": 19854,
        "Volume": 39600000,
        "Close of Quarter": 9.2,
        "EPS": 342.0,
        "Non-adjusted EPS": 492,
        "PE": 18.6,
        "Book Price": 14.2
      }
    },
    {
      "quarter": "Q2 2015",
      "income status": {
        "Net sales": 369108,
        "Cost of goods sold": 323297,
        "Gross Profit": 45811,
        "Financial expenses": 12703,
        "Of which: Interest expense": 5519,
        "Cost of sales": 22892,
        "Enterprise cost management": 10004,
        "Total Operating Expenses": 45599,
        "Total revenue financing activities": 8503,
        "Net profit from business activities": 6418,
        "Profit": -108,
        "Profit before tax": 6310,
        "Present corporate income tax expenses": 559,
        "Deferred income taxes expenses": -40,
        "The interests of minority shareholders": 154,
        "Total Cost of profits": 673,
        "Profit after tax corporate income": 5637,
        "Volume": 39600000,
        "Close of Quarter": 9.3,
        "EPS": 280.9,
        "Non-adjusted EPS": 404,
        "PE": 22.9,
        "Book Price": 13.8
      }
    },
    {
      "quarter": "Q1 2015",
      "income status": {
        "Net sales": 318379,
        "Cost of goods sold": 290659,
        "Gross Profit": 27720,
        "Financial expenses": 7085,
        "Of which: Interest expense": 5532,
        "Cost of sales": 21418,
        "Enterprise cost management": 11109,
        "Total Operating Expenses": 39612,
        "Total revenue financing activities": 4002,
        "Net profit from business activities": -5893,
        "Profit": 282,
        "Profit before tax": -5611,
        "Present corporate income tax expenses": 757,
        "Deferred income taxes expenses": 68,
        "The interests of minority shareholders": 216,
        "Total Cost of profits": 1041,
        "Profit after tax corporate income": -6652,
        "Volume": 39600000,
        "Close of Quarter": 9.0,
        "EPS": 450.5,
        "Non-adjusted EPS": 648,
        "PE": 13.9,
        "Book Price": 13.7
      }
    },
    {
      "quarter": "Q4 2014",
      "income status": {
        "Net sales": 444273,
        "Cost of goods sold": 405609,
        "Gross Profit": 38664,
        "Financial expenses": 9132,
        "Of which: Interest expense": 6060,
        "Cost of sales": 23801,
        "Enterprise cost management": 10415,
        "Total Operating Expenses": 43348,
        "Total revenue financing activities": 2849,
        "Net profit from business activities": -303,
        "Profit": 555,
        "Profit before tax": 252,
        "Present corporate income tax expenses": -723,
        "Deferred income taxes expenses": 149,
        "The interests of minority shareholders": 184,
        "Total Cost of profits": -390,
        "Profit after tax corporate income": 641,
        "Volume": 39600000,
        "Close of Quarter": 9.9,
        "EPS": 824.5,
        "Non-adjusted EPS": 1186,
        "PE": 8.4,
        "Book Price": 13.8
      }
    },
    {
      "quarter": "Q3 2014",
      "income status": {
        "Net sales": 409307,
        "Cost of goods sold": 358016,
        "Gross Profit": 51291,
        "Financial expenses": 7121,
        "Of which: Interest expense": 5681,
        "Cost of sales": 20554,
        "Enterprise cost management": 8461,
        "Total Operating Expenses": 36136,
        "Total revenue financing activities": 2610,
        "Net profit from business activities": 19402,
        "Profit": 847,
        "Profit before tax": 20249,
        "Present corporate income tax expenses": 3669,
        "Deferred income taxes expenses": -1,
        "The interests of minority shareholders": 220,
        "Total Cost of profits": 3888,
        "Profit after tax corporate income": 16361,
        "Volume": 19800000,
        "Close of Quarter": 11.2,
        "EPS": 1013.2,
        "Non-adjusted EPS": 2915,
        "PE": 3.8,
        "Book Price": 10.0
      }
    },
    {
      "quarter": "Q2 2014",
      "income status": {
        "Net sales": 383850,
        "Cost of goods sold": 335408,
        "Gross Profit": 48442,
        "Financial expenses": 6341,
        "Of which: Interest expense": 2416,
        "Cost of sales": 16863,
        "Enterprise cost management": 8265,
        "Total Operating Expenses": 31469,
        "Total revenue financing activities": 1739,
        "Net profit from business activities": 20093,
        "Profit": -1328,
        "Profit before tax": 18764,
        "Present corporate income tax expenses": 3323,
        "Deferred income taxes expenses": -88,
        "The interests of minority shareholders": 232,
        "Total Cost of profits": 3467,
        "Profit after tax corporate income": 15298,
        "Volume": 19800000,
        "Close of Quarter": 9.9,
        "EPS": 957.6,
        "Non-adjusted EPS": 2755,
        "PE": 3.6,
        "Book Price": 10.1
      }
    },
    {
      "quarter": "Q1 2014",
      "income status": {
        "Net sales": 323213,
        "Cost of goods sold": 278866,
        "Gross Profit": 44348,
        "Financial expenses": 3303,
        "Of which: Interest expense": 3030,
        "Cost of sales": 17720,
        "Enterprise cost management": 8836,
        "Total Operating Expenses": 29859,
        "Total revenue financing activities": 1134,
        "Net profit from business activities": 17356,
        "Profit": 579,
        "Profit before tax": 17935,
        "Present corporate income tax expenses": 2907,
        "Deferred income taxes expenses": 184,
        "The interests of minority shareholders": 181,
        "Total Cost of profits": 3272,
        "Profit after tax corporate income": 14663,
        "Volume": 19800000,
        "Close of Quarter": 12.4,
        "EPS": 919.7,
        "Non-adjusted EPS": 2646,
        "PE": 4.7,
        "Book Price": 9.9
      }
    },
    {
      "quarter": "Q4 2013",
      "income status": {
        "Net sales": 328468,
        "Cost of goods sold": 286409,
        "Gross Profit": 42058,
        "Financial expenses": 3336,
        "Of which: Interest expense": 2826,
        "Cost of sales": 16952,
        "Enterprise cost management": 9437,
        "Total Operating Expenses": 29725,
        "Total revenue financing activities": 1585,
        "Net profit from business activities": 13919,
        "Profit": 639,
        "Profit before tax": 16779,
        "Present corporate income tax expenses": 5549,
        "Deferred income taxes expenses": -182,
        "The interests of minority shareholders": 21,
        "Total Cost of profits": 5388,
        "Profit after tax corporate income": 11391,
        "Volume": 19800000,
        "Close of Quarter": 9.2,
        "EPS": 964.2,
        "Non-adjusted EPS": 2774,
        "PE": 3.3,
        "Book Price": 9.5
      }
    },
    {
      "quarter": "Q3 2013",
      "income status": {
        "Net sales": 309036,
        "Cost of goods sold": 265313,
        "Gross Profit": 43724,
        "Financial expenses": 4882,
        "Of which: Interest expense": 4262,
        "Cost of sales": 15794,
        "Enterprise cost management": 9411,
        "Total Operating Expenses": 30087,
        "Total revenue financing activities": 1070,
        "Net profit from business activities": 14706,
        "Profit": 644,
        "Profit before tax": 16841,
        "Present corporate income tax expenses": 3375,
        "Deferred income taxes expenses": 106,
        "The interests of minority shareholders": 171,
        "Total Cost of profits": 3652,
        "Profit after tax corporate income": 13189,
        "Volume": 19800000,
        "Close of Quarter": 7.1,
        "EPS": 1081.3,
        "Non-adjusted EPS": 3111,
        "PE": 2.3,
        "Book Price": 9.3
      }
    },
    {
      "quarter": "Q2 2013",
      "income status": {
        "Net sales": 276072,
        "Cost of goods sold": 231420,
        "Gross Profit": 44653,
        "Financial expenses": 8088,
        "Of which: Interest expense": 4797,
        "Cost of sales": 15083,
        "Enterprise cost management": 8811,
        "Total Operating Expenses": 31982,
        "Total revenue financing activities": 1799,
        "Net profit from business activities": 14469,
        "Profit": 624,
        "Profit before tax": 16230,
        "Present corporate income tax expenses": 2886,
        "Deferred income taxes expenses": 62,
        "The interests of minority shareholders": 140,
        "Total Cost of profits": 3088,
        "Profit after tax corporate income": 13141,
        "Volume": 19800000,
        "Close of Quarter": 6.9,
        "EPS": 1045.5,
        "Non-adjusted EPS": 3008,
        "PE": 2.3,
        "Book Price": 9.1
      }
    },
    {
      "quarter": "Q1 2013",
      "income status": {
        "Net sales": 243931,
        "Cost of goods sold": 195831,
        "Gross Profit": 48100,
        "Financial expenses": 5329,
        "Of which: Interest expense": 5223,
        "Cost of sales": 15523,
        "Enterprise cost management": 8679,
        "Total Operating Expenses": 29531,
        "Total revenue financing activities": 2156,
        "Net profit from business activities": 20725,
        "Profit": 512,
        "Profit before tax": 21237,
        "Present corporate income tax expenses": 3904,
        "Deferred income taxes expenses": -85,
        "The interests of minority shareholders": 204,
        "Total Cost of profits": 4023,
        "Profit after tax corporate income": 17214,
        "Volume": 19800000,
        "Close of Quarter": 6.5,
        "EPS": 1001.4,
        "Non-adjusted EPS": 2881,
        "PE": 2.3,
        "Book Price": 9.4
      }
    },
    {
      "quarter": "Q4 2012",
      "income status": {
        "Net sales": 284925,
        "Cost of goods sold": 232882,
        "Gross Profit": 52044,
        "Financial expenses": 5345,
        "Of which: Interest expense": 5321,
        "Cost of sales": 16329,
        "Enterprise cost management": 8752,
        "Total Operating Expenses": 30426,
        "Total revenue financing activities": 213,
        "Net profit from business activities": 21830,
        "Profit": 812,
        "Profit before tax": 22641,
        "Present corporate income tax expenses": 4040,
        "Deferred income taxes expenses": 28,
        "The interests of minority shareholders": 517,
        "Total Cost of profits": 4585,
        "Profit after tax corporate income": 18056,
        "Volume": 19800000,
        "Close of Quarter": 6.7,
        "EPS": 968.0,
        "Non-adjusted EPS": 2785,
        "PE": 2.4,
        "Book Price": 9.1
      }
    },
    {
      "quarter": "Q3 2012",
      "income status": {
        "Net sales": 243785,
        "Cost of goods sold": 200654,
        "Gross Profit": 43131,
        "Financial expenses": 6562,
        "Of which: Interest expense": 6524,
        "Cost of sales": 16247,
        "Enterprise cost management": 8041,
        "Total Operating Expenses": 30850,
        "Total revenue financing activities": 154,
        "Net profit from business activities": 12435,
        "Profit": 812,
        "Profit before tax": 13246,
        "Present corporate income tax expenses": 1624,
        "Deferred income taxes expenses": 274,
        "The interests of minority shareholders": 199,
        "Total Cost of profits": 2097,
        "Profit after tax corporate income": 11149,
        "Volume": 9900000,
        "Close of Quarter": 6.3,
        "EPS": 1015.5,
        "Non-adjusted EPS": 5843,
        "PE": 1.1,
        "Book Price": 6.6
      }
    },
    {
      "quarter": "Q2 2012",
      "income status": {
        "Net sales": 216589,
        "Cost of goods sold": 174063,
        "Gross Profit": 42526,
        "Financial expenses": 8752,
        "Of which: Interest expense": 8486,
        "Cost of sales": 14272,
        "Enterprise cost management": 7822,
        "Total Operating Expenses": 30846,
        "Total revenue financing activities": 235,
        "Net profit from business activities": 11914,
        "Profit": 556,
        "Profit before tax": 12470,
        "Present corporate income tax expenses": 1672,
        "Deferred income taxes expenses": 70,
        "The interests of minority shareholders": 108,
        "Total Cost of profits": 1850,
        "Profit after tax corporate income": 10620,
        "Volume": 9900000,
        "Close of Quarter": 6.9,
        "EPS": 1150.2,
        "Non-adjusted EPS": 6618,
        "PE": 1.0,
        "Book Price": 6.4
      }
    },
    {
      "quarter": "Q1 2012",
      "income status": {
        "Net sales": 264734,
        "Cost of goods sold": 216095,
        "Gross Profit": 48639,
        "Financial expenses": 9605,
        "Of which: Interest expense": 9031,
        "Cost of sales": 14432,
        "Enterprise cost management": 7218,
        "Total Operating Expenses": 31255,
        "Total revenue financing activities": 458,
        "Net profit from business activities": 17843,
        "Profit": 423,
        "Profit before tax": 18266,
        "Present corporate income tax expenses": 3060,
        "Deferred income taxes expenses": -323,
        "The interests of minority shareholders": 212,
        "Total Cost of profits": 2949,
        "Profit after tax corporate income": 15317,
        "Volume": 9900000,
        "Close of Quarter": 8.1,
        "EPS": 1123.9,
        "Non-adjusted EPS": 6467,
        "PE": 1.3,
        "Book Price": 6.5
      }
    },
    {
      "quarter": "Q4 2011",
      "income status": {
        "Net sales": 289235,
        "Cost of goods sold": 228906,
        "Gross Profit": 60329,
        "Financial expenses": 13382,
        "Of which: Interest expense": 10139,
        "Cost of sales": 15761,
        "Enterprise cost management": 7585,
        "Total Operating Expenses": 36728,
        "Total revenue financing activities": 1408,
        "Net profit from business activities": 25010,
        "Profit": 120,
        "Profit before tax": 77900,
        "Present corporate income tax expenses": 4306,
        "Deferred income taxes expenses": 9,
        "The interests of minority shareholders": 57,
        "Total Cost of profits": 4372,
        "Profit after tax corporate income": 20757,
        "Volume": 9900000,
        "Close of Quarter": 4.6,
        "EPS": 1149.5,
        "Non-adjusted EPS": 6614,
        "PE": 0.7,
        "Book Price": 6.2
      }
    },
    {
      "quarter": "Q3 2011",
      "income status": {
        "Net sales": 222849,
        "Cost of goods sold": 172677,
        "Gross Profit": 50173,
        "Financial expenses": 10253,
        "Of which: Interest expense": 9747,
        "Cost of sales": 11936,
        "Enterprise cost management": 6243,
        "Total Operating Expenses": 28432,
        "Total revenue financing activities": 370,
        "Net profit from business activities": 22110,
        "Profit": 451,
        "Profit before tax": 52771,
        "Present corporate income tax expenses": 3621,
        "Deferred income taxes expenses": 26,
        "The interests of minority shareholders": 93,
        "Total Cost of profits": 3740,
        "Profit after tax corporate income": 18820,
        "Volume": 9900000,
        "Close of Quarter": 6.8,
        "EPS": 1134.7,
        "Non-adjusted EPS": 6529,
        "PE": 1.0,
        "Book Price": 5.8
      }
    },
    {
      "quarter": "Q2 2011",
      "income status": {
        "Net sales": 203724,
        "Cost of goods sold": 161969,
        "Gross Profit": 41755,
        "Financial expenses": 13840,
        "Of which: Interest expense": 8068,
        "Cost of sales": 12709,
        "Enterprise cost management": 6243,
        "Total Operating Expenses": 32792,
        "Total revenue financing activities": 1715,
        "Net profit from business activities": 10678,
        "Profit": 371,
        "Profit before tax": 11049,
        "Present corporate income tax expenses": 1905,
        "Deferred income taxes expenses": -30,
        "The interests of minority shareholders": 41,
        "Total Cost of profits": 1916,
        "Profit after tax corporate income": 9133,
        "Volume": 9900000,
        "Close of Quarter": 6.6,
        "EPS": 1539.6,
        "Non-adjusted EPS": 8859,
        "PE": 0.8,
        "Book Price": 5.5
      }
    },
    {
      "quarter": "Q1 2011",
      "income status": {
        "Net sales": 194826,
        "Cost of goods sold": 149339,
        "Gross Profit": 45486,
        "Financial expenses": 14810,
        "Of which: Interest expense": 6887,
        "Cost of sales": 12173,
        "Enterprise cost management": 5984,
        "Total Operating Expenses": 32967,
        "Total revenue financing activities": 6373,
        "Net profit from business activities": 18892,
        "Profit": 270,
        "Profit before tax": 19161,
        "Present corporate income tax expenses": 2518,
        "Deferred income taxes expenses": -127,
        "The interests of minority shareholders": 5,
        "Total Cost of profits": 2396,
        "Profit after tax corporate income": 16765,
        "Volume": 9900000,
        "Close of Quarter": 9.7,
        "EPS": 1680.7,
        "Non-adjusted EPS": 9671,
        "PE": 1,
        "Book Price": 5.3
      }
    }
  ]
}