{
  "ticker": "PVD",
  "data": [
    {
      "quarter": "Q4 2016",
      "income status": {
        "Net sales": 810986,
        "Cost of goods sold": 741792,
        "Gross Profit": 69194,
        "Financial expenses": 127971,
        "Of which: Interest expense": 47519,
        "Cost of sales": 12926,
        "Enterprise cost management": 86882,
        "Total Operating Expenses": 227779,
        "Total revenue financing activities": 79537,
        "Net profit from business activities": -21052,
        "Profit": 74896,
        "Profit before tax": 53844,
        "Present corporate income tax expenses": 25114,
        "Deferred income taxes expenses": 3377,
        "The interests of minority shareholders": -8818,
        "Total Cost of profits": 19673,
        "Profit after tax corporate income": 34170,
        "Volume": 383266160,
        "Close of Quarter": 20.7,
        "EPS": 313,
        "Non-adjusted EPS": 313,
        "PE": 66.1,
        "Book Price": 35.1
      }
    },
    {
      "quarter": "Q3 2016",
      "income status": {
        "Net sales": 1189347,
        "Cost of goods sold": 971582,
        "Gross Profit": 217764,
        "Financial expenses": 59770,
        "Of which: Interest expense": 46018,
        "Cost of sales": 5047,
        "Enterprise cost management": 215218,
        "Total Operating Expenses": 280035,
        "Total revenue financing activities": 37540,
        "Net profit from business activities": 41092,
        "Profit": -1469,
        "Profit before tax": 39622,
        "Present corporate income tax expenses": 7052,
        "Deferred income taxes expenses": -35,
        "The interests of minority shareholders": 22685,
        "Total Cost of profits": 29702,
        "Profit after tax corporate income": 9920,
        "Volume": 348466259,
        "Close of Quarter": 24.2,
        "EPS": 411.9,
        "Non-adjusted EPS": 453,
        "PE": 53.4,
        "Book Price": 34.6
      }
    },
    {
      "quarter": "Q2 2016",
      "income status": {
        "Net sales": 1774792,
        "Cost of goods sold": 1484363,
        "Gross Profit": 290429,
        "Financial expenses": 81505,
        "Of which: Interest expense": 49546,
        "Cost of sales": 5710,
        "Enterprise cost management": 204447,
        "Total Operating Expenses": 291662,
        "Total revenue financing activities": 60382,
        "Net profit from business activities": 52910,
        "Profit": 11447,
        "Profit before tax": 64357,
        "Present corporate income tax expenses": 24823,
        "Deferred income taxes expenses": 5317,
        "The interests of minority shareholders": 14413,
        "Total Cost of profits": 44553,
        "Profit after tax corporate income": 19805,
        "Volume": 348466259,
        "Close of Quarter": 28.2,
        "EPS": 1844.8,
        "Non-adjusted EPS": 2029,
        "PE": 13.9,
        "Book Price": 34.6
      }
    },
    {
      "quarter": "Q1 2016",
      "income status": {
        "Net sales": 1577364,
        "Cost of goods sold": 1333618,
        "Gross Profit": 243746,
        "Financial expenses": 71621,
        "Of which: Interest expense": 47077,
        "Cost of sales": 4528,
        "Enterprise cost management": 128671,
        "Total Operating Expenses": 204820,
        "Total revenue financing activities": 69446,
        "Net profit from business activities": 100865,
        "Profit": 1840,
        "Profit before tax": 102705,
        "Present corporate income tax expenses": 21457,
        "Deferred income taxes expenses": -785,
        "The interests of minority shareholders": 25873,
        "Total Cost of profits": 46545,
        "Profit after tax corporate income": 56160,
        "Volume": 348466259,
        "Close of Quarter": 21.6,
        "EPS": 3265.9,
        "Non-adjusted EPS": 3592,
        "PE": 6,
        "Book Price": 34.6
      }
    },
    {
      "quarter": "Q4 2015",
      "income status": {
        "Net sales": 2333903,
        "Cost of goods sold": 1934907,
        "Gross Profit": 398996,
        "Financial expenses": 94880,
        "Of which: Interest expense": 50910,
        "Cost of sales": 22734,
        "Enterprise cost management": 231300,
        "Total Operating Expenses": 348914,
        "Total revenue financing activities": 47685,
        "Net profit from business activities": 94098,
        "Profit": -2264,
        "Profit before tax": 91834,
        "Present corporate income tax expenses": 43987,
        "Deferred income taxes expenses": -21273,
        "The interests of minority shareholders": -2704,
        "Total Cost of profits": 20010,
        "Profit after tax corporate income": 71824,
        "Volume": 348466259,
        "Close of Quarter": 24.1,
        "EPS": 4421.5,
        "Non-adjusted EPS": 4863,
        "PE": 5.0,
        "Book Price": 34.7
      }
    },
    {
      "quarter": "Q3 2015",
      "income status": {
        "Net sales": 3679414,
        "Cost of goods sold": 2857776,
        "Gross Profit": 821639,
        "Financial expenses": 237817,
        "Of which: Interest expense": 52183,
        "Cost of sales": 8594,
        "Enterprise cost management": 250597,
        "Total Operating Expenses": 497008,
        "Total revenue financing activities": 88815,
        "Net profit from business activities": 650323,
        "Profit": 1783,
        "Profit before tax": 652106,
        "Present corporate income tax expenses": 71334,
        "Deferred income taxes expenses": 587,
        "The interests of minority shareholders": 20857,
        "Total Cost of profits": 92778,
        "Profit after tax corporate income": 559327,
        "Volume": 348466259,
        "Close of Quarter": 31.1,
        "EPS": 5480.7,
        "Non-adjusted EPS": 6028,
        "PE": 5.2,
        "Book Price": 34.6
      }
    },
    {
      "quarter": "Q2 2015",
      "income status": {
        "Net sales": 3857584,
        "Cost of goods sold": 2826881,
        "Gross Profit": 1030704,
        "Financial expenses": 116141,
        "Of which: Interest expense": 56333,
        "Cost of sales": 8416,
        "Enterprise cost management": 289783,
        "Total Operating Expenses": 414340,
        "Total revenue financing activities": 57457,
        "Net profit from business activities": 698628,
        "Profit": 16134,
        "Profit before tax": 714762,
        "Present corporate income tax expenses": 143231,
        "Deferred income taxes expenses": -76,
        "The interests of minority shareholders": 7218,
        "Total Cost of profits": 150373,
        "Profit after tax corporate income": 564389,
        "Volume": 303073350,
        "Close of Quarter": 40.4,
        "EPS": 5563.8,
        "Non-adjusted EPS": 7036,
        "PE": 5.7,
        "Book Price": 33.6
      }
    },
    {
      "quarter": "Q1 2015",
      "income status": {
        "Net sales": 4395489,
        "Cost of goods sold": 3506205,
        "Gross Profit": 889284,
        "Financial expenses": 94960,
        "Of which: Interest expense": 25787,
        "Cost of sales": 6813,
        "Enterprise cost management": 211468,
        "Total Operating Expenses": 313241,
        "Total revenue financing activities": 35392,
        "Net profit from business activities": 621008,
        "Profit": 8466,
        "Profit before tax": 629474,
        "Present corporate income tax expenses": 126554,
        "Deferred income taxes expenses": 7,
        "The interests of minority shareholders": 3883,
        "Total Cost of profits": 130444,
        "Profit after tax corporate income": 499030,
        "Volume": 303073350,
        "Close of Quarter": 34.5,
        "EPS": 6137.9,
        "Non-adjusted EPS": 7762,
        "PE": 4.4,
        "Book Price": 32.1
      }
    },
    {
      "quarter": "Q4 2014",
      "income status": {
        "Net sales": 5300046,
        "Cost of goods sold": 4397604,
        "Gross Profit": 902443,
        "Financial expenses": 64670,
        "Of which: Interest expense": 30990,
        "Cost of sales": 25138,
        "Enterprise cost management": 302296,
        "Total Operating Expenses": 392104,
        "Total revenue financing activities": 32202,
        "Net profit from business activities": 574711,
        "Profit": 14633,
        "Profit before tax": 589344,
        "Present corporate income tax expenses": 108501,
        "Deferred income taxes expenses": 772,
        "The interests of minority shareholders": 2416,
        "Total Cost of profits": 111689,
        "Profit after tax corporate income": 477655,
        "Volume": 303073350,
        "Close of Quarter": 49.6,
        "EPS": 6393.3,
        "Non-adjusted EPS": 8085,
        "PE": 6.1,
        "Book Price": 30.5
      }
    },
    {
      "quarter": "Q3 2014",
      "income status": {
        "Net sales": 5520545,
        "Cost of goods sold": 4444659,
        "Gross Profit": 1075887,
        "Financial expenses": 49868,
        "Of which: Interest expense": 34094,
        "Cost of sales": 19362,
        "Enterprise cost management": 298173,
        "Total Operating Expenses": 367403,
        "Total revenue financing activities": 53399,
        "Net profit from business activities": 812286,
        "Profit": 32869,
        "Profit before tax": 845155,
        "Present corporate income tax expenses": 219602,
        "Deferred income taxes expenses": 694,
        "The interests of minority shareholders": 33502,
        "Total Cost of profits": 253798,
        "Profit after tax corporate income": 591357,
        "Volume": 303073350,
        "Close of Quarter": 74.6,
        "EPS": 6467.7,
        "Non-adjusted EPS": 8179,
        "PE": 9.1,
        "Book Price": 28.9
      }
    },
    {
      "quarter": "Q2 2014",
      "income status": {
        "Net sales": 5614836,
        "Cost of goods sold": 4498706,
        "Gross Profit": 1116130,
        "Financial expenses": 84114,
        "Of which: Interest expense": 37933,
        "Cost of sales": 9905,
        "Enterprise cost management": 302891,
        "Total Operating Expenses": 396910,
        "Total revenue financing activities": 34739,
        "Net profit from business activities": 903494,
        "Profit": 11481,
        "Profit before tax": 914976,
        "Present corporate income tax expenses": 154768,
        "Deferred income taxes expenses": -826,
        "The interests of minority shareholders": -23427,
        "Total Cost of profits": 130515,
        "Profit after tax corporate income": 784460,
        "Volume": 275258115,
        "Close of Quarter": 56.6,
        "EPS": 6328.0,
        "Non-adjusted EPS": 8811,
        "PE": 6.4,
        "Book Price": 29.0
      }
    },
    {
      "quarter": "Q1 2014",
      "income status": {
        "Net sales": 4322472,
        "Cost of goods sold": 3317292,
        "Gross Profit": 1005180,
        "Financial expenses": 81256,
        "Of which: Interest expense": 41234,
        "Cost of sales": 4697,
        "Enterprise cost management": 210981,
        "Total Operating Expenses": 296934,
        "Total revenue financing activities": 31941,
        "Net profit from business activities": 763982,
        "Profit": 11046,
        "Profit before tax": 775029,
        "Present corporate income tax expenses": 150750,
        "Deferred income taxes expenses": 9,
        "The interests of minority shareholders": 27305,
        "Total Cost of profits": 178064,
        "Profit after tax corporate income": 596965,
        "Volume": 275258115,
        "Close of Quarter": 56.9,
        "EPS": 5626.3,
        "Non-adjusted EPS": 7834,
        "PE": 7.3,
        "Book Price": 27.1
      }
    },
    {
      "quarter": "Q4 2013",
      "income status": {
        "Net sales": 4428855,
        "Cost of goods sold": 3551262,
        "Gross Profit": 877592,
        "Financial expenses": 78483,
        "Of which: Interest expense": 47365,
        "Cost of sales": 23214,
        "Enterprise cost management": 346376,
        "Total Operating Expenses": 448073,
        "Total revenue financing activities": 33614,
        "Net profit from business activities": 463133,
        "Profit": 16910,
        "Profit before tax": 581421,
        "Present corporate income tax expenses": 70136,
        "Deferred income taxes expenses": 2157,
        "The interests of minority shareholders": 3005,
        "Total Cost of profits": 75298,
        "Profit after tax corporate income": 506123,
        "Volume": 275258115,
        "Close of Quarter": 41.8,
        "EPS": 5167.4,
        "Non-adjusted EPS": 7195,
        "PE": 5.8,
        "Book Price": 25.8
      }
    },
    {
      "quarter": "Q3 2013",
      "income status": {
        "Net sales": 3865872,
        "Cost of goods sold": 2946025,
        "Gross Profit": 919847,
        "Financial expenses": 64767,
        "Of which: Interest expense": 55272,
        "Cost of sales": 13650,
        "Enterprise cost management": 197941,
        "Total Operating Expenses": 276358,
        "Total revenue financing activities": 34011,
        "Net profit from business activities": 677499,
        "Profit": -56964,
        "Profit before tax": 639759,
        "Present corporate income tax expenses": 95733,
        "Deferred income taxes expenses": 3663,
        "The interests of minority shareholders": 2488,
        "Total Cost of profits": 101884,
        "Profit after tax corporate income": 537875,
        "Volume": 248159735,
        "Close of Quarter": 40.3,
        "EPS": 4404.9,
        "Non-adjusted EPS": 6803,
        "PE": 5.9,
        "Book Price": 25.4
      }
    },
    {
      "quarter": "Q2 2013",
      "income status": {
        "Net sales": 3350522,
        "Cost of goods sold": 2532702,
        "Gross Profit": 817820,
        "Financial expenses": 93583,
        "Of which: Interest expense": 59894,
        "Cost of sales": 5673,
        "Enterprise cost management": 193496,
        "Total Operating Expenses": 292752,
        "Total revenue financing activities": 8937,
        "Net profit from business activities": 534005,
        "Profit": 11888,
        "Profit before tax": 560011,
        "Present corporate income tax expenses": 72226,
        "Deferred income taxes expenses": 739,
        "The interests of minority shareholders": -28316,
        "Total Cost of profits": 44649,
        "Profit after tax corporate income": 515362,
        "Volume": 210159735,
        "Close of Quarter": 29.0,
        "EPS": 4284.7,
        "Non-adjusted EPS": 7814,
        "PE": 3.7,
        "Book Price": 20.4
      }
    },
    {
      "quarter": "Q1 2013",
      "income status": {
        "Net sales": 3178925,
        "Cost of goods sold": 2391701,
        "Gross Profit": 787224,
        "Financial expenses": 97278,
        "Of which: Interest expense": 62084,
        "Cost of sales": 3723,
        "Enterprise cost management": 186086,
        "Total Operating Expenses": 287087,
        "Total revenue financing activities": 9795,
        "Net profit from business activities": 509932,
        "Profit": 2709,
        "Profit before tax": 516963,
        "Present corporate income tax expenses": 63992,
        "Deferred income taxes expenses": 208,
        "The interests of minority shareholders": 31676,
        "Total Cost of profits": 95876,
        "Profit after tax corporate income": 421087,
        "Volume": 210159735,
        "Close of Quarter": 26.1,
        "EPS": 3682.6,
        "Non-adjusted EPS": 6716,
        "PE": 3.9,
        "Book Price": 19.3
      }
    },
    {
      "quarter": "Q4 2012",
      "income status": {
        "Net sales": 3535233,
        "Cost of goods sold": 2965430,
        "Gross Profit": 569803,
        "Financial expenses": 123481,
        "Of which: Interest expense": 70167,
        "Cost of sales": 21658,
        "Enterprise cost management": 161286,
        "Total Operating Expenses": 306425,
        "Total revenue financing activities": 13211,
        "Net profit from business activities": 276588,
        "Profit": 37714,
        "Profit before tax": 320272,
        "Present corporate income tax expenses": 65988,
        "Deferred income taxes expenses": -212,
        "The interests of minority shareholders": 40527,
        "Total Cost of profits": 106303,
        "Profit after tax corporate income": 213970,
        "Volume": 210159735,
        "Close of Quarter": 23.1,
        "EPS": 3571.3,
        "Non-adjusted EPS": 6513,
        "PE": 3.5,
        "Book Price": 18.2
      }
    },
    {
      "quarter": "Q3 2012",
      "income status": {
        "Net sales": 3328999,
        "Cost of goods sold": 2637029,
        "Gross Profit": 691970,
        "Financial expenses": 93240,
        "Of which: Interest expense": 73080,
        "Cost of sales": 8115,
        "Enterprise cost management": 194568,
        "Total Operating Expenses": 295923,
        "Total revenue financing activities": 13448,
        "Net profit from business activities": 409496,
        "Profit": 63732,
        "Profit before tax": 586586,
        "Present corporate income tax expenses": 65015,
        "Deferred income taxes expenses": -1168,
        "The interests of minority shareholders": 31059,
        "Total Cost of profits": 94906,
        "Profit after tax corporate income": 491679,
        "Volume": 210159735,
        "Close of Quarter": 20.7,
        "EPS": 3548.3,
        "Non-adjusted EPS": 6471,
        "PE": 3.2,
        "Book Price": 18.9
      }
    },
    {
      "quarter": "Q2 2012",
      "income status": {
        "Net sales": 2634726,
        "Cost of goods sold": 2005629,
        "Gross Profit": 629097,
        "Financial expenses": 110510,
        "Of which: Interest expense": 88207,
        "Cost of sales": 6007,
        "Enterprise cost management": 234838,
        "Total Operating Expenses": 351355,
        "Total revenue financing activities": 20141,
        "Net profit from business activities": 297884,
        "Profit": 6376,
        "Profit before tax": 328500,
        "Present corporate income tax expenses": 41732,
        "Deferred income taxes expenses": -305,
        "The interests of minority shareholders": 2432,
        "Total Cost of profits": 43859,
        "Profit after tax corporate income": 284642,
        "Volume": 210159735,
        "Close of Quarter": 21.3,
        "EPS": 3087.7,
        "Non-adjusted EPS": 5631,
        "PE": 3.8,
        "Book Price": 17.8
      }
    },
    {
      "quarter": "Q1 2012",
      "income status": {
        "Net sales": 2360074,
        "Cost of goods sold": 1723598,
        "Gross Profit": 636477,
        "Financial expenses": 93298,
        "Of which: Interest expense": 70949,
        "Cost of sales": 3029,
        "Enterprise cost management": 111235,
        "Total Operating Expenses": 207562,
        "Total revenue financing activities": 13309,
        "Net profit from business activities": 442224,
        "Profit": 2332,
        "Profit before tax": 448715,
        "Present corporate income tax expenses": 69348,
        "Deferred income taxes expenses": -976,
        "The interests of minority shareholders": 1933,
        "Total Cost of profits": 70305,
        "Profit after tax corporate income": 378410,
        "Volume": 210159735,
        "Close of Quarter": 23.5,
        "EPS": 2925.4,
        "Non-adjusted EPS": 5335,
        "PE": 4.4,
        "Book Price": 17.2
      }
    },
    {
      "quarter": "Q4 2011",
      "income status": {
        "Net sales": 2700802,
        "Cost of goods sold": 2212415,
        "Gross Profit": 488388,
        "Financial expenses": 105387,
        "Of which: Interest expense": 62483,
        "Cost of sales": 38150,
        "Enterprise cost management": 146809,
        "Total Operating Expenses": 290346,
        "Total revenue financing activities": 36373,
        "Net profit from business activities": 234415,
        "Profit": 3006,
        "Profit before tax": 1204262,
        "Present corporate income tax expenses": 31447,
        "Deferred income taxes expenses": 982,
        "The interests of minority shareholders": 554,
        "Total Cost of profits": 32983,
        "Profit after tax corporate income": 205298,
        "Volume": 209567165,
        "Close of Quarter": 19.5,
        "EPS": 2707.2,
        "Non-adjusted EPS": 4951,
        "PE": 3.9,
        "Book Price": 16.1
      }
    },
    {
      "quarter": "Q3 2011",
      "income status": {
        "Net sales": 2380948,
        "Cost of goods sold": 1798131,
        "Gross Profit": 582817,
        "Financial expenses": 75777,
        "Of which: Interest expense": 52283,
        "Cost of sales": 1142,
        "Enterprise cost management": 194840,
        "Total Operating Expenses": 271759,
        "Total revenue financing activities": 23091,
        "Net profit from business activities": 334149,
        "Profit": -10741,
        "Profit before tax": 361728,
        "Present corporate income tax expenses": 46104,
        "Deferred income taxes expenses": -1246,
        "The interests of minority shareholders": 1913,
        "Total Cost of profits": 46771,
        "Profit after tax corporate income": 314957,
        "Volume": 209740215,
        "Close of Quarter": 22.1,
        "EPS": 2727.5,
        "Non-adjusted EPS": 4984,
        "PE": 4.4,
        "Book Price": 15.5
      }
    },
    {
      "quarter": "Q2 2011",
      "income status": {
        "Net sales": 2063394,
        "Cost of goods sold": 1541291,
        "Gross Profit": 522103,
        "Financial expenses": 133375,
        "Of which: Interest expense": 76851,
        "Cost of sales": 392,
        "Enterprise cost management": 182233,
        "Total Operating Expenses": 316000,
        "Total revenue financing activities": 31731,
        "Net profit from business activities": 237834,
        "Profit": -3315,
        "Profit before tax": 254509,
        "Present corporate income tax expenses": 25970,
        "Deferred income taxes expenses": 3701,
        "The interests of minority shareholders": 2226,
        "Total Cost of profits": 31897,
        "Profit after tax corporate income": 222611,
        "Volume": 209740215,
        "Close of Quarter": 23.2,
        "EPS": 2667.3,
        "Non-adjusted EPS": 4874,
        "PE": 4.8,
        "Book Price": 14.9
      }
    },
    {
      "quarter": "Q1 2011",
      "income status": {
        "Net sales": 2031911,
        "Cost of goods sold": 1553037,
        "Gross Profit": 478874,
        "Financial expenses": 126719,
        "Of which: Interest expense": 72504,
        "Cost of sales": 117,
        "Enterprise cost management": 81235,
        "Total Operating Expenses": 208071,
        "Total revenue financing activities": 58231,
        "Net profit from business activities": 329035,
        "Profit": -5751,
        "Profit before tax": 335310,
        "Present corporate income tax expenses": 38078,
        "Deferred income taxes expenses": 1656,
        "The interests of minority shareholders": 818,
        "Total Cost of profits": 40552,
        "Profit after tax corporate income": 294758,
        "Volume": 209740215,
        "Close of Quarter": 29.3,
        "EPS": 2930.5,
        "Non-adjusted EPS": 5355,
        "PE": 5.5,
        "Book Price": 14.4
      }
    }
  ]
}