{
  "ticker": "SSC",
  "data": [
    {
      "quarter": "Q4 2016",
      "income status": {
        "Net sales": 125570,
        "Cost of goods sold": 91733,
        "Gross Profit": 33838,
        "Financial expenses": -345,
        "Of which: Interest expense": 390,
        "Cost of sales": 16564,
        "Enterprise cost management": 7318,
        "Total Operating Expenses": 23537,
        "Total revenue financing activities": 461,
        "Net profit from business activities": 10763,
        "Profit": 356,
        "Profit before tax": 11119,
        "Present corporate income tax expenses": 4209,
        "Deferred income taxes expenses": -2147,
        "The interests of minority shareholders": 560,
        "Total Cost of profits": 2622,
        "Profit after tax corporate income": 8497,
        "Volume": 14791387,
        "Close of Quarter": 39.1,
        "EPS": 2645,
        "Non-adjusted EPS": 2645,
        "PE": 14.8,
        "Book Price": 24.3
      }
    },
    {
      "quarter": "Q3 2016",
      "income status": {
        "Net sales": 93167,
        "Cost of goods sold": 56328,
        "Gross Profit": 36839,
        "Financial expenses": 2278,
        "Of which: Interest expense": 1051,
        "Cost of sales": 10930,
        "Enterprise cost management": 10354,
        "Total Operating Expenses": 23562,
        "Total revenue financing activities": 730,
        "Net profit from business activities": 14007,
        "Profit": -61,
        "Profit before tax": 13946,
        "Present corporate income tax expenses": 5126,
        "Deferred income taxes expenses": -451,
        "The interests of minority shareholders": -186,
        "Total Cost of profits": 4489,
        "Profit after tax corporate income": 9458,
        "Volume": 14791387,
        "Close of Quarter": 39.5,
        "EPS": 2630,
        "Non-adjusted EPS": 2630,
        "PE": 15.0,
        "Book Price": 24.1
      }
    },
    {
      "quarter": "Q2 2016",
      "income status": {
        "Net sales": 131566,
        "Cost of goods sold": 94779,
        "Gross Profit": 36787,
        "Financial expenses": 1175,
        "Of which: Interest expense": 4338,
        "Cost of sales": 10384,
        "Enterprise cost management": 10685,
        "Total Operating Expenses": 22244,
        "Total revenue financing activities": 995,
        "Net profit from business activities": 15538,
        "Profit": 37,
        "Profit before tax": 15575,
        "Present corporate income tax expenses": 604,
        "Deferred income taxes expenses": 2140,
        "The interests of minority shareholders": -186,
        "Total Cost of profits": 2558,
        "Profit after tax corporate income": 13016,
        "Volume": 14791387,
        "Close of Quarter": 45,
        "EPS": 2633,
        "Non-adjusted EPS": 2633,
        "PE": 17.1,
        "Book Price": 23.4
      }
    },
    {
      "quarter": "Q1 2016",
      "income status": {
        "Net sales": 93652,
        "Cost of goods sold": 66299,
        "Gross Profit": 27353,
        "Financial expenses": 2056,
        "Of which: Interest expense": -1515,
        "Cost of sales": 9218,
        "Enterprise cost management": 7839,
        "Total Operating Expenses": 19113,
        "Total revenue financing activities": 212,
        "Net profit from business activities": 8451,
        "Profit": 1,
        "Profit before tax": 8452,
        "Present corporate income tax expenses": 450,
        "Deferred income taxes expenses": -75,
        "The interests of minority shareholders": -67,
        "Total Cost of profits": 308,
        "Profit after tax corporate income": 8145,
        "Volume": 14791387,
        "Close of Quarter": 40.0,
        "EPS": 3637,
        "Non-adjusted EPS": 3637,
        "PE": 11.0,
        "Book Price": 24.8
      }
    },
    {
      "quarter": "Q4 2015",
      "income status": {
        "Net sales": 224151,
        "Cost of goods sold": 160156,
        "Gross Profit": 63995,
        "Financial expenses": 2269,
        "Of which: Interest expense": 1505,
        "Cost of sales": 26169,
        "Enterprise cost management": 23659,
        "Total Operating Expenses": 52097,
        "Total revenue financing activities": 341,
        "Net profit from business activities": 12239,
        "Profit": -891,
        "Profit before tax": 11347,
        "Present corporate income tax expenses": 3954,
        "Deferred income taxes expenses": -839,
        "The interests of minority shareholders": -45,
        "Total Cost of profits": 3070,
        "Profit after tax corporate income": 8278,
        "Volume": 14791387,
        "Close of Quarter": 54.3,
        "EPS": 3769,
        "Non-adjusted EPS": 3769,
        "PE": 14.4,
        "Book Price": 24.3
      }
    },
    {
      "quarter": "Q3 2015",
      "income status": {
        "Net sales": 91858,
        "Cost of goods sold": 60898,
        "Gross Profit": 30960,
        "Financial expenses": 381,
        "Of which: Interest expense": 366,
        "Cost of sales": 8640,
        "Enterprise cost management": 10014,
        "Total Operating Expenses": 19035,
        "Total revenue financing activities": 251,
        "Net profit from business activities": 12176,
        "Profit": 62,
        "Profit before tax": 12238,
        "Present corporate income tax expenses": 2780,
        "Deferred income taxes expenses": -75,
        "The interests of minority shareholders": 31,
        "Total Cost of profits": 2736,
        "Profit after tax corporate income": 9502,
        "Volume": 14791387,
        "Close of Quarter": 45.6,
        "EPS": 4867,
        "Non-adjusted EPS": 4867,
        "PE": 9.4,
        "Book Price": 24.9
      }
    },
    {
      "quarter": "Q2 2015",
      "income status": {
        "Net sales": 215898,
        "Cost of goods sold": 147855,
        "Gross Profit": 68044,
        "Financial expenses": 1194,
        "Of which: Interest expense": 1554,
        "Cost of sales": 18339,
        "Enterprise cost management": 15489,
        "Total Operating Expenses": 35022,
        "Total revenue financing activities": 341,
        "Net profit from business activities": 33363,
        "Profit": 3975,
        "Profit before tax": 37338,
        "Present corporate income tax expenses": 10208,
        "Deferred income taxes expenses": -852,
        "The interests of minority shareholders": 106,
        "Total Cost of profits": 9462,
        "Profit after tax corporate income": 27877,
        "Volume": 14791387,
        "Close of Quarter": 45.8,
        "EPS": 5216,
        "Non-adjusted EPS": 5216,
        "PE": 8.8,
        "Book Price": 24.3
      }
    },
    {
      "quarter": "Q1 2015",
      "income status": {
        "Net sales": 82099,
        "Cost of goods sold": 57374,
        "Gross Profit": 24725,
        "Financial expenses": 314,
        "Of which: Interest expense": -136,
        "Cost of sales": 7835,
        "Enterprise cost management": 6147,
        "Total Operating Expenses": 14296,
        "Total revenue financing activities": 339,
        "Net profit from business activities": 10769,
        "Profit": 29,
        "Profit before tax": 10798,
        "Present corporate income tax expenses": 406,
        "Deferred income taxes expenses": 263,
        "The interests of minority shareholders": 30,
        "Total Cost of profits": 699,
        "Profit after tax corporate income": 10099,
        "Volume": 14791387,
        "Close of Quarter": 51.5,
        "EPS": 5459,
        "Non-adjusted EPS": 5459,
        "PE": 9.4,
        "Book Price": 26
      }
    },
    {
      "quarter": "Q4 2014",
      "income status": {
        "Net sales": 179990,
        "Cost of goods sold": 117996,
        "Gross Profit": 61994,
        "Financial expenses": 1415,
        "Of which: Interest expense": 1218,
        "Cost of sales": 15654,
        "Enterprise cost management": 19777,
        "Total Operating Expenses": 36846,
        "Total revenue financing activities": 112,
        "Net profit from business activities": 25261,
        "Profit": 98,
        "Profit before tax": 25358,
        "Present corporate income tax expenses": "N/A",
        "Deferred income taxes expenses": 795,
        "The interests of minority shareholders": 53,
        "Total Cost of profits": 848,
        "Profit after tax corporate income": 24510,
        "Volume": 14791387,
        "Close of Quarter": 48.4,
        "EPS": 5866,
        "Non-adjusted EPS": 5866,
        "PE": 8.2,
        "Book Price": 25.3
      }
    },
    {
      "quarter": "Q3 2014",
      "income status": {
        "Net sales": 109010,
        "Cost of goods sold": 74145,
        "Gross Profit": 34865,
        "Financial expenses": 1135,
        "Of which: Interest expense": 1269,
        "Cost of sales": 12798,
        "Enterprise cost management": 8775,
        "Total Operating Expenses": 22708,
        "Total revenue financing activities": 1140,
        "Net profit from business activities": 13296,
        "Profit": 1438,
        "Profit before tax": 14734,
        "Present corporate income tax expenses": 151,
        "Deferred income taxes expenses": -178,
        "The interests of minority shareholders": 92,
        "Total Cost of profits": 65,
        "Profit after tax corporate income": 14669,
        "Volume": 14791387,
        "Close of Quarter": 52.7,
        "EPS": 4951,
        "Non-adjusted EPS": 4951,
        "PE": 10.7,
        "Book Price": 24
      }
    },
    {
      "quarter": "Q2 2014",
      "income status": {
        "Net sales": 215055,
        "Cost of goods sold": 154746,
        "Gross Profit": 60308,
        "Financial expenses": 1662,
        "Of which: Interest expense": 1822,
        "Cost of sales": 15744,
        "Enterprise cost management": 11603,
        "Total Operating Expenses": 29009,
        "Total revenue financing activities": 379,
        "Net profit from business activities": 31678,
        "Profit": -64,
        "Profit before tax": 31614,
        "Present corporate income tax expenses": 292,
        "Deferred income taxes expenses": -212,
        "The interests of minority shareholders": 72,
        "Total Cost of profits": 152,
        "Profit after tax corporate income": 31462,
        "Volume": 14791387,
        "Close of Quarter": 52.7,
        "EPS": 5379,
        "Non-adjusted EPS": 5379,
        "PE": 9.8,
        "Book Price": 23
      }
    },
    {
      "quarter": "Q1 2014",
      "income status": {
        "Net sales": 103522,
        "Cost of goods sold": 68654,
        "Gross Profit": 34867,
        "Financial expenses": 1346,
        "Of which: Interest expense": 952,
        "Cost of sales": 9853,
        "Enterprise cost management": 7774,
        "Total Operating Expenses": 18973,
        "Total revenue financing activities": 156,
        "Net profit from business activities": 16051,
        "Profit": 7,
        "Profit before tax": 16058,
        "Present corporate income tax expenses": "N/A",
        "Deferred income taxes expenses": -66,
        "The interests of minority shareholders": 4,
        "Total Cost of profits": -62,
        "Profit after tax corporate income": 16121,
        "Volume": 14791387,
        "Close of Quarter": 40.6,
        "EPS": 5666,
        "Non-adjusted EPS": 5666,
        "PE": 7.2,
        "Book Price": 21.5
      }
    },
    {
      "quarter": "Q4 2013",
      "income status": {
        "Net sales": 146161,
        "Cost of goods sold": 113057,
        "Gross Profit": 33104,
        "Financial expenses": 2374,
        "Of which: Interest expense": 1573,
        "Cost of sales": 12585,
        "Enterprise cost management": 7184,
        "Total Operating Expenses": 22143,
        "Total revenue financing activities": 451,
        "Net profit from business activities": 11411,
        "Profit": 140,
        "Profit before tax": 11551,
        "Present corporate income tax expenses": 765,
        "Deferred income taxes expenses": -191,
        "The interests of minority shareholders": -2,
        "Total Cost of profits": 572,
        "Profit after tax corporate income": 10978,
        "Volume": 14791387,
        "Close of Quarter": 39.8,
        "EPS": 5332,
        "Non-adjusted EPS": 5332,
        "PE": 7.5,
        "Book Price": 20.5
      }
    },
    {
      "quarter": "Q3 2013",
      "income status": {
        "Net sales": 139835,
        "Cost of goods sold": 95422,
        "Gross Profit": 44413,
        "Financial expenses": 1581,
        "Of which: Interest expense": 1272,
        "Cost of sales": 11095,
        "Enterprise cost management": 10898,
        "Total Operating Expenses": 23574,
        "Total revenue financing activities": 256,
        "Net profit from business activities": 21096,
        "Profit": -68,
        "Profit before tax": 21028,
        "Present corporate income tax expenses": "N/A",
        "Deferred income taxes expenses": 14,
        "The interests of minority shareholders": 9,
        "Total Cost of profits": 23,
        "Profit after tax corporate income": 21004,
        "Volume": 14791387,
        "Close of Quarter": 34.9,
        "EPS": 5486,
        "Non-adjusted EPS": 5486,
        "PE": 6.4,
        "Book Price": 21.1
      }
    },
    {
      "quarter": "Q2 2013",
      "income status": {
        "Net sales": 217504,
        "Cost of goods sold": 156923,
        "Gross Profit": 60581,
        "Financial expenses": 2238,
        "Of which: Interest expense": 1551,
        "Cost of sales": 13425,
        "Enterprise cost management": 9628,
        "Total Operating Expenses": 25291,
        "Total revenue financing activities": 1174,
        "Net profit from business activities": 36464,
        "Profit": 202,
        "Profit before tax": 36666,
        "Present corporate income tax expenses": 1867,
        "Deferred income taxes expenses": -847,
        "The interests of minority shareholders": -55,
        "Total Cost of profits": 965,
        "Profit after tax corporate income": 35701,
        "Volume": 14791387,
        "Close of Quarter": 35.5,
        "EPS": 5255,
        "Non-adjusted EPS": 5255,
        "PE": 6.8,
        "Book Price": 19.7
      }
    },
    {
      "quarter": "Q1 2013",
      "income status": {
        "Net sales": 103470,
        "Cost of goods sold": 78132,
        "Gross Profit": 25337,
        "Financial expenses": 310,
        "Of which: Interest expense": 24,
        "Cost of sales": 7305,
        "Enterprise cost management": 7437,
        "Total Operating Expenses": 15052,
        "Total revenue financing activities": 879,
        "Net profit from business activities": 11164,
        "Profit": 23,
        "Profit before tax": 11187,
        "Present corporate income tax expenses": "N/A",
        "Deferred income taxes expenses": -40,
        "The interests of minority shareholders": 45,
        "Total Cost of profits": 5,
        "Profit after tax corporate income": 11182,
        "Volume": 14791387,
        "Close of Quarter": 30.8,
        "EPS": 4421,
        "Non-adjusted EPS": 4421,
        "PE": 7.0,
        "Book Price": 18.9
      }
    },
    {
      "quarter": "Q4 2012",
      "income status": {
        "Net sales": 132215,
        "Cost of goods sold": 103529,
        "Gross Profit": 28687,
        "Financial expenses": 646,
        "Of which: Interest expense": 295,
        "Cost of sales": 8975,
        "Enterprise cost management": 7883,
        "Total Operating Expenses": 17504,
        "Total revenue financing activities": 1240,
        "Net profit from business activities": 12424,
        "Profit": 249,
        "Profit before tax": 12673,
        "Present corporate income tax expenses": -673,
        "Deferred income taxes expenses": 63,
        "The interests of minority shareholders": 21,
        "Total Cost of profits": -589,
        "Profit after tax corporate income": 13261,
        "Volume": 14791387,
        "Close of Quarter": 27.2,
        "EPS": 4622,
        "Non-adjusted EPS": 4622,
        "PE": 5.9,
        "Book Price": 18.1
      }
    },
    {
      "quarter": "Q3 2012",
      "income status": {
        "Net sales": 100456,
        "Cost of goods sold": 64711,
        "Gross Profit": 35745,
        "Financial expenses": 142,
        "Of which: Interest expense": 84,
        "Cost of sales": 9986,
        "Enterprise cost management": 8831,
        "Total Operating Expenses": 18959,
        "Total revenue financing activities": 134,
        "Net profit from business activities": 16922,
        "Profit": 74,
        "Profit before tax": 16996,
        "Present corporate income tax expenses": -645,
        "Deferred income taxes expenses": 16,
        "The interests of minority shareholders": 40,
        "Total Cost of profits": -589,
        "Profit after tax corporate income": 17585,
        "Volume": 14791387,
        "Close of Quarter": 27.4,
        "EPS": 4278,
        "Non-adjusted EPS": 4278,
        "PE": 6.4,
        "Book Price": 18.4
      }
    },
    {
      "quarter": "Q2 2012",
      "income status": {
        "Net sales": 151065,
        "Cost of goods sold": 96827,
        "Gross Profit": 54239,
        "Financial expenses": 923,
        "Of which: Interest expense": 572,
        "Cost of sales": 10552,
        "Enterprise cost management": 11273,
        "Total Operating Expenses": 22748,
        "Total revenue financing activities": 740,
        "Net profit from business activities": 32231,
        "Profit": 32,
        "Profit before tax": 32262,
        "Present corporate income tax expenses": 10294,
        "Deferred income taxes expenses": -1384,
        "The interests of minority shareholders": -7,
        "Total Cost of profits": 8903,
        "Profit after tax corporate income": 23359,
        "Volume": 14791387,
        "Close of Quarter": 26.4,
        "EPS": 3668,
        "Non-adjusted EPS": 3668,
        "PE": 7.2,
        "Book Price": 17
      }
    },
    {
      "quarter": "Q1 2012",
      "income status": {
        "Net sales": 75466,
        "Cost of goods sold": 46773,
        "Gross Profit": 28693,
        "Financial expenses": -11,
        "Of which: Interest expense": "N/A",
        "Cost of sales": 6879,
        "Enterprise cost management": 5842,
        "Total Operating Expenses": 12710,
        "Total revenue financing activities": 1668,
        "Net profit from business activities": 17651,
        "Profit": 39,
        "Profit before tax": 17690,
        "Present corporate income tax expenses": 3466,
        "Deferred income taxes expenses": 165,
        "The interests of minority shareholders": -107,
        "Total Cost of profits": 3524,
        "Profit after tax corporate income": 14166,
        "Volume": 14791387,
        "Close of Quarter": 26.4,
        "EPS": 3942,
        "Non-adjusted EPS": 3942,
        "PE": 6.7,
        "Book Price": 16.4
      }
    },
    {
      "quarter": "Q4 2011",
      "income status": {
        "Net sales": 106558,
        "Cost of goods sold": 71021,
        "Gross Profit": 35537,
        "Financial expenses": 378,
        "Of which: Interest expense": 53,
        "Cost of sales": 16685,
        "Enterprise cost management": 10008,
        "Total Operating Expenses": 27071,
        "Total revenue financing activities": 1775,
        "Net profit from business activities": 10241,
        "Profit": 13,
        "Profit before tax": 10254,
        "Present corporate income tax expenses": 2417,
        "Deferred income taxes expenses": -166,
        "The interests of minority shareholders": -158,
        "Total Cost of profits": 2093,
        "Profit after tax corporate income": 8161,
        "Volume": 14791387,
        "Close of Quarter": 21.6,
        "EPS": 3921,
        "Non-adjusted EPS": 3921,
        "PE": 5.5,
        "Book Price": 15.4
      }
    },
    {
      "quarter": "Q3 2011",
      "income status": {
        "Net sales": 53611,
        "Cost of goods sold": 31211,
        "Gross Profit": 22400,
        "Financial expenses": 122,
        "Of which: Interest expense": 73,
        "Cost of sales": 5840,
        "Enterprise cost management": 6684,
        "Total Operating Expenses": 12646,
        "Total revenue financing activities": 1085,
        "Net profit from business activities": 10839,
        "Profit": -22,
        "Profit before tax": 10816,
        "Present corporate income tax expenses": 2203,
        "Deferred income taxes expenses": 130,
        "The interests of minority shareholders": -86,
        "Total Cost of profits": 2247,
        "Profit after tax corporate income": 8570,
        "Volume": 14791387,
        "Close of Quarter": 15.0,
        "EPS": 4049,
        "Non-adjusted EPS": 4049,
        "PE": 3.7,
        "Book Price": 15.9
      }
    },
    {
      "quarter": "Q2 2011",
      "income status": {
        "Net sales": 153513,
        "Cost of goods sold": 95792,
        "Gross Profit": 57721,
        "Financial expenses": 596,
        "Of which: Interest expense": 421,
        "Cost of sales": 10960,
        "Enterprise cost management": 12108,
        "Total Operating Expenses": 23664,
        "Total revenue financing activities": 299,
        "Net profit from business activities": 34356,
        "Profit": 18,
        "Profit before tax": 34374,
        "Present corporate income tax expenses": 7063,
        "Deferred income taxes expenses": -221,
        "The interests of minority shareholders": 114,
        "Total Cost of profits": 6956,
        "Profit after tax corporate income": 27418,
        "Volume": 14791387,
        "Close of Quarter": 16.3,
        "EPS": 4052,
        "Non-adjusted EPS": 4052,
        "PE": 4.0,
        "Book Price": 15.4
      }
    },
    {
      "quarter": "Q1 2011",
      "income status": {
        "Net sales": 69832,
        "Cost of goods sold": 41260,
        "Gross Profit": 28572,
        "Financial expenses": 431,
        "Of which: Interest expense": 55,
        "Cost of sales": 5456,
        "Enterprise cost management": 6412,
        "Total Operating Expenses": 12299,
        "Total revenue financing activities": 1259,
        "Net profit from business activities": 17531,
        "Profit": "N/A",
        "Profit before tax": 17531,
        "Present corporate income tax expenses": 3650,
        "Deferred income taxes expenses": 80,
        "The interests of minority shareholders": -54,
        "Total Cost of profits": 3676,
        "Profit after tax corporate income": 13854,
        "Volume": 14791387,
        "Close of Quarter": 14.2,
        "EPS": 3416,
        "Non-adjusted EPS": 3416,
        "PE": 4.2,
        "Book Price": 14.7
      }
    }
  ]
}