{
  "ticker": "VNE",
  "data": [
    {
      "quarter": "Q4 2016",
      "income status": {
        "Net sales": 281508,
        "Cost of goods sold": 223563,
        "Gross Profit": 57946,
        "Financial expenses": 4843,
        "Of which: Interest expense": 7357,
        "Cost of sales": 1219,
        "Enterprise cost management": 20288,
        "Total Operating Expenses": 26350,
        "Total revenue financing activities": 356,
        "Net profit from business activities": 32723,
        "Profit": 2260,
        "Profit before tax": 34983,
        "Present corporate income tax expenses": 2852,
        "Deferred income taxes expenses": -6038,
        "The interests of minority shareholders": 3018,
        "Total Cost of profits": -168,
        "Profit after tax corporate income": 35152,
        "Volume": 88834033,
        "Close of Quarter": 7.5,
        "EPS": 161,
        "Non-adjusted EPS": 161,
        "PE": 46.6,
        "Book Price": 11.1
      }
    },
    {
      "quarter": "Q3 2016",
      "income status": {
        "Net sales": 199724,
        "Cost of goods sold": 167003,
        "Gross Profit": 32721,
        "Financial expenses": 14242,
        "Of which: Interest expense": 6516,
        "Cost of sales": 809,
        "Enterprise cost management": 16502,
        "Total Operating Expenses": 31553,
        "Total revenue financing activities": 2368,
        "Net profit from business activities": 3542,
        "Profit": 486,
        "Profit before tax": 4028,
        "Present corporate income tax expenses": 3472,
        "Deferred income taxes expenses": -2823,
        "The interests of minority shareholders": -306,
        "Total Cost of profits": 343,
        "Profit after tax corporate income": 3685,
        "Volume": 80758585,
        "Close of Quarter": 5.6,
        "EPS": 11.8,
        "Non-adjusted EPS": 13,
        "PE": 433.1,
        "Book Price": 10.8
      }
    },
    {
      "quarter": "Q2 2016",
      "income status": {
        "Net sales": 117359,
        "Cost of goods sold": 95751,
        "Gross Profit": 21607,
        "Financial expenses": 6368,
        "Of which: Interest expense": 7289,
        "Cost of sales": 687,
        "Enterprise cost management": 20050,
        "Total Operating Expenses": 27105,
        "Total revenue financing activities": 7130,
        "Net profit from business activities": 1981,
        "Profit": -13955,
        "Profit before tax": -11975,
        "Present corporate income tax expenses": 2422,
        "Deferred income taxes expenses": -978,
        "The interests of minority shareholders": -4286,
        "Total Cost of profits": -2842,
        "Profit after tax corporate income": -9132,
        "Volume": 80758585,
        "Close of Quarter": 9.2,
        "EPS": 361.8,
        "Non-adjusted EPS": 398,
        "PE": 23.1,
        "Book Price": 10.7
      }
    },
    {
      "quarter": "Q1 2016",
      "income status": {
        "Net sales": 175221,
        "Cost of goods sold": 171663,
        "Gross Profit": 3559,
        "Financial expenses": 7506,
        "Of which: Interest expense": 6391,
        "Cost of sales": 1632,
        "Enterprise cost management": 11495,
        "Total Operating Expenses": 20633,
        "Total revenue financing activities": 2085,
        "Net profit from business activities": -14687,
        "Profit": 2094,
        "Profit before tax": -12593,
        "Present corporate income tax expenses": 5290,
        "Deferred income taxes expenses": 437,
        "The interests of minority shareholders": -2933,
        "Total Cost of profits": 2794,
        "Profit after tax corporate income": -15387,
        "Volume": 80758585,
        "Close of Quarter": 10.4,
        "EPS": 761.8,
        "Non-adjusted EPS": 838,
        "PE": 12.4,
        "Book Price": 11.3
      }
    },
    {
      "quarter": "Q4 2015",
      "income status": {
        "Net sales": 286354,
        "Cost of goods sold": 241328,
        "Gross Profit": 45026,
        "Financial expenses": 2683,
        "Of which: Interest expense": 7309,
        "Cost of sales": 584,
        "Enterprise cost management": 18924,
        "Total Operating Expenses": 22191,
        "Total revenue financing activities": 4395,
        "Net profit from business activities": 25923,
        "Profit": 5052,
        "Profit before tax": 30975,
        "Present corporate income tax expenses": 7565,
        "Deferred income taxes expenses": -410,
        "The interests of minority shareholders": 1923,
        "Total Cost of profits": 9078,
        "Profit after tax corporate income": 21897,
        "Volume": 62122141,
        "Close of Quarter": 10.2,
        "EPS": 1142.0,
        "Non-adjusted EPS": 1633,
        "PE": 6.2,
        "Book Price": 11.5
      }
    },
    {
      "quarter": "Q3 2015",
      "income status": {
        "Net sales": 273747,
        "Cost of goods sold": 229993,
        "Gross Profit": 43754,
        "Financial expenses": 15947,
        "Of which: Interest expense": 8555,
        "Cost of sales": 445,
        "Enterprise cost management": 15962,
        "Total Operating Expenses": 32354,
        "Total revenue financing activities": 30996,
        "Net profit from business activities": 45641,
        "Profit": -1425,
        "Profit before tax": 44216,
        "Present corporate income tax expenses": 9085,
        "Deferred income taxes expenses": 31,
        "The interests of minority shareholders": 325,
        "Total Cost of profits": 9441,
        "Profit after tax corporate income": 34775,
        "Volume": 62122141,
        "Close of Quarter": 10.1,
        "EPS": 1276.2,
        "Non-adjusted EPS": 1825,
        "PE": 5.6,
        "Book Price": 9.8
      }
    },
    {
      "quarter": "Q2 2015",
      "income status": {
        "Net sales": 308622,
        "Cost of goods sold": 265363,
        "Gross Profit": 43259,
        "Financial expenses": 13541,
        "Of which: Interest expense": 6940,
        "Cost of sales": 470,
        "Enterprise cost management": 14029,
        "Total Operating Expenses": 28040,
        "Total revenue financing activities": 4346,
        "Net profit from business activities": 20171,
        "Profit": 14114,
        "Profit before tax": 34285,
        "Present corporate income tax expenses": 6973,
        "Deferred income taxes expenses": -12,
        "The interests of minority shareholders": 911,
        "Total Cost of profits": 7872,
        "Profit after tax corporate income": 26413,
        "Volume": 62122141,
        "Close of Quarter": 11.2,
        "EPS": 2079.7,
        "Non-adjusted EPS": 2974,
        "PE": 3.8,
        "Book Price": 9.6
      }
    },
    {
      "quarter": "Q1 2015",
      "income status": {
        "Net sales": 175932,
        "Cost of goods sold": 139533,
        "Gross Profit": 36400,
        "Financial expenses": 2140,
        "Of which: Interest expense": 7817,
        "Cost of sales": 677,
        "Enterprise cost management": 14498,
        "Total Operating Expenses": 17315,
        "Total revenue financing activities": 3793,
        "Net profit from business activities": 23107,
        "Profit": 193,
        "Profit before tax": 23300,
        "Present corporate income tax expenses": 5438,
        "Deferred income taxes expenses": 12,
        "The interests of minority shareholders": -510,
        "Total Cost of profits": 4940,
        "Profit after tax corporate income": 18359,
        "Volume": 62122141,
        "Close of Quarter": 11.0,
        "EPS": 1350.4,
        "Non-adjusted EPS": 1931,
        "PE": 5.7,
        "Book Price": 9.2
      }
    },
    {
      "quarter": "Q4 2014",
      "income status": {
        "Net sales": 423975,
        "Cost of goods sold": 283131,
        "Gross Profit": 140843,
        "Financial expenses": 10560,
        "Of which: Interest expense": 12839,
        "Cost of sales": 1003,
        "Enterprise cost management": 41254,
        "Total Operating Expenses": 52817,
        "Total revenue financing activities": 5022,
        "Net profit from business activities": 96705,
        "Profit": -48207,
        "Profit before tax": 48499,
        "Present corporate income tax expenses": 10309,
        "Deferred income taxes expenses": -622,
        "The interests of minority shareholders": 5011,
        "Total Cost of profits": 14698,
        "Profit after tax corporate income": 33801,
        "Volume": 62122141,
        "Close of Quarter": 8.1,
        "EPS": 1034.3,
        "Non-adjusted EPS": 1479,
        "PE": 5.5,
        "Book Price": 9.2
      }
    },
    {
      "quarter": "Q3 2014",
      "income status": {
        "Net sales": 301398,
        "Cost of goods sold": 175069,
        "Gross Profit": 126329,
        "Financial expenses": 10565,
        "Of which: Interest expense": 11346,
        "Cost of sales": 588,
        "Enterprise cost management": 15236,
        "Total Operating Expenses": 26389,
        "Total revenue financing activities": 5465,
        "Net profit from business activities": 106879,
        "Profit": 898,
        "Profit before tax": 107777,
        "Present corporate income tax expenses": 1469,
        "Deferred income taxes expenses": -8,
        "The interests of minority shareholders": 117,
        "Total Cost of profits": 1578,
        "Profit after tax corporate income": 106198,
        "Volume": 62122141,
        "Close of Quarter": 6.8,
        "EPS": 661.5,
        "Non-adjusted EPS": 946,
        "PE": 7.2,
        "Book Price": 8.8
      }
    },
    {
      "quarter": "Q2 2014",
      "income status": {
        "Net sales": 252800,
        "Cost of goods sold": 218650,
        "Gross Profit": 34150,
        "Financial expenses": 45664,
        "Of which: Interest expense": 17534,
        "Cost of sales": 642,
        "Enterprise cost management": 14245,
        "Total Operating Expenses": 60551,
        "Total revenue financing activities": 5124,
        "Net profit from business activities": -20930,
        "Profit": 251,
        "Profit before tax": -20679,
        "Present corporate income tax expenses": 420,
        "Deferred income taxes expenses": 17392,
        "The interests of minority shareholders": -115,
        "Total Cost of profits": 17697,
        "Profit after tax corporate income": -38376,
        "Volume": 62122141,
        "Close of Quarter": 5.1,
        "EPS": -420.3,
        "Non-adjusted EPS": -601,
        "PE": -8.5,
        "Book Price": 7.5
      }
    },
    {
      "quarter": "Q1 2014",
      "income status": {
        "Net sales": 56523,
        "Cost of goods sold": 46098,
        "Gross Profit": 10425,
        "Financial expenses": 10140,
        "Of which: Interest expense": 13724,
        "Cost of sales": 269,
        "Enterprise cost management": 9724,
        "Total Operating Expenses": 20133,
        "Total revenue financing activities": 3958,
        "Net profit from business activities": -5014,
        "Profit": -4649,
        "Profit before tax": -9663,
        "Present corporate income tax expenses": 197,
        "Deferred income taxes expenses": -85,
        "The interests of minority shareholders": -2,
        "Total Cost of profits": 110,
        "Profit after tax corporate income": -9774,
        "Volume": 62122141,
        "Close of Quarter": 6.2,
        "EPS": 69.9,
        "Non-adjusted EPS": 100,
        "PE": 61.5,
        "Book Price": 8.3
      }
    },
    {
      "quarter": "Q4 2013",
      "income status": {
        "Net sales": 439319,
        "Cost of goods sold": 350630,
        "Gross Profit": 88689,
        "Financial expenses": 27672,
        "Of which: Interest expense": 28520,
        "Cost of sales": 200,
        "Enterprise cost management": 60465,
        "Total Operating Expenses": 88337,
        "Total revenue financing activities": 16661,
        "Net profit from business activities": 17013,
        "Profit": -965,
        "Profit before tax": 6815,
        "Present corporate income tax expenses": 6091,
        "Deferred income taxes expenses": -66,
        "The interests of minority shareholders": 46,
        "Total Cost of profits": 6071,
        "Profit after tax corporate income": 744,
        "Volume": 62122141,
        "Close of Quarter": 5.4,
        "EPS": 135.0,
        "Non-adjusted EPS": 193,
        "PE": 27.7,
        "Book Price": 7.8
      }
    },
    {
      "quarter": "Q3 2013",
      "income status": {
        "Net sales": 105793,
        "Cost of goods sold": 69308,
        "Gross Profit": 36485,
        "Financial expenses": 19175,
        "Of which: Interest expense": 16688,
        "Cost of sales": 88,
        "Enterprise cost management": 9022,
        "Total Operating Expenses": 28285,
        "Total revenue financing activities": 1396,
        "Net profit from business activities": 9595,
        "Profit": 161,
        "Profit before tax": 10046,
        "Present corporate income tax expenses": 436,
        "Deferred income taxes expenses": -95,
        "The interests of minority shareholders": -389,
        "Total Cost of profits": -48,
        "Profit after tax corporate income": 10094,
        "Volume": 62122141,
        "Close of Quarter": 3.8,
        "EPS": 53.2,
        "Non-adjusted EPS": 76,
        "PE": 50.4,
        "Book Price": 7.6
      }
    },
    {
      "quarter": "Q2 2013",
      "income status": {
        "Net sales": 149993,
        "Cost of goods sold": 125706,
        "Gross Profit": 24286,
        "Financial expenses": 10728,
        "Of which: Interest expense": 9285,
        "Cost of sales": -395,
        "Enterprise cost management": 6830,
        "Total Operating Expenses": 17163,
        "Total revenue financing activities": -10,
        "Net profit from business activities": 7113,
        "Profit": -1639,
        "Profit before tax": 5347,
        "Present corporate income tax expenses": 143,
        "Deferred income taxes expenses": "N/A",
        "The interests of minority shareholders": "N/A",
        "Total Cost of profits": 143,
        "Profit after tax corporate income": 5156,
        "Volume": 62122141,
        "Close of Quarter": 4.0,
        "EPS": -58.7,
        "Non-adjusted EPS": -84,
        "PE": -47.5,
        "Book Price": 7.8
      }
    },
    {
      "quarter": "Q1 2013",
      "income status": {
        "Net sales": 108477,
        "Cost of goods sold": 90283,
        "Gross Profit": 18194,
        "Financial expenses": 13786,
        "Of which: Interest expense": 15349,
        "Cost of sales": 422,
        "Enterprise cost management": 9082,
        "Total Operating Expenses": 23290,
        "Total revenue financing activities": 356,
        "Net profit from business activities": -4740,
        "Profit": 164,
        "Profit before tax": -4449,
        "Present corporate income tax expenses": 217,
        "Deferred income taxes expenses": -48,
        "The interests of minority shareholders": -594,
        "Total Cost of profits": -425,
        "Profit after tax corporate income": -4024,
        "Volume": 62122141,
        "Close of Quarter": 4.6,
        "EPS": 353.2,
        "Non-adjusted EPS": 505,
        "PE": 9.0,
        "Book Price": 7.3
      }
    },
    {
      "quarter": "Q4 2012",
      "income status": {
        "Net sales": 205760,
        "Cost of goods sold": 175393,
        "Gross Profit": 30367,
        "Financial expenses": 26167,
        "Of which: Interest expense": 27213,
        "Cost of sales": 291,
        "Enterprise cost management": 12949,
        "Total Operating Expenses": 39407,
        "Total revenue financing activities": 554,
        "Net profit from business activities": -8485,
        "Profit": 1090,
        "Profit before tax": -7048,
        "Present corporate income tax expenses": 90,
        "Deferred income taxes expenses": "N/A",
        "The interests of minority shareholders": -631,
        "Total Cost of profits": -541,
        "Profit after tax corporate income": -6507,
        "Volume": 62122141,
        "Close of Quarter": 5.1,
        "EPS": 458.1,
        "Non-adjusted EPS": 655,
        "PE": 7.8,
        "Book Price": 7.7
      }
    },
    {
      "quarter": "Q3 2012",
      "income status": {
        "Net sales": 108705,
        "Cost of goods sold": 84529,
        "Gross Profit": 24176,
        "Financial expenses": 12596,
        "Of which: Interest expense": 10328,
        "Cost of sales": 406,
        "Enterprise cost management": 9635,
        "Total Operating Expenses": 22637,
        "Total revenue financing activities": 3354,
        "Net profit from business activities": 4892,
        "Profit": 353,
        "Profit before tax": 145,
        "Present corporate income tax expenses": 441,
        "Deferred income taxes expenses": "N/A",
        "The interests of minority shareholders": -435,
        "Total Cost of profits": 6,
        "Profit after tax corporate income": 139,
        "Volume": 62122141,
        "Close of Quarter": 4.9,
        "EPS": 938.5,
        "Non-adjusted EPS": 1342,
        "PE": 3.6,
        "Book Price": 7.8
      }
    },
    {
      "quarter": "Q2 2012",
      "income status": {
        "Net sales": 247447,
        "Cost of goods sold": 157352,
        "Gross Profit": 90094,
        "Financial expenses": 21713,
        "Of which: Interest expense": 23161,
        "Cost of sales": 549,
        "Enterprise cost management": 17524,
        "Total Operating Expenses": 39786,
        "Total revenue financing activities": 2810,
        "Net profit from business activities": 53118,
        "Profit": 338,
        "Profit before tax": 49194,
        "Present corporate income tax expenses": 10292,
        "Deferred income taxes expenses": -123,
        "The interests of minority shareholders": -2733,
        "Total Cost of profits": 7436,
        "Profit after tax corporate income": 41758,
        "Volume": 62122141,
        "Close of Quarter": 5.5,
        "EPS": 1004.2,
        "Non-adjusted EPS": 1436,
        "PE": 3.8,
        "Book Price": 7.8
      }
    },
    {
      "quarter": "Q1 2012",
      "income status": {
        "Net sales": 102087,
        "Cost of goods sold": 68866,
        "Gross Profit": 33221,
        "Financial expenses": 14408,
        "Of which: Interest expense": 18931,
        "Cost of sales": 422,
        "Enterprise cost management": 8886,
        "Total Operating Expenses": 23716,
        "Total revenue financing activities": 793,
        "Net profit from business activities": 10297,
        "Profit": 1903,
        "Profit before tax": 11237,
        "Present corporate income tax expenses": 6128,
        "Deferred income taxes expenses": "N/A",
        "The interests of minority shareholders": -186,
        "Total Cost of profits": 5942,
        "Profit after tax corporate income": 5296,
        "Volume": 62122141,
        "Close of Quarter": 4.4,
        "EPS": 301.4,
        "Non-adjusted EPS": 431,
        "PE": 10.2,
        "Book Price": 7.3
      }
    },
    {
      "quarter": "Q4 2011",
      "income status": {
        "Net sales": 241582,
        "Cost of goods sold": 173674,
        "Gross Profit": 67908,
        "Financial expenses": 29348,
        "Of which: Interest expense": 18757,
        "Cost of sales": 391,
        "Enterprise cost management": 14333,
        "Total Operating Expenses": 44072,
        "Total revenue financing activities": 3798,
        "Net profit from business activities": 27633,
        "Profit": 1698,
        "Profit before tax": 25732,
        "Present corporate income tax expenses": 1931,
        "Deferred income taxes expenses": -13027,
        "The interests of minority shareholders": 651,
        "Total Cost of profits": -10445,
        "Profit after tax corporate income": 36177,
        "Volume": 62122141,
        "Close of Quarter": 2.4,
        "EPS": 248.3,
        "Non-adjusted EPS": 355,
        "PE": 6.8,
        "Book Price": 7.2
      }
    },
    {
      "quarter": "Q3 2011",
      "income status": {
        "Net sales": 148129,
        "Cost of goods sold": 114953,
        "Gross Profit": 33176,
        "Financial expenses": 18353,
        "Of which: Interest expense": 76767,
        "Cost of sales": 603,
        "Enterprise cost management": 8613,
        "Total Operating Expenses": 27569,
        "Total revenue financing activities": 5407,
        "Net profit from business activities": 11013,
        "Profit": -281,
        "Profit before tax": 7313,
        "Present corporate income tax expenses": 396,
        "Deferred income taxes expenses": -398,
        "The interests of minority shareholders": 1317,
        "Total Cost of profits": 1315,
        "Profit after tax corporate income": 5997,
        "Volume": 62742141,
        "Close of Quarter": 4.4,
        "EPS": -126.4,
        "Non-adjusted EPS": -179,
        "PE": -24.5,
        "Book Price": 6.9
      }
    },
    {
      "quarter": "Q2 2011",
      "income status": {
        "Net sales": 63596,
        "Cost of goods sold": 49184,
        "Gross Profit": 14411,
        "Financial expenses": 35941,
        "Of which: Interest expense": 18262,
        "Cost of sales": 277,
        "Enterprise cost management": 9761,
        "Total Operating Expenses": 45979,
        "Total revenue financing activities": 10592,
        "Net profit from business activities": -20976,
        "Profit": 744,
        "Profit before tax": -22477,
        "Present corporate income tax expenses": -123,
        "Deferred income taxes expenses": 41,
        "The interests of minority shareholders": -1676,
        "Total Cost of profits": -1758,
        "Profit after tax corporate income": -20719,
        "Volume": 62742141,
        "Close of Quarter": 4.3,
        "EPS": -138.4,
        "Non-adjusted EPS": -196,
        "PE": -21.9,
        "Book Price": 6.8
      }
    },
    {
      "quarter": "Q1 2011",
      "income status": {
        "Net sales": 79591,
        "Cost of goods sold": 60393,
        "Gross Profit": 19199,
        "Financial expenses": 14556,
        "Of which: Interest expense": 14169,
        "Cost of sales": 532,
        "Enterprise cost management": 7473,
        "Total Operating Expenses": 22561,
        "Total revenue financing activities": 1939,
        "Net profit from business activities": -1424,
        "Profit": 448,
        "Profit before tax": -656,
        "Present corporate income tax expenses": 266,
        "Deferred income taxes expenses": -41,
        "The interests of minority shareholders": -1459,
        "Total Cost of profits": -1234,
        "Profit after tax corporate income": 577,
        "Volume": 62742141,
        "Close of Quarter": 5.8,
        "EPS": 241.6,
        "Non-adjusted EPS": 342,
        "PE": 16.9,
        "Book Price": 7.4
      }
    }
  ]
}