{
  "ticker": "HCC",
  "data": [
    {
      "quarter": "Q4 2016",
      "income status": {
        "Net sales": 101408,
        "Cost of goods sold": 92328,
        "Gross Profit": 9081,
        "Financial expenses": 837,
        "Of which: Interest expense": 837,
        "Cost of sales": "N/A",
        "Enterprise cost management": 3454,
        "Total Operating Expenses": 4291,
        "Total revenue financing activities": 32,
        "Net profit from business activities": 4822,
        "Profit": -164,
        "Profit before tax": 4658,
        "Present corporate income tax expenses": 952,
        "Deferred income taxes expenses": 6,
        "The interests of minority shareholders": "N/A",
        "Total Cost of profits": 958,
        "Profit after tax corporate income": 3700,
        "Volume": 4404548,
        "Close of Quarter": 20.6,
        "EPS": 5131,
        "Non-adjusted EPS": 5131,
        "PE": 4.0,
        "Book Price": 16.6
      }
    },
    {
      "quarter": "Q3 2016",
      "income status": {
        "Net sales": 94399,
        "Cost of goods sold": 84049,
        "Gross Profit": 10350,
        "Financial expenses": 954,
        "Of which: Interest expense": 954,
        "Cost of sales": "N/A",
        "Enterprise cost management": 2834,
        "Total Operating Expenses": 3788,
        "Total revenue financing activities": 6,
        "Net profit from business activities": 6569,
        "Profit": 1554,
        "Profit before tax": 8122,
        "Present corporate income tax expenses": 1625,
        "Deferred income taxes expenses": "N/A",
        "The interests of minority shareholders": "N/A",
        "Total Cost of profits": 1625,
        "Profit after tax corporate income": 6498,
        "Volume": 3670522,
        "Close of Quarter": 22.1,
        "EPS": 4328.4,
        "Non-adjusted EPS": 5194,
        "PE": 4.3,
        "Book Price": 15.8
      }
    },
    {
      "quarter": "Q2 2016",
      "income status": {
        "Net sales": 93559,
        "Cost of goods sold": 81500,
        "Gross Profit": 12059,
        "Financial expenses": 700,
        "Of which: Interest expense": 700,
        "Cost of sales": "N/A",
        "Enterprise cost management": 2450,
        "Total Operating Expenses": 3150,
        "Total revenue financing activities": 5,
        "Net profit from business activities": 8914,
        "Profit": -87,
        "Profit before tax": 8826,
        "Present corporate income tax expenses": 1591,
        "Deferred income taxes expenses": 6,
        "The interests of minority shareholders": "N/A",
        "Total Cost of profits": 1597,
        "Profit after tax corporate income": 7229,
        "Volume": 3670522,
        "Close of Quarter": 17.1,
        "EPS": 4345.1,
        "Non-adjusted EPS": 5214,
        "PE": 3.3,
        "Book Price": 15.9
      }
    },
    {
      "quarter": "Q1 2016",
      "income status": {
        "Net sales": 70694,
        "Cost of goods sold": 62019,
        "Gross Profit": 8675,
        "Financial expenses": 625,
        "Of which: Interest expense": 625,
        "Cost of sales": "N/A",
        "Enterprise cost management": 1509,
        "Total Operating Expenses": 2134,
        "Total revenue financing activities": 6,
        "Net profit from business activities": 6547,
        "Profit": -136,
        "Profit before tax": 6411,
        "Present corporate income tax expenses": 1240,
        "Deferred income taxes expenses": "N/A",
        "The interests of minority shareholders": "N/A",
        "Total Cost of profits": 1240,
        "Profit after tax corporate income": 5171,
        "Volume": 3670522,
        "Close of Quarter": 13.6,
        "EPS": 3968.4,
        "Non-adjusted EPS": 4762,
        "PE": 2.9,
        "Book Price": 14.5
      }
    },
    {
      "quarter": "Q4 2015",
      "income status": {
        "Net sales": 67053,
        "Cost of goods sold": 63825,
        "Gross Profit": 3229,
        "Financial expenses": 204,
        "Of which: Interest expense": 556,
        "Cost of sales": "N/A",
        "Enterprise cost management": 2760,
        "Total Operating Expenses": 2964,
        "Total revenue financing activities": 34,
        "Net profit from business activities": 299,
        "Profit": -40,
        "Profit before tax": 259,
        "Present corporate income tax expenses": 90,
        "Deferred income taxes expenses": 4,
        "The interests of minority shareholders": "N/A",
        "Total Cost of profits": 94,
        "Profit after tax corporate income": 165,
        "Volume": 3670522,
        "Close of Quarter": 15.4,
        "EPS": 3640.9,
        "Non-adjusted EPS": 4369,
        "PE": 3.5,
        "Book Price": 13.3
      }
    },
    {
      "quarter": "Q3 2015",
      "income status": {
        "Net sales": 84752,
        "Cost of goods sold": 73922,
        "Gross Profit": 10831,
        "Financial expenses": 509,
        "Of which: Interest expense": 509,
        "Cost of sales": "N/A",
        "Enterprise cost management": 2277,
        "Total Operating Expenses": 2786,
        "Total revenue financing activities": 5,
        "Net profit from business activities": 8050,
        "Profit": 57,
        "Profit before tax": 8107,
        "Present corporate income tax expenses": 1532,
        "Deferred income taxes expenses": "N/A",
        "The interests of minority shareholders": "N/A",
        "Total Cost of profits": 1532,
        "Profit after tax corporate income": 6574,
        "Volume": 3670522,
        "Close of Quarter": 14.7,
        "EPS": 4208.4,
        "Non-adjusted EPS": 5050,
        "PE": 2.9,
        "Book Price": 15
      }
    },
    {
      "quarter": "Q2 2015",
      "income status": {
        "Net sales": 74327,
        "Cost of goods sold": 64179,
        "Gross Profit": 10148,
        "Financial expenses": -27,
        "Of which: Interest expense": 453,
        "Cost of sales": "N/A",
        "Enterprise cost management": 2287,
        "Total Operating Expenses": 2260,
        "Total revenue financing activities": 5,
        "Net profit from business activities": 7893,
        "Profit": -160,
        "Profit before tax": 7733,
        "Present corporate income tax expenses": 2297,
        "Deferred income taxes expenses": -134,
        "The interests of minority shareholders": "N/A",
        "Total Cost of profits": 2163,
        "Profit after tax corporate income": 5570,
        "Volume": 3670522,
        "Close of Quarter": 9.3,
        "EPS": 3670.9,
        "Non-adjusted EPS": 4405,
        "PE": 2.1,
        "Book Price": 13.5
      }
    },
    {
      "quarter": "Q1 2015",
      "income status": {
        "Net sales": 58787,
        "Cost of goods sold": 51914,
        "Gross Profit": 6873,
        "Financial expenses": 393,
        "Of which: Interest expense": 393,
        "Cost of sales": "N/A",
        "Enterprise cost management": 1749,
        "Total Operating Expenses": 2142,
        "Total revenue financing activities": 4,
        "Net profit from business activities": 4735,
        "Profit": -98,
        "Profit before tax": 4637,
        "Present corporate income tax expenses": 909,
        "Deferred income taxes expenses": "N/A",
        "The interests of minority shareholders": "N/A",
        "Total Cost of profits": 909,
        "Profit after tax corporate income": 3728,
        "Volume": 3670522,
        "Close of Quarter": 7.5,
        "EPS": 3021.7,
        "Non-adjusted EPS": 3626,
        "PE": 2.1,
        "Book Price": 12.6
      }
    },
    {
      "quarter": "Q4 2014",
      "income status": {
        "Net sales": 61658,
        "Cost of goods sold": 56272,
        "Gross Profit": 5386,
        "Financial expenses": 610,
        "Of which: Interest expense": 490,
        "Cost of sales": "N/A",
        "Enterprise cost management": 1491,
        "Total Operating Expenses": 2101,
        "Total revenue financing activities": 2,
        "Net profit from business activities": 3287,
        "Profit": -93,
        "Profit before tax": 3194,
        "Present corporate income tax expenses": 529,
        "Deferred income taxes expenses": "N/A",
        "The interests of minority shareholders": "N/A",
        "Total Cost of profits": 529,
        "Profit after tax corporate income": 2665,
        "Volume": 3670522,
        "Close of Quarter": 5.7,
        "EPS": 2184.2,
        "Non-adjusted EPS": 2621,
        "PE": 2.2,
        "Book Price": 11.8
      }
    },
    {
      "quarter": "Q3 2014",
      "income status": {
        "Net sales": 56941,
        "Cost of goods sold": 50607,
        "Gross Profit": 6334,
        "Financial expenses": 254,
        "Of which: Interest expense": 254,
        "Cost of sales": "N/A",
        "Enterprise cost management": 1217,
        "Total Operating Expenses": 1471,
        "Total revenue financing activities": 3,
        "Net profit from business activities": 4867,
        "Profit": -100,
        "Profit before tax": 4766,
        "Present corporate income tax expenses": 561,
        "Deferred income taxes expenses": "N/A",
        "The interests of minority shareholders": "N/A",
        "Total Cost of profits": 561,
        "Profit after tax corporate income": 4206,
        "Volume": 3670522,
        "Close of Quarter": 5.0,
        "EPS": 1720.9,
        "Non-adjusted EPS": 2065,
        "PE": 2.4,
        "Book Price": 11.2
      }
    },
    {
      "quarter": "Q2 2014",
      "income status": {
        "Net sales": 56449,
        "Cost of goods sold": 50639,
        "Gross Profit": 5809,
        "Financial expenses": -109,
        "Of which: Interest expense": 143,
        "Cost of sales": "N/A",
        "Enterprise cost management": 2831,
        "Total Operating Expenses": 2722,
        "Total revenue financing activities": 1,
        "Net profit from business activities": 3089,
        "Profit": -160,
        "Profit before tax": 2928,
        "Present corporate income tax expenses": 219,
        "Deferred income taxes expenses": "N/A",
        "The interests of minority shareholders": "N/A",
        "Total Cost of profits": 219,
        "Profit after tax corporate income": 2709,
        "Volume": 3670522,
        "Close of Quarter": 5.4,
        "EPS": 915.0,
        "Non-adjusted EPS": 1098,
        "PE": 4.9,
        "Book Price": 10.5
      }
    },
    {
      "quarter": "Q1 2014",
      "income status": {
        "Net sales": 21045,
        "Cost of goods sold": 20108,
        "Gross Profit": 937,
        "Financial expenses": 115,
        "Of which: Interest expense": 115,
        "Cost of sales": "N/A",
        "Enterprise cost management": 770,
        "Total Operating Expenses": 885,
        "Total revenue financing activities": 3,
        "Net profit from business activities": 55,
        "Profit": -12,
        "Profit before tax": 42,
        "Present corporate income tax expenses": 3,
        "Deferred income taxes expenses": "N/A",
        "The interests of minority shareholders": "N/A",
        "Total Cost of profits": 3,
        "Profit after tax corporate income": 40,
        "Volume": 3670522,
        "Close of Quarter": 5.3,
        "EPS": 435.0,
        "Non-adjusted EPS": 522,
        "PE": 10.2,
        "Book Price": 9.9
      }
    },
    {
      "quarter": "Q4 2013",
      "income status": {
        "Net sales": 31394,
        "Cost of goods sold": 28993,
        "Gross Profit": 2401,
        "Financial expenses": 216,
        "Of which: Interest expense": 216,
        "Cost of sales": "N/A",
        "Enterprise cost management": 1370,
        "Total Operating Expenses": 1586,
        "Total revenue financing activities": 3,
        "Net profit from business activities": 819,
        "Profit": -90,
        "Profit before tax": 729,
        "Present corporate income tax expenses": 104,
        "Deferred income taxes expenses": "N/A",
        "The interests of minority shareholders": "N/A",
        "Total Cost of profits": 104,
        "Profit after tax corporate income": 625,
        "Volume": 3670522,
        "Close of Quarter": 4.2,
        "EPS": 438.3,
        "Non-adjusted EPS": 526,
        "PE": 7.9,
        "Book Price": 10
      }
    },
    {
      "quarter": "Q3 2013",
      "income status": {
        "Net sales": 36790,
        "Cost of goods sold": 33272,
        "Gross Profit": 3518,
        "Financial expenses": 174,
        "Of which: Interest expense": 174,
        "Cost of sales": "N/A",
        "Enterprise cost management": 1603,
        "Total Operating Expenses": 1777,
        "Total revenue financing activities": 51,
        "Net profit from business activities": 1791,
        "Profit": -729,
        "Profit before tax": 1062,
        "Present corporate income tax expenses": 405,
        "Deferred income taxes expenses": "N/A",
        "The interests of minority shareholders": "N/A",
        "Total Cost of profits": 405,
        "Profit after tax corporate income": 657,
        "Volume": 3670522,
        "Close of Quarter": 4.5,
        "EPS": 846.7,
        "Non-adjusted EPS": 1016,
        "PE": 4.5,
        "Book Price": 10.3
      }
    },
    {
      "quarter": "Q2 2013",
      "income status": {
        "Net sales": 36112,
        "Cost of goods sold": 33003,
        "Gross Profit": 3109,
        "Financial expenses": 195,
        "Of which: Interest expense": 195,
        "Cost of sales": "N/A",
        "Enterprise cost management": 1930,
        "Total Operating Expenses": 2125,
        "Total revenue financing activities": 3,
        "Net profit from business activities": 987,
        "Profit": -160,
        "Profit before tax": 827,
        "Present corporate income tax expenses": 233,
        "Deferred income taxes expenses": "N/A",
        "The interests of minority shareholders": "N/A",
        "Total Cost of profits": 233,
        "Profit after tax corporate income": 593,
        "Volume": 3670522,
        "Close of Quarter": 5.5,
        "EPS": 1696.7,
        "Non-adjusted EPS": 2036,
        "PE": 2.7,
        "Book Price": 10.2
      }
    },
    {
      "quarter": "Q1 2013",
      "income status": {
        "Net sales": 31858,
        "Cost of goods sold": 30482,
        "Gross Profit": 1376,
        "Financial expenses": 270,
        "Of which: Interest expense": 270,
        "Cost of sales": "N/A",
        "Enterprise cost management": 1039,
        "Total Operating Expenses": 1309,
        "Total revenue financing activities": 4,
        "Net profit from business activities": 71,
        "Profit": 23,
        "Profit before tax": 95,
        "Present corporate income tax expenses": 40,
        "Deferred income taxes expenses": "N/A",
        "The interests of minority shareholders": "N/A",
        "Total Cost of profits": 40,
        "Profit after tax corporate income": 54,
        "Volume": 3670522,
        "Close of Quarter": 5.6,
        "EPS": 2311.7,
        "Non-adjusted EPS": 2774,
        "PE": 2.0,
        "Book Price": 10.3
      }
    },
    {
      "quarter": "Q4 2012",
      "income status": {
        "Net sales": 45969,
        "Cost of goods sold": 42405,
        "Gross Profit": 3563,
        "Financial expenses": 440,
        "Of which: Interest expense": 440,
        "Cost of sales": "N/A",
        "Enterprise cost management": 1241,
        "Total Operating Expenses": 1681,
        "Total revenue financing activities": 580,
        "Net profit from business activities": 2462,
        "Profit": 267,
        "Profit before tax": 2730,
        "Present corporate income tax expenses": 305,
        "Deferred income taxes expenses": "N/A",
        "The interests of minority shareholders": "N/A",
        "Total Cost of profits": 305,
        "Profit after tax corporate income": 2425,
        "Volume": 3670522,
        "Close of Quarter": 5,
        "EPS": 2687.6,
        "Non-adjusted EPS": 3225,
        "PE": 1.6,
        "Book Price": 10.5
      }
    },
    {
      "quarter": "Q3 2012",
      "income status": {
        "Net sales": 54928,
        "Cost of goods sold": 48968,
        "Gross Profit": 5960,
        "Financial expenses": 418,
        "Of which: Interest expense": 418,
        "Cost of sales": "N/A",
        "Enterprise cost management": 859,
        "Total Operating Expenses": 1277,
        "Total revenue financing activities": 28,
        "Net profit from business activities": 4711,
        "Profit": -76,
        "Profit before tax": 4635,
        "Present corporate income tax expenses": 233,
        "Deferred income taxes expenses": "N/A",
        "The interests of minority shareholders": "N/A",
        "Total Cost of profits": 233,
        "Profit after tax corporate income": 4402,
        "Volume": 3670522,
        "Close of Quarter": 3.6,
        "EPS": 2918.4,
        "Non-adjusted EPS": 3502,
        "PE": 1.0,
        "Book Price": 11.6
      }
    },
    {
      "quarter": "Q2 2012",
      "income status": {
        "Net sales": 55138,
        "Cost of goods sold": 49762,
        "Gross Profit": 5376,
        "Financial expenses": 835,
        "Of which: Interest expense": 835,
        "Cost of sales": "N/A",
        "Enterprise cost management": 1214,
        "Total Operating Expenses": 2049,
        "Total revenue financing activities": 624,
        "Net profit from business activities": 3951,
        "Profit": -82,
        "Profit before tax": 3869,
        "Present corporate income tax expenses": 568,
        "Deferred income taxes expenses": "N/A",
        "The interests of minority shareholders": "N/A",
        "Total Cost of profits": 568,
        "Profit after tax corporate income": 3300,
        "Volume": 3670522,
        "Close of Quarter": 4.6,
        "EPS": 3160.1,
        "Non-adjusted EPS": 3792,
        "PE": 1.2,
        "Book Price": 10.6
      }
    },
    {
      "quarter": "Q1 2012",
      "income status": {
        "Net sales": 39788,
        "Cost of goods sold": 35493,
        "Gross Profit": 4296,
        "Financial expenses": 976,
        "Of which: Interest expense": 976,
        "Cost of sales": "N/A",
        "Enterprise cost management": 1091,
        "Total Operating Expenses": 2067,
        "Total revenue financing activities": 111,
        "Net profit from business activities": 2340,
        "Profit": -75,
        "Profit before tax": 2265,
        "Present corporate income tax expenses": 553,
        "Deferred income taxes expenses": "N/A",
        "The interests of minority shareholders": "N/A",
        "Total Cost of profits": 553,
        "Profit after tax corporate income": 1712,
        "Volume": 3670522,
        "Close of Quarter": 3.4,
        "EPS": 3175.9,
        "Non-adjusted EPS": 3811,
        "PE": 0.9,
        "Book Price": 11
      }
    },
    {
      "quarter": "Q4 2011",
      "income status": {
        "Net sales": 57850,
        "Cost of goods sold": 51512,
        "Gross Profit": 6338,
        "Financial expenses": 1112,
        "Of which: Interest expense": 1112,
        "Cost of sales": "N/A",
        "Enterprise cost management": 1785,
        "Total Operating Expenses": 2897,
        "Total revenue financing activities": 12,
        "Net profit from business activities": 3453,
        "Profit": -28,
        "Profit before tax": 3424,
        "Present corporate income tax expenses": -14,
        "Deferred income taxes expenses": "N/A",
        "The interests of minority shareholders": "N/A",
        "Total Cost of profits": -14,
        "Profit after tax corporate income": 3439,
        "Volume": 3670522,
        "Close of Quarter": 1.9,
        "EPS": 3215.9,
        "Non-adjusted EPS": 3859,
        "PE": 0.5,
        "Book Price": 12.6
      }
    },
    {
      "quarter": "Q3 2011",
      "income status": {
        "Net sales": 74017,
        "Cost of goods sold": 65474,
        "Gross Profit": 8543,
        "Financial expenses": 1548,
        "Of which: Interest expense": 1548,
        "Cost of sales": "N/A",
        "Enterprise cost management": 718,
        "Total Operating Expenses": 2266,
        "Total revenue financing activities": 86,
        "Net profit from business activities": 6363,
        "Profit": 235,
        "Profit before tax": 6599,
        "Present corporate income tax expenses": 1132,
        "Deferred income taxes expenses": "N/A",
        "The interests of minority shareholders": "N/A",
        "Total Cost of profits": 1132,
        "Profit after tax corporate income": 5466,
        "Volume": 3670522,
        "Close of Quarter": 4.6,
        "EPS": 2805.1,
        "Non-adjusted EPS": 3366,
        "PE": 1.4,
        "Book Price": 11.8
      }
    },
    {
      "quarter": "Q2 2011",
      "income status": {
        "Net sales": 60603,
        "Cost of goods sold": 54910,
        "Gross Profit": 5693,
        "Financial expenses": 1057,
        "Of which: Interest expense": 1057,
        "Cost of sales": "N/A",
        "Enterprise cost management": 628,
        "Total Operating Expenses": 1685,
        "Total revenue financing activities": 135,
        "Net profit from business activities": 4144,
        "Profit": -303,
        "Profit before tax": 3841,
        "Present corporate income tax expenses": 471,
        "Deferred income taxes expenses": "N/A",
        "The interests of minority shareholders": "N/A",
        "Total Cost of profits": 471,
        "Profit after tax corporate income": 3370,
        "Volume": 2823561,
        "Close of Quarter": 7.6,
        "EPS": 2088.6,
        "Non-adjusted EPS": 3258,
        "PE": 2.3,
        "Book Price": 10.6
      }
    },
    {
      "quarter": "Q1 2011",
      "income status": {
        "Net sales": 38003,
        "Cost of goods sold": 33797,
        "Gross Profit": 4206,
        "Financial expenses": 1078,
        "Of which: Interest expense": 1078,
        "Cost of sales": "N/A",
        "Enterprise cost management": 926,
        "Total Operating Expenses": 2004,
        "Total revenue financing activities": 22,
        "Net profit from business activities": 2224,
        "Profit": -13,
        "Profit before tax": 2210,
        "Present corporate income tax expenses": 322,
        "Deferred income taxes expenses": "N/A",
        "The interests of minority shareholders": "N/A",
        "Total Cost of profits": 322,
        "Profit after tax corporate income": 1889,
        "Volume": 2823561,
        "Close of Quarter": 7.0,
        "EPS": 1984.7,
        "Non-adjusted EPS": 3096,
        "PE": 2.3,
        "Book Price": 9.9
      }
    }
  ]
}