{
  "ticker": "LGL",
  "data": [
    {
      "quarter": "Q4 2016",
      "income status": {
        "Net sales": 116519,
        "Cost of goods sold": 101519,
        "Gross Profit": 15001,
        "Financial expenses": 5674,
        "Of which: Interest expense": 5674,
        "Cost of sales": "N/A",
        "Enterprise cost management": 1563,
        "Total Operating Expenses": 7237,
        "Total revenue financing activities": 303,
        "Net profit from business activities": 9256,
        "Profit": -179,
        "Profit before tax": 9077,
        "Present corporate income tax expenses": 480,
        "Deferred income taxes expenses": -48,
        "The interests of minority shareholders": 527,
        "Total Cost of profits": 959,
        "Profit after tax corporate income": 8119,
        "Volume": 19996375,
        "Close of Quarter": 8.0,
        "EPS": 132.4,
        "Non-adjusted EPS": 229,
        "PE": 34.9,
        "Book Price": 10.6
      }
    },
    {
      "quarter": "Q3 2016",
      "income status": {
        "Net sales": 57273,
        "Cost of goods sold": 47942,
        "Gross Profit": 9331,
        "Financial expenses": 2464,
        "Of which: Interest expense": 1950,
        "Cost of sales": "N/A",
        "Enterprise cost management": 2046,
        "Total Operating Expenses": 4510,
        "Total revenue financing activities": 24,
        "Net profit from business activities": 5798,
        "Profit": 46,
        "Profit before tax": 5844,
        "Present corporate income tax expenses": 596,
        "Deferred income taxes expenses": -81,
        "The interests of minority shareholders": 699,
        "Total Cost of profits": 1214,
        "Profit after tax corporate income": 4630,
        "Volume": 19996375,
        "Close of Quarter": 6.8,
        "EPS": -46.2,
        "Non-adjusted EPS": -80,
        "PE": -85.4,
        "Book Price": 10.3
      }
    },
    {
      "quarter": "Q2 2016",
      "income status": {
        "Net sales": -614,
        "Cost of goods sold": 4818,
        "Gross Profit": -5432,
        "Financial expenses": 2469,
        "Of which: Interest expense": 1192,
        "Cost of sales": "N/A",
        "Enterprise cost management": 1039,
        "Total Operating Expenses": 3508,
        "Total revenue financing activities": -787,
        "Net profit from business activities": -10958,
        "Profit": -196,
        "Profit before tax": -11154,
        "Present corporate income tax expenses": 193,
        "Deferred income taxes expenses": -2381,
        "The interests of minority shareholders": 98,
        "Total Cost of profits": -2090,
        "Profit after tax corporate income": -9064,
        "Volume": 19996375,
        "Close of Quarter": 7.1,
        "EPS": -108.1,
        "Non-adjusted EPS": -187,
        "PE": -37.9,
        "Book Price": 9.8
      }
    },
    {
      "quarter": "Q1 2016",
      "income status": {
        "Net sales": 18660,
        "Cost of goods sold": 6824,
        "Gross Profit": 11836,
        "Financial expenses": 5890,
        "Of which: Interest expense": 4503,
        "Cost of sales": "N/A",
        "Enterprise cost management": 3231,
        "Total Operating Expenses": 9121,
        "Total revenue financing activities": 845,
        "Net profit from business activities": 2261,
        "Profit": -16,
        "Profit before tax": 2245,
        "Present corporate income tax expenses": 564,
        "Deferred income taxes expenses": 270,
        "The interests of minority shareholders": 507,
        "Total Cost of profits": 1341,
        "Profit after tax corporate income": 903,
        "Volume": 19996375,
        "Close of Quarter": 6.4,
        "EPS": 698.8,
        "Non-adjusted EPS": 1209,
        "PE": 5.3,
        "Book Price": 10.1
      }
    },
    {
      "quarter": "Q4 2015",
      "income status": {
        "Net sales": 46589,
        "Cost of goods sold": 36887,
        "Gross Profit": 9701,
        "Financial expenses": 3464,
        "Of which: Interest expense": 3464,
        "Cost of sales": "N/A",
        "Enterprise cost management": 4518,
        "Total Operating Expenses": 7982,
        "Total revenue financing activities": 6,
        "Net profit from business activities": 279,
        "Profit": 2437,
        "Profit before tax": 2716,
        "Present corporate income tax expenses": 393,
        "Deferred income taxes expenses": 20,
        "The interests of minority shareholders": 375,
        "Total Cost of profits": 788,
        "Profit after tax corporate income": 1928,
        "Volume": 19996375,
        "Close of Quarter": 6,
        "EPS": 710.4,
        "Non-adjusted EPS": 1229,
        "PE": 4.9,
        "Book Price": 10.5
      }
    },
    {
      "quarter": "Q3 2015",
      "income status": {
        "Net sales": 48715,
        "Cost of goods sold": 39913,
        "Gross Profit": 8802,
        "Financial expenses": 529,
        "Of which: Interest expense": 4056,
        "Cost of sales": "N/A",
        "Enterprise cost management": 4024,
        "Total Operating Expenses": 4553,
        "Total revenue financing activities": 65,
        "Net profit from business activities": 2897,
        "Profit": 225,
        "Profit before tax": 3122,
        "Present corporate income tax expenses": 283,
        "Deferred income taxes expenses": 33,
        "The interests of minority shareholders": 309,
        "Total Cost of profits": 625,
        "Profit after tax corporate income": 2497,
        "Volume": 19996375,
        "Close of Quarter": 6.6,
        "EPS": 1141.0,
        "Non-adjusted EPS": 1974,
        "PE": 3.3,
        "Book Price": 10.5
      }
    },
    {
      "quarter": "Q2 2015",
      "income status": {
        "Net sales": 116748,
        "Cost of goods sold": 73483,
        "Gross Profit": 43265,
        "Financial expenses": 6129,
        "Of which: Interest expense": 4438,
        "Cost of sales": "N/A",
        "Enterprise cost management": 7643,
        "Total Operating Expenses": 13772,
        "Total revenue financing activities": 282,
        "Net profit from business activities": 28431,
        "Profit": -7780,
        "Profit before tax": 20651,
        "Present corporate income tax expenses": 809,
        "Deferred income taxes expenses": -96,
        "The interests of minority shareholders": 1084,
        "Total Cost of profits": 1797,
        "Profit after tax corporate income": 18854,
        "Volume": 19996375,
        "Close of Quarter": 6.5,
        "EPS": 1263.6,
        "Non-adjusted EPS": 2186,
        "PE": 3.0,
        "Book Price": 10.2
      }
    },
    {
      "quarter": "Q1 2015",
      "income status": {
        "Net sales": 36835,
        "Cost of goods sold": 30755,
        "Gross Profit": 6079,
        "Financial expenses": 3994,
        "Of which: Interest expense": 4628,
        "Cost of sales": "N/A",
        "Enterprise cost management": 2866,
        "Total Operating Expenses": 6860,
        "Total revenue financing activities": 966,
        "Net profit from business activities": -1155,
        "Profit": 7443,
        "Profit before tax": 6288,
        "Present corporate income tax expenses": 2534,
        "Deferred income taxes expenses": "N/A",
        "The interests of minority shareholders": 2452,
        "Total Cost of profits": 4986,
        "Profit after tax corporate income": 1302,
        "Volume": 19996375,
        "Close of Quarter": 6.5,
        "EPS": 815.0,
        "Non-adjusted EPS": 1410,
        "PE": 4.6,
        "Book Price": 9.4
      }
    },
    {
      "quarter": "Q4 2014",
      "income status": {
        "Net sales": 114446,
        "Cost of goods sold": 98483,
        "Gross Profit": 15963,
        "Financial expenses": 6036,
        "Of which: Interest expense": 12766,
        "Cost of sales": "N/A",
        "Enterprise cost management": 4739,
        "Total Operating Expenses": 10775,
        "Total revenue financing activities": 14364,
        "Net profit from business activities": 18334,
        "Profit": -471,
        "Profit before tax": 17864,
        "Present corporate income tax expenses": 427,
        "Deferred income taxes expenses": "N/A",
        "The interests of minority shareholders": 625,
        "Total Cost of profits": 1052,
        "Profit after tax corporate income": 16812,
        "Volume": 19996375,
        "Close of Quarter": 5.4,
        "EPS": 995.4,
        "Non-adjusted EPS": 1722,
        "PE": 3.2,
        "Book Price": 9.5
      }
    },
    {
      "quarter": "Q3 2014",
      "income status": {
        "Net sales": 27727,
        "Cost of goods sold": 15947,
        "Gross Profit": 11779,
        "Financial expenses": 1121,
        "Of which: Interest expense": "N/A",
        "Cost of sales": "N/A",
        "Enterprise cost management": 1930,
        "Total Operating Expenses": 3051,
        "Total revenue financing activities": 130,
        "Net profit from business activities": 7625,
        "Profit": "N/A",
        "Profit before tax": 7625,
        "Present corporate income tax expenses": 862,
        "Deferred income taxes expenses": -668,
        "The interests of minority shareholders": 688,
        "Total Cost of profits": 882,
        "Profit after tax corporate income": 6743,
        "Volume": 19996375,
        "Close of Quarter": 5.3,
        "EPS": 408.7,
        "Non-adjusted EPS": 707,
        "PE": 7.5,
        "Book Price": 9.1
      }
    },
    {
      "quarter": "Q2 2014",
      "income status": {
        "Net sales": 27079,
        "Cost of goods sold": 20101,
        "Gross Profit": 6978,
        "Financial expenses": 1397,
        "Of which: Interest expense": 4555,
        "Cost of sales": "N/A",
        "Enterprise cost management": 4356,
        "Total Operating Expenses": 5753,
        "Total revenue financing activities": 5528,
        "Net profit from business activities": 5650,
        "Profit": 90,
        "Profit before tax": 5740,
        "Present corporate income tax expenses": 676,
        "Deferred income taxes expenses": 668,
        "The interests of minority shareholders": 1060,
        "Total Cost of profits": 2404,
        "Profit after tax corporate income": 3337,
        "Volume": 19996375,
        "Close of Quarter": 3.6,
        "EPS": 37.0,
        "Non-adjusted EPS": 64,
        "PE": 55.9,
        "Book Price": 9.0
      }
    },
    {
      "quarter": "Q1 2014",
      "income status": {
        "Net sales": 14638,
        "Cost of goods sold": 4337,
        "Gross Profit": 10301,
        "Financial expenses": 5726,
        "Of which: Interest expense": 5726,
        "Cost of sales": "N/A",
        "Enterprise cost management": 1654,
        "Total Operating Expenses": 7380,
        "Total revenue financing activities": 6872,
        "Net profit from business activities": 8404,
        "Profit": 51,
        "Profit before tax": 8454,
        "Present corporate income tax expenses": 601,
        "Deferred income taxes expenses": "N/A",
        "The interests of minority shareholders": 317,
        "Total Cost of profits": 918,
        "Profit after tax corporate income": 7536,
        "Volume": 19996375,
        "Close of Quarter": 4.7,
        "EPS": -1233.0,
        "Non-adjusted EPS": -2133,
        "PE": -2.2,
        "Book Price": 8.9
      }
    },
    {
      "quarter": "Q4 2013",
      "income status": {
        "Net sales": 11726,
        "Cost of goods sold": 10070,
        "Gross Profit": 1656,
        "Financial expenses": 19177,
        "Of which: Interest expense": 5492,
        "Cost of sales": "N/A",
        "Enterprise cost management": 2229,
        "Total Operating Expenses": 21406,
        "Total revenue financing activities": 17543,
        "Net profit from business activities": -2206,
        "Profit": 705,
        "Profit before tax": -1360,
        "Present corporate income tax expenses": 471,
        "Deferred income taxes expenses": 56,
        "The interests of minority shareholders": 1598,
        "Total Cost of profits": 2125,
        "Profit after tax corporate income": -3485,
        "Volume": 19996375,
        "Close of Quarter": 2.8,
        "EPS": -1465.3,
        "Non-adjusted EPS": -2535,
        "PE": -1.1,
        "Book Price": 8.2
      }
    },
    {
      "quarter": "Q3 2013",
      "income status": {
        "Net sales": 15383,
        "Cost of goods sold": 7988,
        "Gross Profit": 7395,
        "Financial expenses": 7010,
        "Of which: Interest expense": 7010,
        "Cost of sales": "N/A",
        "Enterprise cost management": 3959,
        "Total Operating Expenses": 10969,
        "Total revenue financing activities": 345,
        "Net profit from business activities": -3229,
        "Profit": 91,
        "Profit before tax": -4524,
        "Present corporate income tax expenses": 855,
        "Deferred income taxes expenses": "N/A",
        "The interests of minority shareholders": 736,
        "Total Cost of profits": 1591,
        "Profit after tax corporate income": -6115,
        "Volume": 19996375,
        "Close of Quarter": 2.2,
        "EPS": -1349.1,
        "Non-adjusted EPS": -2334,
        "PE": -0.9,
        "Book Price": 8.3
      }
    },
    {
      "quarter": "Q2 2013",
      "income status": {
        "Net sales": 7758,
        "Cost of goods sold": -823,
        "Gross Profit": 8581,
        "Financial expenses": 41899,
        "Of which: Interest expense": 10202,
        "Cost of sales": -384,
        "Enterprise cost management": 4976,
        "Total Operating Expenses": 46491,
        "Total revenue financing activities": 846,
        "Net profit from business activities": -37065,
        "Profit": -530,
        "Profit before tax": -39641,
        "Present corporate income tax expenses": 497,
        "Deferred income taxes expenses": -56,
        "The interests of minority shareholders": 502,
        "Total Cost of profits": 943,
        "Profit after tax corporate income": -40584,
        "Volume": 19996375,
        "Close of Quarter": 2.5,
        "EPS": -1142.8,
        "Non-adjusted EPS": -1977,
        "PE": -1.3,
        "Book Price": 8.4
      }
    },
    {
      "quarter": "Q1 2013",
      "income status": {
        "Net sales": 27467,
        "Cost of goods sold": 20510,
        "Gross Profit": 6957,
        "Financial expenses": 6113,
        "Of which: Interest expense": 6113,
        "Cost of sales": 384,
        "Enterprise cost management": 1393,
        "Total Operating Expenses": 7890,
        "Total revenue financing activities": 1805,
        "Net profit from business activities": 872,
        "Profit": 708,
        "Profit before tax": 939,
        "Present corporate income tax expenses": 788,
        "Deferred income taxes expenses": "N/A",
        "The interests of minority shareholders": 665,
        "Total Cost of profits": 1453,
        "Profit after tax corporate income": -515,
        "Volume": 19996375,
        "Close of Quarter": 2.7,
        "EPS": 40.5,
        "Non-adjusted EPS": 70,
        "PE": 38.1,
        "Book Price": 9.6
      }
    },
    {
      "quarter": "Q4 2012",
      "income status": {
        "Net sales": 28610,
        "Cost of goods sold": 21107,
        "Gross Profit": 7503,
        "Financial expenses": 7998,
        "Of which: Interest expense": "N/A",
        "Cost of sales": "N/A",
        "Enterprise cost management": 2475,
        "Total Operating Expenses": 10473,
        "Total revenue financing activities": 5770,
        "Net profit from business activities": 2800,
        "Profit": "N/A",
        "Profit before tax": 2800,
        "Present corporate income tax expenses": 812,
        "Deferred income taxes expenses": "N/A",
        "The interests of minority shareholders": 1451,
        "Total Cost of profits": 2263,
        "Profit after tax corporate income": 537,
        "Volume": 19996375,
        "Close of Quarter": 3,
        "EPS": 74.6,
        "Non-adjusted EPS": 129,
        "PE": 23.3,
        "Book Price": 9.7
      }
    },
    {
      "quarter": "Q3 2012",
      "income status": {
        "Net sales": 66457,
        "Cost of goods sold": 48770,
        "Gross Profit": 17688,
        "Financial expenses": 9780,
        "Of which: Interest expense": 9780,
        "Cost of sales": "N/A",
        "Enterprise cost management": 5672,
        "Total Operating Expenses": 15452,
        "Total revenue financing activities": 488,
        "Net profit from business activities": 2724,
        "Profit": 1263,
        "Profit before tax": 3988,
        "Present corporate income tax expenses": 1410,
        "Deferred income taxes expenses": "N/A",
        "The interests of minority shareholders": 1555,
        "Total Cost of profits": 2965,
        "Profit after tax corporate income": 1022,
        "Volume": 19996375,
        "Close of Quarter": 2.8,
        "EPS": 101.7,
        "Non-adjusted EPS": 176,
        "PE": 16.1,
        "Book Price": 9.7
      }
    },
    {
      "quarter": "Q2 2012",
      "income status": {
        "Net sales": 27457,
        "Cost of goods sold": 15687,
        "Gross Profit": 11770,
        "Financial expenses": 13017,
        "Of which: Interest expense": 13628,
        "Cost of sales": -747,
        "Enterprise cost management": 4434,
        "Total Operating Expenses": 16704,
        "Total revenue financing activities": 5711,
        "Net profit from business activities": 777,
        "Profit": -7,
        "Profit before tax": 770,
        "Present corporate income tax expenses": 167,
        "Deferred income taxes expenses": 272,
        "The interests of minority shareholders": -17,
        "Total Cost of profits": 422,
        "Profit after tax corporate income": 348,
        "Volume": 19996375,
        "Close of Quarter": 4.8,
        "EPS": 101.7,
        "Non-adjusted EPS": 176,
        "PE": 27.4,
        "Book Price": 9.6
      }
    },
    {
      "quarter": "Q1 2012",
      "income status": {
        "Net sales": 35171,
        "Cost of goods sold": 23149,
        "Gross Profit": 12022,
        "Financial expenses": 8771,
        "Of which: Interest expense": 8771,
        "Cost of sales": 747,
        "Enterprise cost management": 2119,
        "Total Operating Expenses": 11637,
        "Total revenue financing activities": 1753,
        "Net profit from business activities": 2138,
        "Profit": "N/A",
        "Profit before tax": 2138,
        "Present corporate income tax expenses": 708,
        "Deferred income taxes expenses": "N/A",
        "The interests of minority shareholders": 763,
        "Total Cost of profits": 1471,
        "Profit after tax corporate income": 667,
        "Volume": 19996375,
        "Close of Quarter": 5.2,
        "EPS": 182.1,
        "Non-adjusted EPS": 315,
        "PE": 16.4,
        "Book Price": 9.7
      }
    },
    {
      "quarter": "Q4 2011",
      "income status": {
        "Net sales": 103114,
        "Cost of goods sold": 88196,
        "Gross Profit": 14918,
        "Financial expenses": 10932,
        "Of which: Interest expense": 8693,
        "Cost of sales": "N/A",
        "Enterprise cost management": 4480,
        "Total Operating Expenses": 15412,
        "Total revenue financing activities": 2656,
        "Net profit from business activities": 2162,
        "Profit": 1330,
        "Profit before tax": 5939,
        "Present corporate income tax expenses": 1366,
        "Deferred income taxes expenses": "N/A",
        "The interests of minority shareholders": 638,
        "Total Cost of profits": 2004,
        "Profit after tax corporate income": 1488,
        "Volume": 19996375,
        "Close of Quarter": 5.6,
        "EPS": 416.2,
        "Non-adjusted EPS": 720,
        "PE": 7.8,
        "Book Price": 11.6
      }
    },
    {
      "quarter": "Q3 2011",
      "income status": {
        "Net sales": 66457,
        "Cost of goods sold": 48770,
        "Gross Profit": 17688,
        "Financial expenses": 9780,
        "Of which: Interest expense": 9780,
        "Cost of sales": "N/A",
        "Enterprise cost management": 5672,
        "Total Operating Expenses": 15452,
        "Total revenue financing activities": 488,
        "Net profit from business activities": 2724,
        "Profit": 1263,
        "Profit before tax": 12152,
        "Present corporate income tax expenses": 1410,
        "Deferred income taxes expenses": "N/A",
        "The interests of minority shareholders": 1555,
        "Total Cost of profits": 2965,
        "Profit after tax corporate income": 1022,
        "Volume": 19996375,
        "Close of Quarter": 7.2,
        "EPS": 499.4,
        "Non-adjusted EPS": 864,
        "PE": 8.3,
        "Book Price": 10.2
      }
    },
    {
      "quarter": "Q2 2011",
      "income status": {
        "Net sales": 101168,
        "Cost of goods sold": 70928,
        "Gross Profit": 30240,
        "Financial expenses": 25646,
        "Of which: Interest expense": 9449,
        "Cost of sales": "N/A",
        "Enterprise cost management": 6046,
        "Total Operating Expenses": 31692,
        "Total revenue financing activities": 10359,
        "Net profit from business activities": 8907,
        "Profit": 5,
        "Profit before tax": 8912,
        "Present corporate income tax expenses": 3414,
        "Deferred income taxes expenses": -1812,
        "The interests of minority shareholders": 4178,
        "Total Cost of profits": 5780,
        "Profit after tax corporate income": 3131,
        "Volume": 19996375,
        "Close of Quarter": 8.4,
        "EPS": 941.0,
        "Non-adjusted EPS": 1628,
        "PE": 5.2,
        "Book Price": 9.7
      }
    },
    {
      "quarter": "Q1 2011",
      "income status": {
        "Net sales": 77344,
        "Cost of goods sold": 60505,
        "Gross Profit": 16839,
        "Financial expenses": 8237,
        "Of which: Interest expense": 7274,
        "Cost of sales": "N/A",
        "Enterprise cost management": 4796,
        "Total Operating Expenses": 13033,
        "Total revenue financing activities": 2605,
        "Net profit from business activities": 6411,
        "Profit": 7756,
        "Profit before tax": 14167,
        "Present corporate income tax expenses": 3542,
        "Deferred income taxes expenses": "N/A",
        "The interests of minority shareholders": 1868,
        "Total Cost of profits": 5410,
        "Profit after tax corporate income": 8757,
        "Volume": 19996375,
        "Close of Quarter": 11.7,
        "EPS": 1064.2,
        "Non-adjusted EPS": 1841,
        "PE": 6.3,
        "Book Price": 9.9
      }
    }
  ]
}