{
  "ticker": "CLL",
  "data": [
    {
      "quarter": "Q4 2016",
      "income status": {
        "Net sales": 70066,
        "Cost of goods sold": 48749,
        "Gross Profit": 21316,
        "Financial expenses": 1330,
        "Of which: Interest expense": 1507,
        "Cost of sales": "N/A",
        "Enterprise cost management": 2037,
        "Total Operating Expenses": 3367,
        "Total revenue financing activities": 1808,
        "Net profit from business activities": 19756,
        "Profit": 73,
        "Profit before tax": 19830,
        "Present corporate income tax expenses": 4006,
        "Deferred income taxes expenses": "N/A",
        "The interests of minority shareholders": "N/A",
        "Total Cost of profits": 4006,
        "Profit after tax corporate income": 15824,
        "Volume": 34000000,
        "Close of Quarter": 24.6,
        "EPS": 2391,
        "Non-adjusted EPS": 2391,
        "PE": 10.3,
        "Book Price": 16.9
      }
    },
    {
      "quarter": "Q3 2016",
      "income status": {
        "Net sales": 70600,
        "Cost of goods sold": 41086,
        "Gross Profit": 29514,
        "Financial expenses": 1693,
        "Of which: Interest expense": 1693,
        "Cost of sales": "N/A",
        "Enterprise cost management": 3813,
        "Total Operating Expenses": 5506,
        "Total revenue financing activities": 1909,
        "Net profit from business activities": 25918,
        "Profit": "N/A",
        "Profit before tax": 25918,
        "Present corporate income tax expenses": 5184,
        "Deferred income taxes expenses": "N/A",
        "The interests of minority shareholders": "N/A",
        "Total Cost of profits": 5184,
        "Profit after tax corporate income": 20735,
        "Volume": 34000000,
        "Close of Quarter": 24.6,
        "EPS": 2602,
        "Non-adjusted EPS": 2602,
        "PE": 9.4,
        "Book Price": 16.5
      }
    },
    {
      "quarter": "Q2 2016",
      "income status": {
        "Net sales": 71306,
        "Cost of goods sold": 40966,
        "Gross Profit": 30340,
        "Financial expenses": 1946,
        "Of which: Interest expense": 1734,
        "Cost of sales": "N/A",
        "Enterprise cost management": 2585,
        "Total Operating Expenses": 4531,
        "Total revenue financing activities": 1770,
        "Net profit from business activities": 27579,
        "Profit": 3,
        "Profit before tax": 27582,
        "Present corporate income tax expenses": 5466,
        "Deferred income taxes expenses": "N/A",
        "The interests of minority shareholders": "N/A",
        "Total Cost of profits": 5466,
        "Profit after tax corporate income": 22116,
        "Volume": 34000000,
        "Close of Quarter": 22.9,
        "EPS": 2574,
        "Non-adjusted EPS": 2574,
        "PE": 8.9,
        "Book Price": 15.9
      }
    },
    {
      "quarter": "Q1 2016",
      "income status": {
        "Net sales": 75730,
        "Cost of goods sold": 44625,
        "Gross Profit": 31105,
        "Financial expenses": 1939,
        "Of which: Interest expense": 1925,
        "Cost of sales": "N/A",
        "Enterprise cost management": 3259,
        "Total Operating Expenses": 5198,
        "Total revenue financing activities": 1669,
        "Net profit from business activities": 27576,
        "Profit": 801,
        "Profit before tax": 28377,
        "Present corporate income tax expenses": 5774,
        "Deferred income taxes expenses": "N/A",
        "The interests of minority shareholders": "N/A",
        "Total Cost of profits": 5774,
        "Profit after tax corporate income": 22603,
        "Volume": 34000000,
        "Close of Quarter": 22.2,
        "EPS": 2524,
        "Non-adjusted EPS": 2524,
        "PE": 8.8,
        "Book Price": 17
      }
    },
    {
      "quarter": "Q4 2015",
      "income status": {
        "Net sales": 79054,
        "Cost of goods sold": 48233,
        "Gross Profit": 30821,
        "Financial expenses": 2837,
        "Of which: Interest expense": 1912,
        "Cost of sales": "N/A",
        "Enterprise cost management": 3724,
        "Total Operating Expenses": 6561,
        "Total revenue financing activities": 1663,
        "Net profit from business activities": 25923,
        "Profit": 2882,
        "Profit before tax": 28805,
        "Present corporate income tax expenses": 5799,
        "Deferred income taxes expenses": "N/A",
        "The interests of minority shareholders": "N/A",
        "Total Cost of profits": 5799,
        "Profit after tax corporate income": 23006,
        "Volume": 34000000,
        "Close of Quarter": 21.8,
        "EPS": 2304,
        "Non-adjusted EPS": 2304,
        "PE": 9.5,
        "Book Price": 16.4
      }
    },
    {
      "quarter": "Q3 2015",
      "income status": {
        "Net sales": 67646,
        "Cost of goods sold": 41312,
        "Gross Profit": 26333,
        "Financial expenses": 2366,
        "Of which: Interest expense": 1849,
        "Cost of sales": "N/A",
        "Enterprise cost management": 3067,
        "Total Operating Expenses": 5433,
        "Total revenue financing activities": 1084,
        "Net profit from business activities": 21985,
        "Profit": 2764,
        "Profit before tax": 24749,
        "Present corporate income tax expenses": 4950,
        "Deferred income taxes expenses": "N/A",
        "The interests of minority shareholders": "N/A",
        "Total Cost of profits": 4950,
        "Profit after tax corporate income": 19799,
        "Volume": 34000000,
        "Close of Quarter": 20.6,
        "EPS": 2157,
        "Non-adjusted EPS": 2157,
        "PE": 9.6,
        "Book Price": 15.7
      }
    },
    {
      "quarter": "Q2 2015",
      "income status": {
        "Net sales": 68558,
        "Cost of goods sold": 37375,
        "Gross Profit": 31182,
        "Financial expenses": 2344,
        "Of which: Interest expense": 1143,
        "Cost of sales": "N/A",
        "Enterprise cost management": 3394,
        "Total Operating Expenses": 5738,
        "Total revenue financing activities": 60,
        "Net profit from business activities": 25505,
        "Profit": 34,
        "Profit before tax": 25538,
        "Present corporate income tax expenses": 5145,
        "Deferred income taxes expenses": "N/A",
        "The interests of minority shareholders": "N/A",
        "Total Cost of profits": 5145,
        "Profit after tax corporate income": 20394,
        "Volume": 24000000,
        "Close of Quarter": 23.1,
        "EPS": 2148,
        "Non-adjusted EPS": 3043,
        "PE": 7.6,
        "Book Price": 15.1
      }
    },
    {
      "quarter": "Q1 2015",
      "income status": {
        "Net sales": 57663,
        "Cost of goods sold": 34310,
        "Gross Profit": 23354,
        "Financial expenses": 1091,
        "Of which: Interest expense": 1011,
        "Cost of sales": "N/A",
        "Enterprise cost management": 3604,
        "Total Operating Expenses": 4695,
        "Total revenue financing activities": 25,
        "Net profit from business activities": 18683,
        "Profit": 218,
        "Profit before tax": 18901,
        "Present corporate income tax expenses": 3780,
        "Deferred income taxes expenses": "N/A",
        "The interests of minority shareholders": "N/A",
        "Total Cost of profits": 3780,
        "Profit after tax corporate income": 15121,
        "Volume": 24000000,
        "Close of Quarter": 22.9,
        "EPS": 2088,
        "Non-adjusted EPS": 2958,
        "PE": 7.8,
        "Book Price": 11.9
      }
    },
    {
      "quarter": "Q4 2014",
      "income status": {
        "Net sales": 64648,
        "Cost of goods sold": 37544,
        "Gross Profit": 27104,
        "Financial expenses": 1176,
        "Of which: Interest expense": 950,
        "Cost of sales": "N/A",
        "Enterprise cost management": 3408,
        "Total Operating Expenses": 4584,
        "Total revenue financing activities": 25,
        "Net profit from business activities": 22545,
        "Profit": "N/A",
        "Profit before tax": 22545,
        "Present corporate income tax expenses": 4509,
        "Deferred income taxes expenses": "N/A",
        "The interests of minority shareholders": "N/A",
        "Total Cost of profits": 4509,
        "Profit after tax corporate income": 18036,
        "Volume": 24000000,
        "Close of Quarter": 25.9,
        "EPS": 2248.2,
        "Non-adjusted EPS": 3185,
        "PE": 8.1,
        "Book Price": 11.5
      }
    },
    {
      "quarter": "Q3 2014",
      "income status": {
        "Net sales": 61311,
        "Cost of goods sold": 33759,
        "Gross Profit": 27552,
        "Financial expenses": 838,
        "Of which: Interest expense": 838,
        "Cost of sales": "N/A",
        "Enterprise cost management": 2511,
        "Total Operating Expenses": 3349,
        "Total revenue financing activities": 143,
        "Net profit from business activities": 24347,
        "Profit": "N/A",
        "Profit before tax": 24347,
        "Present corporate income tax expenses": 4869,
        "Deferred income taxes expenses": "N/A",
        "The interests of minority shareholders": "N/A",
        "Total Cost of profits": 4869,
        "Profit after tax corporate income": 19478,
        "Volume": 24000000,
        "Close of Quarter": 27.7,
        "EPS": 2266.6,
        "Non-adjusted EPS": 3211,
        "PE": 8.6,
        "Book Price": 11.0
      }
    },
    {
      "quarter": "Q2 2014",
      "income status": {
        "Net sales": 56955,
        "Cost of goods sold": 30614,
        "Gross Profit": 26341,
        "Financial expenses": 1736,
        "Of which: Interest expense": 828,
        "Cost of sales": "N/A",
        "Enterprise cost management": 2178,
        "Total Operating Expenses": 3914,
        "Total revenue financing activities": 181,
        "Net profit from business activities": 22608,
        "Profit": 471,
        "Profit before tax": 23079,
        "Present corporate income tax expenses": 4720,
        "Deferred income taxes expenses": "N/A",
        "The interests of minority shareholders": "N/A",
        "Total Cost of profits": 4720,
        "Profit after tax corporate income": 18360,
        "Volume": 24000000,
        "Close of Quarter": "N/A",
        "EPS": 2390.8,
        "Non-adjusted EPS": 3387,
        "PE": "N/A",
        "Book Price": 10.5
      }
    },
    {
      "quarter": "Q1 2014",
      "income status": {
        "Net sales": 52012,
        "Cost of goods sold": 23337,
        "Gross Profit": 28674,
        "Financial expenses": 1229,
        "Of which: Interest expense": 1229,
        "Cost of sales": "N/A",
        "Enterprise cost management": 1964,
        "Total Operating Expenses": 3193,
        "Total revenue financing activities": 218,
        "Net profit from business activities": 25700,
        "Profit": "N/A",
        "Profit before tax": 25700,
        "Present corporate income tax expenses": 5140,
        "Deferred income taxes expenses": "N/A",
        "The interests of minority shareholders": "N/A",
        "Total Cost of profits": 5140,
        "Profit after tax corporate income": 20560,
        "Volume": 24000000,
        "Close of Quarter": "N/A",
        "EPS": 1850.8,
        "Non-adjusted EPS": 2622,
        "PE": "N/A",
        "Book Price": 11.5
      }
    },
    {
      "quarter": "Q4 2013",
      "income status": {
        "Net sales": 53319,
        "Cost of goods sold": 29309,
        "Gross Profit": 24010,
        "Financial expenses": 986,
        "Of which: Interest expense": 986,
        "Cost of sales": "N/A",
        "Enterprise cost management": 2839,
        "Total Operating Expenses": 3825,
        "Total revenue financing activities": 474,
        "Net profit from business activities": 20659,
        "Profit": 90,
        "Profit before tax": 20749,
        "Present corporate income tax expenses": 2075,
        "Deferred income taxes expenses": "N/A",
        "The interests of minority shareholders": "N/A",
        "Total Cost of profits": 2075,
        "Profit after tax corporate income": 18674,
        "Volume": 24000000,
        "Close of Quarter": "N/A",
        "EPS": 1245.9,
        "Non-adjusted EPS": 1765,
        "PE": "N/A",
        "Book Price": 11.0
      }
    },
    {
      "quarter": "Q3 2013",
      "income status": {
        "Net sales": 52371,
        "Cost of goods sold": 23007,
        "Gross Profit": 29365,
        "Financial expenses": 1253,
        "Of which: Interest expense": 1253,
        "Cost of sales": "N/A",
        "Enterprise cost management": 2097,
        "Total Operating Expenses": 3350,
        "Total revenue financing activities": 299,
        "Net profit from business activities": 26314,
        "Profit": "N/A",
        "Profit before tax": 26314,
        "Present corporate income tax expenses": 2631,
        "Deferred income taxes expenses": "N/A",
        "The interests of minority shareholders": "N/A",
        "Total Cost of profits": 2631,
        "Profit after tax corporate income": 23682,
        "Volume": 24000000,
        "Close of Quarter": "N/A",
        "EPS": 696.7,
        "Non-adjusted EPS": 987,
        "PE": "N/A",
        "Book Price": 10.5
      }
    }
  ]
}