{
  "ticker": "DNM",
  "data": [
    {
      "quarter": "Q4 2016",
      "income status": {
        "Net sales": 110762,
        "Cost of goods sold": 94473,
        "Gross Profit": 16289,
        "Financial expenses": 634,
        "Of which: Interest expense": 628,
        "Cost of sales": 4322,
        "Enterprise cost management": 5470,
        "Total Operating Expenses": 10426,
        "Total revenue financing activities": 59,
        "Net profit from business activities": 5922,
        "Profit": 130,
        "Profit before tax": 6052,
        "Present corporate income tax expenses": 1220,
        "Deferred income taxes expenses": "N/A",
        "The interests of minority shareholders": "N/A",
        "Total Cost of profits": 1220,
        "Profit after tax corporate income": 4832,
        "Volume": 4377605,
        "Close of Quarter": 29.9,
        "EPS": 3478,
        "Non-adjusted EPS": 3478,
        "PE": 8.6,
        "Book Price": 17.4
      }
    },
    {
      "quarter": "Q3 2016",
      "income status": {
        "Net sales": 41308,
        "Cost of goods sold": 29477,
        "Gross Profit": 11831,
        "Financial expenses": 321,
        "Of which: Interest expense": 321,
        "Cost of sales": 2662,
        "Enterprise cost management": 4603,
        "Total Operating Expenses": 7586,
        "Total revenue financing activities": 6,
        "Net profit from business activities": 4250,
        "Profit": 201,
        "Profit before tax": 4451,
        "Present corporate income tax expenses": 897,
        "Deferred income taxes expenses": "N/A",
        "The interests of minority shareholders": "N/A",
        "Total Cost of profits": 897,
        "Profit after tax corporate income": 3554,
        "Volume": 4377605,
        "Close of Quarter": 29.1,
        "EPS": 3908,
        "Non-adjusted EPS": 3908,
        "PE": 7.4,
        "Book Price": 17.8
      }
    },
    {
      "quarter": "Q2 2016",
      "income status": {
        "Net sales": 39675,
        "Cost of goods sold": 28500,
        "Gross Profit": 11175,
        "Financial expenses": 421,
        "Of which: Interest expense": 340,
        "Cost of sales": 2328,
        "Enterprise cost management": 3993,
        "Total Operating Expenses": 6742,
        "Total revenue financing activities": 9,
        "Net profit from business activities": 4442,
        "Profit": 28,
        "Profit before tax": 4470,
        "Present corporate income tax expenses": 896,
        "Deferred income taxes expenses": "N/A",
        "The interests of minority shareholders": "N/A",
        "Total Cost of profits": 896,
        "Profit after tax corporate income": 3575,
        "Volume": 4377605,
        "Close of Quarter": 27.6,
        "EPS": 3813,
        "Non-adjusted EPS": 3813,
        "PE": 7.2,
        "Book Price": 17
      }
    },
    {
      "quarter": "Q1 2016",
      "income status": {
        "Net sales": 34354,
        "Cost of goods sold": 24235,
        "Gross Profit": 10118,
        "Financial expenses": 275,
        "Of which: Interest expense": 275,
        "Cost of sales": 1965,
        "Enterprise cost management": 3928,
        "Total Operating Expenses": 6168,
        "Total revenue financing activities": 57,
        "Net profit from business activities": 4008,
        "Profit": 71,
        "Profit before tax": 4079,
        "Present corporate income tax expenses": 816,
        "Deferred income taxes expenses": "N/A",
        "The interests of minority shareholders": "N/A",
        "Total Cost of profits": 816,
        "Profit after tax corporate income": 3263,
        "Volume": 4377605,
        "Close of Quarter": 30.0,
        "EPS": 3514,
        "Non-adjusted EPS": 3514,
        "PE": 8.5,
        "Book Price": 17.9
      }
    },
    {
      "quarter": "Q4 2015",
      "income status": {
        "Net sales": 77213,
        "Cost of goods sold": 58119,
        "Gross Profit": 19094,
        "Financial expenses": 328,
        "Of which: Interest expense": 327,
        "Cost of sales": 5161,
        "Enterprise cost management": 5184,
        "Total Operating Expenses": 10673,
        "Total revenue financing activities": 102,
        "Net profit from business activities": 8524,
        "Profit": 89,
        "Profit before tax": 8612,
        "Present corporate income tax expenses": 1898,
        "Deferred income taxes expenses": "N/A",
        "The interests of minority shareholders": "N/A",
        "Total Cost of profits": 1898,
        "Profit after tax corporate income": 6715,
        "Volume": 4377605,
        "Close of Quarter": 26.7,
        "EPS": 3393,
        "Non-adjusted EPS": 3393,
        "PE": 7.9,
        "Book Price": 17.2
      }
    },
    {
      "quarter": "Q3 2015",
      "income status": {
        "Net sales": 42402,
        "Cost of goods sold": 31198,
        "Gross Profit": 11204,
        "Financial expenses": 354,
        "Of which: Interest expense": 334,
        "Cost of sales": 3217,
        "Enterprise cost management": 3898,
        "Total Operating Expenses": 7469,
        "Total revenue financing activities": 19,
        "Net profit from business activities": 3754,
        "Profit": 269,
        "Profit before tax": 4023,
        "Present corporate income tax expenses": 885,
        "Deferred income taxes expenses": "N/A",
        "The interests of minority shareholders": "N/A",
        "Total Cost of profits": 885,
        "Profit after tax corporate income": 3138,
        "Volume": 4377605,
        "Close of Quarter": 27.7,
        "EPS": 2729,
        "Non-adjusted EPS": 2729,
        "PE": 10.1,
        "Book Price": 17.1
      }
    },
    {
      "quarter": "Q2 2015",
      "income status": {
        "Net sales": 37136,
        "Cost of goods sold": 27985,
        "Gross Profit": 9151,
        "Financial expenses": 350,
        "Of which: Interest expense": 347,
        "Cost of sales": 3063,
        "Enterprise cost management": 2889,
        "Total Operating Expenses": 6302,
        "Total revenue financing activities": 24,
        "Net profit from business activities": 2872,
        "Profit": 39,
        "Profit before tax": 2911,
        "Present corporate income tax expenses": 643,
        "Deferred income taxes expenses": "N/A",
        "The interests of minority shareholders": "N/A",
        "Total Cost of profits": 643,
        "Profit after tax corporate income": 2268,
        "Volume": 4377605,
        "Close of Quarter": 29.4,
        "EPS": 3051,
        "Non-adjusted EPS": 3051,
        "PE": 9.6,
        "Book Price": 15.9
      }
    },
    {
      "quarter": "Q1 2015",
      "income status": {
        "Net sales": 26313,
        "Cost of goods sold": 18239,
        "Gross Profit": 8074,
        "Financial expenses": 479,
        "Of which: Interest expense": 475,
        "Cost of sales": 1276,
        "Enterprise cost management": 3004,
        "Total Operating Expenses": 4759,
        "Total revenue financing activities": 146,
        "Net profit from business activities": 3461,
        "Profit": 43,
        "Profit before tax": 3504,
        "Present corporate income tax expenses": 771,
        "Deferred income taxes expenses": "N/A",
        "The interests of minority shareholders": "N/A",
        "Total Cost of profits": 771,
        "Profit after tax corporate income": 2732,
        "Volume": 4377605,
        "Close of Quarter": 29.3,
        "EPS": 4456,
        "Non-adjusted EPS": 4456,
        "PE": 6.6,
        "Book Price": 18.2
      }
    },
    {
      "quarter": "Q4 2014",
      "income status": {
        "Net sales": 66280,
        "Cost of goods sold": 50135,
        "Gross Profit": 16145,
        "Financial expenses": 735,
        "Of which: Interest expense": 659,
        "Cost of sales": 4349,
        "Enterprise cost management": 6217,
        "Total Operating Expenses": 11301,
        "Total revenue financing activities": 184,
        "Net profit from business activities": 5028,
        "Profit": -140,
        "Profit before tax": 4888,
        "Present corporate income tax expenses": 1081,
        "Deferred income taxes expenses": "N/A",
        "The interests of minority shareholders": "N/A",
        "Total Cost of profits": 1081,
        "Profit after tax corporate income": 3807,
        "Volume": 4169148,
        "Close of Quarter": 29.5,
        "EPS": 4594.3,
        "Non-adjusted EPS": 4824,
        "PE": 6.1,
        "Book Price": 17.6
      }
    },
    {
      "quarter": "Q3 2014",
      "income status": {
        "Net sales": 44262,
        "Cost of goods sold": 29861,
        "Gross Profit": 14401,
        "Financial expenses": 769,
        "Of which: Interest expense": 769,
        "Cost of sales": 3176,
        "Enterprise cost management": 4936,
        "Total Operating Expenses": 8881,
        "Total revenue financing activities": 159,
        "Net profit from business activities": 5680,
        "Profit": 155,
        "Profit before tax": 5835,
        "Present corporate income tax expenses": 1284,
        "Deferred income taxes expenses": "N/A",
        "The interests of minority shareholders": "N/A",
        "Total Cost of profits": 1284,
        "Profit after tax corporate income": 4551,
        "Volume": 3014362,
        "Close of Quarter": 27.6,
        "EPS": 5873.0,
        "Non-adjusted EPS": 8529,
        "PE": 3.2,
        "Book Price": 18.1
      }
    },
    {
      "quarter": "Q2 2014",
      "income status": {
        "Net sales": 78207,
        "Cost of goods sold": 55017,
        "Gross Profit": 23190,
        "Financial expenses": 1306,
        "Of which: Interest expense": 1128,
        "Cost of sales": 4842,
        "Enterprise cost management": 6788,
        "Total Operating Expenses": 12936,
        "Total revenue financing activities": 423,
        "Net profit from business activities": 10677,
        "Profit": 117,
        "Profit before tax": 10794,
        "Present corporate income tax expenses": 2379,
        "Deferred income taxes expenses": "N/A",
        "The interests of minority shareholders": "N/A",
        "Total Cost of profits": 2379,
        "Profit after tax corporate income": 8415,
        "Volume": 3014362,
        "Close of Quarter": 25.4,
        "EPS": 5588.6,
        "Non-adjusted EPS": 8116,
        "PE": 3.1,
        "Book Price": 17.1
      }
    },
    {
      "quarter": "Q1 2014",
      "income status": {
        "Net sales": 30947,
        "Cost of goods sold": 20586,
        "Gross Profit": 10362,
        "Financial expenses": 1003,
        "Of which: Interest expense": 1003,
        "Cost of sales": 2168,
        "Enterprise cost management": 3131,
        "Total Operating Expenses": 6302,
        "Total revenue financing activities": 135,
        "Net profit from business activities": 4194,
        "Profit": 87,
        "Profit before tax": 4281,
        "Present corporate income tax expenses": 942,
        "Deferred income taxes expenses": "N/A",
        "The interests of minority shareholders": "N/A",
        "Total Cost of profits": 942,
        "Profit after tax corporate income": 3339,
        "Volume": 3014362,
        "Close of Quarter": 24.2,
        "EPS": 4198.3,
        "Non-adjusted EPS": 6097,
        "PE": 4.0,
        "Book Price": 12.5
      }
    },
    {
      "quarter": "Q4 2013",
      "income status": {
        "Net sales": 78988,
        "Cost of goods sold": 52426,
        "Gross Profit": 26561,
        "Financial expenses": 1020,
        "Of which: Interest expense": 1020,
        "Cost of sales": 5765,
        "Enterprise cost management": 7696,
        "Total Operating Expenses": 14481,
        "Total revenue financing activities": 407,
        "Net profit from business activities": 12487,
        "Profit": 183,
        "Profit before tax": 12669,
        "Present corporate income tax expenses": 3265,
        "Deferred income taxes expenses": "N/A",
        "The interests of minority shareholders": "N/A",
        "Total Cost of profits": 3265,
        "Profit after tax corporate income": 9404,
        "Volume": 3014362,
        "Close of Quarter": 16.3,
        "EPS": 4259.6,
        "Non-adjusted EPS": 6186,
        "PE": 2.6,
        "Book Price": 14.8
      }
    },
    {
      "quarter": "Q3 2013",
      "income status": {
        "Net sales": 50859,
        "Cost of goods sold": 36053,
        "Gross Profit": 14806,
        "Financial expenses": 1184,
        "Of which: Interest expense": 1184,
        "Cost of sales": 3550,
        "Enterprise cost management": 5799,
        "Total Operating Expenses": 10533,
        "Total revenue financing activities": 10,
        "Net profit from business activities": 4284,
        "Profit": 126,
        "Profit before tax": 4409,
        "Present corporate income tax expenses": 1102,
        "Deferred income taxes expenses": "N/A",
        "The interests of minority shareholders": "N/A",
        "Total Cost of profits": 1102,
        "Profit after tax corporate income": 3307,
        "Volume": 3014362,
        "Close of Quarter": 12.7,
        "EPS": 3714.2,
        "Non-adjusted EPS": 5394,
        "PE": 2.4,
        "Book Price": 12.7
      }
    },
    {
      "quarter": "Q2 2013",
      "income status": {
        "Net sales": 38630,
        "Cost of goods sold": 23850,
        "Gross Profit": 14780,
        "Financial expenses": 1643,
        "Of which: Interest expense": 1643,
        "Cost of sales": 3258,
        "Enterprise cost management": 7720,
        "Total Operating Expenses": 12621,
        "Total revenue financing activities": 282,
        "Net profit from business activities": 2441,
        "Profit": 695,
        "Profit before tax": 3136,
        "Present corporate income tax expenses": 806,
        "Deferred income taxes expenses": "N/A",
        "The interests of minority shareholders": "N/A",
        "Total Cost of profits": 806,
        "Profit after tax corporate income": 2329,
        "Volume": 3014362,
        "Close of Quarter": 11.7,
        "EPS": 3639.9,
        "Non-adjusted EPS": 5286,
        "PE": 2.2,
        "Book Price": 11.9
      }
    },
    {
      "quarter": "Q1 2013",
      "income status": {
        "Net sales": 40908,
        "Cost of goods sold": 28713,
        "Gross Profit": 12194,
        "Financial expenses": 1711,
        "Of which: Interest expense": 1711,
        "Cost of sales": 2458,
        "Enterprise cost management": 3732,
        "Total Operating Expenses": 7901,
        "Total revenue financing activities": 43,
        "Net profit from business activities": 4337,
        "Profit": 473,
        "Profit before tax": 4810,
        "Present corporate income tax expenses": 1203,
        "Deferred income taxes expenses": "N/A",
        "The interests of minority shareholders": "N/A",
        "Total Cost of profits": 1203,
        "Profit after tax corporate income": 3608,
        "Volume": 3014362,
        "Close of Quarter": 10.8,
        "EPS": 3571.7,
        "Non-adjusted EPS": 5187,
        "PE": 2.1,
        "Book Price": 11.8
      }
    },
    {
      "quarter": "Q4 2012",
      "income status": {
        "Net sales": 103400,
        "Cost of goods sold": 74202,
        "Gross Profit": 29198,
        "Financial expenses": 2079,
        "Of which: Interest expense": 2079,
        "Cost of sales": 7055,
        "Enterprise cost management": 11453,
        "Total Operating Expenses": 20587,
        "Total revenue financing activities": 665,
        "Net profit from business activities": 9276,
        "Profit": 76,
        "Profit before tax": 9352,
        "Present corporate income tax expenses": 2338,
        "Deferred income taxes expenses": "N/A",
        "The interests of minority shareholders": "N/A",
        "Total Cost of profits": 2338,
        "Profit after tax corporate income": 7014,
        "Volume": 3014362,
        "Close of Quarter": 7.0,
        "EPS": 2958.2,
        "Non-adjusted EPS": 4296,
        "PE": 1.6,
        "Book Price": 12.5
      }
    },
    {
      "quarter": "Q3 2012",
      "income status": {
        "Net sales": 34784,
        "Cost of goods sold": 21712,
        "Gross Profit": 13072,
        "Financial expenses": 2307,
        "Of which: Interest expense": 2307,
        "Cost of sales": 2651,
        "Enterprise cost management": 4243,
        "Total Operating Expenses": 9201,
        "Total revenue financing activities": 12,
        "Net profit from business activities": 3883,
        "Profit": 94,
        "Profit before tax": 3976,
        "Present corporate income tax expenses": 994,
        "Deferred income taxes expenses": "N/A",
        "The interests of minority shareholders": "N/A",
        "Total Cost of profits": 994,
        "Profit after tax corporate income": 2982,
        "Volume": 2411510,
        "Close of Quarter": 6.7,
        "EPS": 1879.6,
        "Non-adjusted EPS": 3412,
        "PE": 2.0,
        "Book Price": 11.4
      }
    },
    {
      "quarter": "Q2 2012",
      "income status": {
        "Net sales": 42364,
        "Cost of goods sold": 23205,
        "Gross Profit": 19159,
        "Financial expenses": 3850,
        "Of which: Interest expense": 3792,
        "Cost of sales": 3295,
        "Enterprise cost management": 9421,
        "Total Operating Expenses": 16566,
        "Total revenue financing activities": 17,
        "Net profit from business activities": 2610,
        "Profit": 100,
        "Profit before tax": 2711,
        "Present corporate income tax expenses": 681,
        "Deferred income taxes expenses": "N/A",
        "The interests of minority shareholders": "N/A",
        "Total Cost of profits": 681,
        "Profit after tax corporate income": 2030,
        "Volume": 2411510,
        "Close of Quarter": 4.9,
        "EPS": 1681.8,
        "Non-adjusted EPS": 3053,
        "PE": 1.6,
        "Book Price": 10.3
      }
    },
    {
      "quarter": "Q1 2012",
      "income status": {
        "Net sales": 39252,
        "Cost of goods sold": 29110,
        "Gross Profit": 10142,
        "Financial expenses": 2345,
        "Of which: Interest expense": 2345,
        "Cost of sales": 2853,
        "Enterprise cost management": 3793,
        "Total Operating Expenses": 8991,
        "Total revenue financing activities": 26,
        "Net profit from business activities": 1177,
        "Profit": 54,
        "Profit before tax": 1231,
        "Present corporate income tax expenses": 308,
        "Deferred income taxes expenses": "N/A",
        "The interests of minority shareholders": "N/A",
        "Total Cost of profits": 308,
        "Profit after tax corporate income": 923,
        "Volume": 2411510,
        "Close of Quarter": 5.4,
        "EPS": 1501.1,
        "Non-adjusted EPS": 2725,
        "PE": 2.0,
        "Book Price": 10.4
      }
    },
    {
      "quarter": "Q4 2011",
      "income status": {
        "Net sales": 68640,
        "Cost of goods sold": 50491,
        "Gross Profit": 18150,
        "Financial expenses": 2926,
        "Of which: Interest expense": 2912,
        "Cost of sales": 6111,
        "Enterprise cost management": 6585,
        "Total Operating Expenses": 15622,
        "Total revenue financing activities": 28,
        "Net profit from business activities": 2556,
        "Profit": 1486,
        "Profit before tax": 4042,
        "Present corporate income tax expenses": 1748,
        "Deferred income taxes expenses": "N/A",
        "The interests of minority shareholders": "N/A",
        "Total Cost of profits": 1748,
        "Profit after tax corporate income": 2294,
        "Volume": 2411510,
        "Close of Quarter": 5.5,
        "EPS": 1432.3,
        "Non-adjusted EPS": 2600,
        "PE": 2.1,
        "Book Price": 11.0
      }
    },
    {
      "quarter": "Q3 2011",
      "income status": {
        "Net sales": 48936,
        "Cost of goods sold": 34734,
        "Gross Profit": 14202,
        "Financial expenses": 2861,
        "Of which: Interest expense": 2861,
        "Cost of sales": 4563,
        "Enterprise cost management": 3958,
        "Total Operating Expenses": 11382,
        "Total revenue financing activities": 20,
        "Net profit from business activities": 2840,
        "Profit": 73,
        "Profit before tax": 2913,
        "Present corporate income tax expenses": 797,
        "Deferred income taxes expenses": "N/A",
        "The interests of minority shareholders": "N/A",
        "Total Cost of profits": 797,
        "Profit after tax corporate income": 2116,
        "Volume": 2411510,
        "Close of Quarter": 6.3,
        "EPS": 1613.5,
        "Non-adjusted EPS": 2929,
        "PE": 2.2,
        "Book Price": 10.1
      }
    },
    {
      "quarter": "Q2 2011",
      "income status": {
        "Net sales": 53584,
        "Cost of goods sold": 38130,
        "Gross Profit": 15455,
        "Financial expenses": 2791,
        "Of which: Interest expense": 4791,
        "Cost of sales": 4893,
        "Enterprise cost management": 6281,
        "Total Operating Expenses": 13965,
        "Total revenue financing activities": 46,
        "Net profit from business activities": 1535,
        "Profit": 116,
        "Profit before tax": 1651,
        "Present corporate income tax expenses": 413,
        "Deferred income taxes expenses": "N/A",
        "The interests of minority shareholders": "N/A",
        "Total Cost of profits": 413,
        "Profit after tax corporate income": 1238,
        "Volume": 2411510,
        "Close of Quarter": 6.5,
        "EPS": 1176.1,
        "Non-adjusted EPS": 2135,
        "PE": 3.0,
        "Book Price": 9.8
      }
    },
    {
      "quarter": "Q1 2011",
      "income status": {
        "Net sales": 39842,
        "Cost of goods sold": 34485,
        "Gross Profit": 5357,
        "Financial expenses": 1508,
        "Of which: Interest expense": 1508,
        "Cost of sales": 969,
        "Enterprise cost management": 2140,
        "Total Operating Expenses": 4617,
        "Total revenue financing activities": 29,
        "Net profit from business activities": 769,
        "Profit": 60,
        "Profit before tax": 830,
        "Present corporate income tax expenses": 207,
        "Deferred income taxes expenses": "N/A",
        "The interests of minority shareholders": "N/A",
        "Total Cost of profits": 207,
        "Profit after tax corporate income": 622,
        "Volume": 2411510,
        "Close of Quarter": 8.3,
        "EPS": 1052.7,
        "Non-adjusted EPS": 1911,
        "PE": 4.3,
        "Book Price": 10.3
      }
    }
  ]
}