{
  "ticker": "PCT",
  "data": [
    {
      "quarter": "Q4 2016",
      "income status": {
        "Net sales": 29412,
        "Cost of goods sold": 28366,
        "Gross Profit": 1046,
        "Financial expenses": 7,
        "Of which: Interest expense": "N/A",
        "Cost of sales": "N/A",
        "Enterprise cost management": 3391,
        "Total Operating Expenses": 3398,
        "Total revenue financing activities": 1560,
        "Net profit from business activities": -791,
        "Profit": 1208,
        "Profit before tax": 416,
        "Present corporate income tax expenses": 47,
        "Deferred income taxes expenses": 85,
        "The interests of minority shareholders": "N/A",
        "Total Cost of profits": 132,
        "Profit after tax corporate income": 285,
        "Volume": 23000000,
        "Close of Quarter": 9,
        "EPS": 920,
        "Non-adjusted EPS": 920,
        "PE": 9.8,
        "Book Price": 11.1
      }
    },
    {
      "quarter": "Q3 2016",
      "income status": {
        "Net sales": 114888,
        "Cost of goods sold": 112988,
        "Gross Profit": 1900,
        "Financial expenses": "N/A",
        "Of which: Interest expense": "N/A",
        "Cost of sales": "N/A",
        "Enterprise cost management": 5088,
        "Total Operating Expenses": 5088,
        "Total revenue financing activities": 1388,
        "Net profit from business activities": -1801,
        "Profit": 3920,
        "Profit before tax": 2119,
        "Present corporate income tax expenses": 442,
        "Deferred income taxes expenses": "N/A",
        "The interests of minority shareholders": "N/A",
        "Total Cost of profits": 442,
        "Profit after tax corporate income": 1677,
        "Volume": 23000000,
        "Close of Quarter": 9.5,
        "EPS": 1001,
        "Non-adjusted EPS": 1001,
        "PE": 9.5,
        "Book Price": 11.1
      }
    },
    {
      "quarter": "Q2 2016",
      "income status": {
        "Net sales": 395438,
        "Cost of goods sold": 385131,
        "Gross Profit": 10307,
        "Financial expenses": 5,
        "Of which: Interest expense": 5,
        "Cost of sales": 6,
        "Enterprise cost management": 5026,
        "Total Operating Expenses": 5037,
        "Total revenue financing activities": 1228,
        "Net profit from business activities": 6498,
        "Profit": 9771,
        "Profit before tax": 16269,
        "Present corporate income tax expenses": 1707,
        "Deferred income taxes expenses": 1563,
        "The interests of minority shareholders": "N/A",
        "Total Cost of profits": 3270,
        "Profit after tax corporate income": 13000,
        "Volume": 23000000,
        "Close of Quarter": 10.5,
        "EPS": 1091,
        "Non-adjusted EPS": 1091,
        "PE": 9.6,
        "Book Price": 11
      }
    },
    {
      "quarter": "Q1 2016",
      "income status": {
        "Net sales": 389938,
        "Cost of goods sold": 383350,
        "Gross Profit": 6588,
        "Financial expenses": 7,
        "Of which: Interest expense": "N/A",
        "Cost of sales": 61,
        "Enterprise cost management": 5129,
        "Total Operating Expenses": 5197,
        "Total revenue financing activities": 1325,
        "Net profit from business activities": 2715,
        "Profit": 5040,
        "Profit before tax": 7755,
        "Present corporate income tax expenses": 1284,
        "Deferred income taxes expenses": 275,
        "The interests of minority shareholders": "N/A",
        "Total Cost of profits": 1559,
        "Profit after tax corporate income": 6196,
        "Volume": 23000000,
        "Close of Quarter": 8.1,
        "EPS": 754,
        "Non-adjusted EPS": 754,
        "PE": 10.8,
        "Book Price": 11.4
      }
    },
    {
      "quarter": "Q4 2015",
      "income status": {
        "Net sales": 380535,
        "Cost of goods sold": 380018,
        "Gross Profit": 516,
        "Financial expenses": -117,
        "Of which: Interest expense": "N/A",
        "Cost of sales": 76,
        "Enterprise cost management": 5906,
        "Total Operating Expenses": 5865,
        "Total revenue financing activities": 1444,
        "Net profit from business activities": -3905,
        "Profit": 7146,
        "Profit before tax": 3241,
        "Present corporate income tax expenses": 1845,
        "Deferred income taxes expenses": -749,
        "The interests of minority shareholders": "N/A",
        "Total Cost of profits": 1096,
        "Profit after tax corporate income": 2144,
        "Volume": 23000000,
        "Close of Quarter": 10.3,
        "EPS": 719,
        "Non-adjusted EPS": 719,
        "PE": 14.4,
        "Book Price": 11.2
      }
    },
    {
      "quarter": "Q3 2015",
      "income status": {
        "Net sales": 239565,
        "Cost of goods sold": 234689,
        "Gross Profit": 4876,
        "Financial expenses": 144,
        "Of which: Interest expense": "N/A",
        "Cost of sales": 14,
        "Enterprise cost management": 4812,
        "Total Operating Expenses": 4970,
        "Total revenue financing activities": 1685,
        "Net profit from business activities": 1591,
        "Profit": 3232,
        "Profit before tax": 4823,
        "Present corporate income tax expenses": 1065,
        "Deferred income taxes expenses": "N/A",
        "The interests of minority shareholders": "N/A",
        "Total Cost of profits": 1065,
        "Profit after tax corporate income": 3758,
        "Volume": 23000000,
        "Close of Quarter": 9.6,
        "EPS": 978,
        "Non-adjusted EPS": 978,
        "PE": 9.8,
        "Book Price": 11.1
      }
    },
    {
      "quarter": "Q2 2015",
      "income status": {
        "Net sales": 232290,
        "Cost of goods sold": 229023,
        "Gross Profit": 3267,
        "Financial expenses": -436,
        "Of which: Interest expense": -42,
        "Cost of sales": 226,
        "Enterprise cost management": 5137,
        "Total Operating Expenses": 4927,
        "Total revenue financing activities": 1745,
        "Net profit from business activities": 84,
        "Profit": 6661,
        "Profit before tax": 6745,
        "Present corporate income tax expenses": 1500,
        "Deferred income taxes expenses": "N/A",
        "The interests of minority shareholders": "N/A",
        "Total Cost of profits": 1500,
        "Profit after tax corporate income": 5245,
        "Volume": 23000000,
        "Close of Quarter": 7.7,
        "EPS": 982,
        "Non-adjusted EPS": 982,
        "PE": 7.8,
        "Book Price": 10.9
      }
    },
    {
      "quarter": "Q1 2015",
      "income status": {
        "Net sales": 243585,
        "Cost of goods sold": 233313,
        "Gross Profit": 10273,
        "Financial expenses": 472,
        "Of which: Interest expense": 42,
        "Cost of sales": 234,
        "Enterprise cost management": 5142,
        "Total Operating Expenses": 5848,
        "Total revenue financing activities": 2109,
        "Net profit from business activities": 6534,
        "Profit": 399,
        "Profit before tax": 6934,
        "Present corporate income tax expenses": 463,
        "Deferred income taxes expenses": 1070,
        "The interests of minority shareholders": "N/A",
        "Total Cost of profits": 1533,
        "Profit after tax corporate income": 5401,
        "Volume": 23000000,
        "Close of Quarter": 7.4,
        "EPS": 920,
        "Non-adjusted EPS": 920,
        "PE": 8.0,
        "Book Price": 11.8
      }
    },
    {
      "quarter": "Q4 2014",
      "income status": {
        "Net sales": 239728,
        "Cost of goods sold": 228496,
        "Gross Profit": 11232,
        "Financial expenses": 7,
        "Of which: Interest expense": 7,
        "Cost of sales": 421,
        "Enterprise cost management": 5465,
        "Total Operating Expenses": 5893,
        "Total revenue financing activities": 2013,
        "Net profit from business activities": 7353,
        "Profit": 3171,
        "Profit before tax": 10523,
        "Present corporate income tax expenses": 1760,
        "Deferred income taxes expenses": 681,
        "The interests of minority shareholders": "N/A",
        "Total Cost of profits": 2441,
        "Profit after tax corporate income": 8082,
        "Volume": 23000000,
        "Close of Quarter": 6.0,
        "EPS": 838,
        "Non-adjusted EPS": 838,
        "PE": 7.2,
        "Book Price": 11.6
      }
    },
    {
      "quarter": "Q3 2014",
      "income status": {
        "Net sales": 284152,
        "Cost of goods sold": 279837,
        "Gross Profit": 4315,
        "Financial expenses": "N/A",
        "Of which: Interest expense": "N/A",
        "Cost of sales": -166,
        "Enterprise cost management": 5494,
        "Total Operating Expenses": 5328,
        "Total revenue financing activities": 2471,
        "Net profit from business activities": 1458,
        "Profit": 3485,
        "Profit before tax": 4944,
        "Present corporate income tax expenses": 1092,
        "Deferred income taxes expenses": "N/A",
        "The interests of minority shareholders": "N/A",
        "Total Cost of profits": 1092,
        "Profit after tax corporate income": 3852,
        "Volume": 23000000,
        "Close of Quarter": 4.8,
        "EPS": 514,
        "Non-adjusted EPS": 514,
        "PE": 9.4,
        "Book Price": 11.2
      }
    },
    {
      "quarter": "Q2 2014",
      "income status": {
        "Net sales": 273740,
        "Cost of goods sold": 265779,
        "Gross Profit": 7961,
        "Financial expenses": "N/A",
        "Of which: Interest expense": "N/A",
        "Cost of sales": 156,
        "Enterprise cost management": 3773,
        "Total Operating Expenses": 3929,
        "Total revenue financing activities": 2092,
        "Net profit from business activities": 6124,
        "Profit": -1222,
        "Profit before tax": 4903,
        "Present corporate income tax expenses": 2040,
        "Deferred income taxes expenses": -957,
        "The interests of minority shareholders": "N/A",
        "Total Cost of profits": 1083,
        "Profit after tax corporate income": 3819,
        "Volume": 23000000,
        "Close of Quarter": 4.4,
        "EPS": 455,
        "Non-adjusted EPS": 455,
        "PE": 9.7,
        "Book Price": 11
      }
    },
    {
      "quarter": "Q1 2014",
      "income status": {
        "Net sales": 279392,
        "Cost of goods sold": 274787,
        "Gross Profit": 4605,
        "Financial expenses": "N/A",
        "Of which: Interest expense": "N/A",
        "Cost of sales": 148,
        "Enterprise cost management": 4573,
        "Total Operating Expenses": 4721,
        "Total revenue financing activities": 3877,
        "Net profit from business activities": 3761,
        "Profit": 762,
        "Profit before tax": 4522,
        "Present corporate income tax expenses": 1005,
        "Deferred income taxes expenses": "N/A",
        "The interests of minority shareholders": "N/A",
        "Total Cost of profits": 1005,
        "Profit after tax corporate income": 3518,
        "Volume": 23000000,
        "Close of Quarter": 5.1,
        "EPS": 376,
        "Non-adjusted EPS": 376,
        "PE": 13.5,
        "Book Price": 10.9
      }
    },
    {
      "quarter": "Q4 2013",
      "income status": {
        "Net sales": 348580,
        "Cost of goods sold": 346203,
        "Gross Profit": 2377,
        "Financial expenses": "N/A",
        "Of which: Interest expense": "N/A",
        "Cost of sales": 435,
        "Enterprise cost management": 3573,
        "Total Operating Expenses": 4008,
        "Total revenue financing activities": 3084,
        "Net profit from business activities": 1453,
        "Profit": 1628,
        "Profit before tax": 3081,
        "Present corporate income tax expenses": 2439,
        "Deferred income taxes expenses": "N/A",
        "The interests of minority shareholders": "N/A",
        "Total Cost of profits": 2439,
        "Profit after tax corporate income": 642,
        "Volume": 23000000,
        "Close of Quarter": 3.5,
        "EPS": 330,
        "Non-adjusted EPS": 330,
        "PE": 10.7,
        "Book Price": 10.7
      }
    },
    {
      "quarter": "Q3 2013",
      "income status": {
        "Net sales": 162660,
        "Cost of goods sold": 156809,
        "Gross Profit": 5851,
        "Financial expenses": "N/A",
        "Of which: Interest expense": "N/A",
        "Cost of sales": 150,
        "Enterprise cost management": 4696,
        "Total Operating Expenses": 4846,
        "Total revenue financing activities": 2607,
        "Net profit from business activities": 3613,
        "Profit": 511,
        "Profit before tax": 4123,
        "Present corporate income tax expenses": 1635,
        "Deferred income taxes expenses": "N/A",
        "The interests of minority shareholders": "N/A",
        "Total Cost of profits": 1635,
        "Profit after tax corporate income": 2488,
        "Volume": 23000000,
        "Close of Quarter": 3.2,
        "EPS": 349,
        "Non-adjusted EPS": 349,
        "PE": 9.2,
        "Book Price": 10.7
      }
    },
    {
      "quarter": "Q2 2013",
      "income status": {
        "Net sales": 214399,
        "Cost of goods sold": 210654,
        "Gross Profit": 3745,
        "Financial expenses": "N/A",
        "Of which: Interest expense": "N/A",
        "Cost of sales": 288,
        "Enterprise cost management": 3455,
        "Total Operating Expenses": 3743,
        "Total revenue financing activities": 2246,
        "Net profit from business activities": 2248,
        "Profit": 836,
        "Profit before tax": 3084,
        "Present corporate income tax expenses": 787,
        "Deferred income taxes expenses": "N/A",
        "The interests of minority shareholders": "N/A",
        "Total Cost of profits": 787,
        "Profit after tax corporate income": 1994,
        "Volume": 23000000,
        "Close of Quarter": 2.7,
        "EPS": 355,
        "Non-adjusted EPS": 355,
        "PE": 7.6,
        "Book Price": 10.6
      }
    },
    {
      "quarter": "Q1 2013",
      "income status": {
        "Net sales": 219373,
        "Cost of goods sold": 213683,
        "Gross Profit": 5690,
        "Financial expenses": "N/A",
        "Of which: Interest expense": "N/A",
        "Cost of sales": 119,
        "Enterprise cost management": 5039,
        "Total Operating Expenses": 5158,
        "Total revenue financing activities": 2478,
        "Net profit from business activities": 3010,
        "Profit": 273,
        "Profit before tax": 3284,
        "Present corporate income tax expenses": 825,
        "Deferred income taxes expenses": "N/A",
        "The interests of minority shareholders": "N/A",
        "Total Cost of profits": 825,
        "Profit after tax corporate income": 2458,
        "Volume": 23000000,
        "Close of Quarter": 2.5,
        "EPS": 358,
        "Non-adjusted EPS": 358,
        "PE": 6.9,
        "Book Price": 10.5
      }
    },
    {
      "quarter": "Q4 2012",
      "income status": {
        "Net sales": 243410,
        "Cost of goods sold": 242039,
        "Gross Profit": 1370,
        "Financial expenses": 25,
        "Of which: Interest expense": 25,
        "Cost of sales": 1342,
        "Enterprise cost management": 2388,
        "Total Operating Expenses": 3755,
        "Total revenue financing activities": 2121,
        "Net profit from business activities": -264,
        "Profit": 1700,
        "Profit before tax": 1436,
        "Present corporate income tax expenses": 356,
        "Deferred income taxes expenses": "N/A",
        "The interests of minority shareholders": "N/A",
        "Total Cost of profits": 356,
        "Profit after tax corporate income": 1080,
        "Volume": 23000000,
        "Close of Quarter": 2.5,
        "EPS": 327,
        "Non-adjusted EPS": 327,
        "PE": 7.8,
        "Book Price": 10.4
      }
    },
    {
      "quarter": "Q3 2012",
      "income status": {
        "Net sales": 233859,
        "Cost of goods sold": 227713,
        "Gross Profit": 6146,
        "Financial expenses": 308,
        "Of which: Interest expense": "N/A",
        "Cost of sales": 101,
        "Enterprise cost management": 5352,
        "Total Operating Expenses": 5761,
        "Total revenue financing activities": 2209,
        "Net profit from business activities": 2594,
        "Profit": 933,
        "Profit before tax": 3526,
        "Present corporate income tax expenses": 890,
        "Deferred income taxes expenses": "N/A",
        "The interests of minority shareholders": "N/A",
        "Total Cost of profits": 890,
        "Profit after tax corporate income": 2637,
        "Volume": 23000000,
        "Close of Quarter": 2.5,
        "EPS": 352,
        "Non-adjusted EPS": 352,
        "PE": 7.0,
        "Book Price": 10.4
      }
    },
    {
      "quarter": "Q2 2012",
      "income status": {
        "Net sales": 193399,
        "Cost of goods sold": 188080,
        "Gross Profit": 5319,
        "Financial expenses": 99,
        "Of which: Interest expense": 99,
        "Cost of sales": 174,
        "Enterprise cost management": 6831,
        "Total Operating Expenses": 7104,
        "Total revenue financing activities": 4199,
        "Net profit from business activities": 2413,
        "Profit": 343,
        "Profit before tax": 2757,
        "Present corporate income tax expenses": 695,
        "Deferred income taxes expenses": "N/A",
        "The interests of minority shareholders": "N/A",
        "Total Cost of profits": 695,
        "Profit after tax corporate income": 2062,
        "Volume": 23000000,
        "Close of Quarter": 2.8,
        "EPS": 122,
        "Non-adjusted EPS": 122,
        "PE": 22.9,
        "Book Price": 10.3
      }
    },
    {
      "quarter": "Q1 2012",
      "income status": {
        "Net sales": 212353,
        "Cost of goods sold": 207590,
        "Gross Profit": 4764,
        "Financial expenses": "N/A",
        "Of which: Interest expense": "N/A",
        "Cost of sales": 32,
        "Enterprise cost management": 4103,
        "Total Operating Expenses": 4135,
        "Total revenue financing activities": 1575,
        "Net profit from business activities": 2205,
        "Profit": 119,
        "Profit before tax": 2324,
        "Present corporate income tax expenses": 591,
        "Deferred income taxes expenses": "N/A",
        "The interests of minority shareholders": "N/A",
        "Total Cost of profits": 591,
        "Profit after tax corporate income": 1733,
        "Volume": 23000000,
        "Close of Quarter": 2.7,
        "EPS": 109,
        "Non-adjusted EPS": 109,
        "PE": 24.9,
        "Book Price": 10.2
      }
    },
    {
      "quarter": "Q4 2011",
      "income status": {
        "Net sales": 272378,
        "Cost of goods sold": 263964,
        "Gross Profit": 8414,
        "Financial expenses": 8,
        "Of which: Interest expense": 8,
        "Cost of sales": 44,
        "Enterprise cost management": 9063,
        "Total Operating Expenses": 9115,
        "Total revenue financing activities": 2068,
        "Net profit from business activities": 1367,
        "Profit": 9,
        "Profit before tax": 1376,
        "Present corporate income tax expenses": -295,
        "Deferred income taxes expenses": "N/A",
        "The interests of minority shareholders": "N/A",
        "Total Cost of profits": -295,
        "Profit after tax corporate income": 1671,
        "Volume": 23000000,
        "Close of Quarter": 1.6,
        "EPS": 109,
        "Non-adjusted EPS": 109,
        "PE": 15.1,
        "Book Price": 10.1
      }
    },
    {
      "quarter": "Q3 2011",
      "income status": {
        "Net sales": 115200,
        "Cost of goods sold": 108276,
        "Gross Profit": 6925,
        "Financial expenses": 682,
        "Of which: Interest expense": 807,
        "Cost of sales": 134,
        "Enterprise cost management": 11162,
        "Total Operating Expenses": 11978,
        "Total revenue financing activities": 2479,
        "Net profit from business activities": -2576,
        "Profit": -79,
        "Profit before tax": 2004,
        "Present corporate income tax expenses": "N/A",
        "Deferred income taxes expenses": "N/A",
        "The interests of minority shareholders": "N/A",
        "Total Cost of profits": 0,
        "Profit after tax corporate income": -2655,
        "Volume": 23000000,
        "Close of Quarter": 3.6,
        "EPS": 371,
        "Non-adjusted EPS": 371,
        "PE": 9.7,
        "Book Price": 10
      }
    },
    {
      "quarter": "Q2 2011",
      "income status": {
        "Net sales": 94108,
        "Cost of goods sold": 90857,
        "Gross Profit": 3251,
        "Financial expenses": 1672,
        "Of which: Interest expense": 1281,
        "Cost of sales": 1,
        "Enterprise cost management": 2410,
        "Total Operating Expenses": 4083,
        "Total revenue financing activities": 3165,
        "Net profit from business activities": 2333,
        "Profit": 2,
        "Profit before tax": 2335,
        "Present corporate income tax expenses": 584,
        "Deferred income taxes expenses": "N/A",
        "The interests of minority shareholders": "N/A",
        "Total Cost of profits": 584,
        "Profit after tax corporate income": 1751,
        "Volume": 23000000,
        "Close of Quarter": 2.5,
        "EPS": 586,
        "Non-adjusted EPS": 586,
        "PE": 4.2,
        "Book Price": 10.2
      }
    },
    {
      "quarter": "Q1 2011",
      "income status": {
        "Net sales": 117611,
        "Cost of goods sold": 113182,
        "Gross Profit": 4429,
        "Financial expenses": 1343,
        "Of which: Interest expense": 1007,
        "Cost of sales": 397,
        "Enterprise cost management": 2683,
        "Total Operating Expenses": 4423,
        "Total revenue financing activities": 2296,
        "Net profit from business activities": 2301,
        "Profit": 23,
        "Profit before tax": 2324,
        "Present corporate income tax expenses": 579,
        "Deferred income taxes expenses": "N/A",
        "The interests of minority shareholders": "N/A",
        "Total Cost of profits": 579,
        "Profit after tax corporate income": 1744,
        "Volume": 23000000,
        "Close of Quarter": 3.5,
        "EPS": 559,
        "Non-adjusted EPS": 559,
        "PE": 6.2,
        "Book Price": "N/A"
      }
    }
  ]
}