{
  "ticker": "HOM",
  "data": [
    {
      "quarter": "Q4 2016",
      "income status": {
        "Net sales": 351791,
        "Cost of goods sold": 292495,
        "Gross Profit": 59296,
        "Financial expenses": 6563,
        "Of which: Interest expense": 6476,
        "Cost of sales": 16417,
        "Enterprise cost management": 22260,
        "Total Operating Expenses": 45240,
        "Total revenue financing activities": 2069,
        "Net profit from business activities": 16125,
        "Profit": 1322,
        "Profit before tax": 17447,
        "Present corporate income tax expenses": 1246,
        "Deferred income taxes expenses": 1037,
        "The interests of minority shareholders": "N/A",
        "Total Cost of profits": 2283,
        "Profit after tax corporate income": 15164,
        "Volume": 69228600,
        "Close of Quarter": 6.3,
        "EPS": 761,
        "Non-adjusted EPS": 761,
        "PE": 8.3,
        "Book Price": 13.9
      }
    },
    {
      "quarter": "Q3 2016",
      "income status": {
        "Net sales": 351781,
        "Cost of goods sold": 286025,
        "Gross Profit": 65756,
        "Financial expenses": 5428,
        "Of which: Interest expense": 5400,
        "Cost of sales": 24258,
        "Enterprise cost management": 23872,
        "Total Operating Expenses": 53558,
        "Total revenue financing activities": 36,
        "Net profit from business activities": 12234,
        "Profit": 58,
        "Profit before tax": 12292,
        "Present corporate income tax expenses": 743,
        "Deferred income taxes expenses": 1050,
        "The interests of minority shareholders": "N/A",
        "Total Cost of profits": 1793,
        "Profit after tax corporate income": 10499,
        "Volume": 69228600,
        "Close of Quarter": 6,
        "EPS": 785,
        "Non-adjusted EPS": 785,
        "PE": 7.6,
        "Book Price": 13.7
      }
    },
    {
      "quarter": "Q2 2016",
      "income status": {
        "Net sales": 476418,
        "Cost of goods sold": 414789,
        "Gross Profit": 61628,
        "Financial expenses": 6214,
        "Of which: Interest expense": 6186,
        "Cost of sales": 23616,
        "Enterprise cost management": 20931,
        "Total Operating Expenses": 50761,
        "Total revenue financing activities": 30,
        "Net profit from business activities": 10897,
        "Profit": -167,
        "Profit before tax": 10730,
        "Present corporate income tax expenses": 612,
        "Deferred income taxes expenses": 1011,
        "The interests of minority shareholders": "N/A",
        "Total Cost of profits": 1623,
        "Profit after tax corporate income": 9107,
        "Volume": 69228600,
        "Close of Quarter": 6.6,
        "EPS": 871,
        "Non-adjusted EPS": 871,
        "PE": 7.6,
        "Book Price": 13.5
      }
    },
    {
      "quarter": "Q1 2016",
      "income status": {
        "Net sales": 401430,
        "Cost of goods sold": 328746,
        "Gross Profit": 72684,
        "Financial expenses": 7820,
        "Of which: Interest expense": 7820,
        "Cost of sales": 20562,
        "Enterprise cost management": 25721,
        "Total Operating Expenses": 54103,
        "Total revenue financing activities": 1293,
        "Net profit from business activities": 19875,
        "Profit": 601,
        "Profit before tax": 20475,
        "Present corporate income tax expenses": 1551,
        "Deferred income taxes expenses": 1026,
        "The interests of minority shareholders": "N/A",
        "Total Cost of profits": 2577,
        "Profit after tax corporate income": 17898,
        "Volume": 69228600,
        "Close of Quarter": 7.1,
        "EPS": 1056,
        "Non-adjusted EPS": 1056,
        "PE": 6.7,
        "Book Price": 13.6
      }
    },
    {
      "quarter": "Q4 2015",
      "income status": {
        "Net sales": 468046,
        "Cost of goods sold": 408763,
        "Gross Profit": 59284,
        "Financial expenses": 10408,
        "Of which: Interest expense": 8818,
        "Cost of sales": 2841,
        "Enterprise cost management": 30674,
        "Total Operating Expenses": 43923,
        "Total revenue financing activities": 2342,
        "Net profit from business activities": 17703,
        "Profit": 2310,
        "Profit before tax": 20012,
        "Present corporate income tax expenses": 2175,
        "Deferred income taxes expenses": 1012,
        "The interests of minority shareholders": "N/A",
        "Total Cost of profits": 3187,
        "Profit after tax corporate income": 16825,
        "Volume": 69228600,
        "Close of Quarter": 7.1,
        "EPS": 913,
        "Non-adjusted EPS": 913,
        "PE": 7.8,
        "Book Price": 13.3
      }
    },
    {
      "quarter": "Q3 2015",
      "income status": {
        "Net sales": 453254,
        "Cost of goods sold": 349946,
        "Gross Profit": 103308,
        "Financial expenses": 8915,
        "Of which: Interest expense": 8891,
        "Cost of sales": 41361,
        "Enterprise cost management": 29338,
        "Total Operating Expenses": 79614,
        "Total revenue financing activities": 1104,
        "Net profit from business activities": 24797,
        "Profit": -5916,
        "Profit before tax": 18882,
        "Present corporate income tax expenses": 1503,
        "Deferred income taxes expenses": 923,
        "The interests of minority shareholders": "N/A",
        "Total Cost of profits": 2426,
        "Profit after tax corporate income": 16456,
        "Volume": 69228600,
        "Close of Quarter": 6.5,
        "EPS": 834,
        "Non-adjusted EPS": 834,
        "PE": 7.8,
        "Book Price": 13.1
      }
    },
    {
      "quarter": "Q2 2015",
      "income status": {
        "Net sales": 481892,
        "Cost of goods sold": 404210,
        "Gross Profit": 77682,
        "Financial expenses": 8492,
        "Of which: Interest expense": 8137,
        "Cost of sales": 21837,
        "Enterprise cost management": 23204,
        "Total Operating Expenses": 53533,
        "Total revenue financing activities": 151,
        "Net profit from business activities": 24298,
        "Profit": 1004,
        "Profit before tax": 25302,
        "Present corporate income tax expenses": 2384,
        "Deferred income taxes expenses": 1018,
        "The interests of minority shareholders": "N/A",
        "Total Cost of profits": 3402,
        "Profit after tax corporate income": 21901,
        "Volume": 69228600,
        "Close of Quarter": 6.8,
        "EPS": 683,
        "Non-adjusted EPS": 683,
        "PE": 10.0,
        "Book Price": 12.9
      }
    },
    {
      "quarter": "Q1 2015",
      "income status": {
        "Net sales": 367061,
        "Cost of goods sold": 301254,
        "Gross Profit": 65806,
        "Financial expenses": 9698,
        "Of which: Interest expense": 9668,
        "Cost of sales": 24798,
        "Enterprise cost management": 22075,
        "Total Operating Expenses": 56571,
        "Total revenue financing activities": 366,
        "Net profit from business activities": 9600,
        "Profit": -23,
        "Profit before tax": 9578,
        "Present corporate income tax expenses": 536,
        "Deferred income taxes expenses": 1035,
        "The interests of minority shareholders": "N/A",
        "Total Cost of profits": 1571,
        "Profit after tax corporate income": 8007,
        "Volume": 69228600,
        "Close of Quarter": 8.1,
        "EPS": 714,
        "Non-adjusted EPS": 714,
        "PE": 11.4,
        "Book Price": 12.9
      }
    },
    {
      "quarter": "Q4 2014",
      "income status": {
        "Net sales": 443826,
        "Cost of goods sold": 365491,
        "Gross Profit": 78335,
        "Financial expenses": 15688,
        "Of which: Interest expense": 11243,
        "Cost of sales": 25874,
        "Enterprise cost management": 23497,
        "Total Operating Expenses": 65059,
        "Total revenue financing activities": 692,
        "Net profit from business activities": 13968,
        "Profit": -424,
        "Profit before tax": 13544,
        "Present corporate income tax expenses": 1142,
        "Deferred income taxes expenses": 1035,
        "The interests of minority shareholders": "N/A",
        "Total Cost of profits": 2177,
        "Profit after tax corporate income": 11367,
        "Volume": 69228600,
        "Close of Quarter": 8.9,
        "EPS": 609,
        "Non-adjusted EPS": 609,
        "PE": 14.6,
        "Book Price": 12.8
      }
    },
    {
      "quarter": "Q3 2014",
      "income status": {
        "Net sales": 446891,
        "Cost of goods sold": 382295,
        "Gross Profit": 64596,
        "Financial expenses": 11823,
        "Of which: Interest expense": 11813,
        "Cost of sales": 24227,
        "Enterprise cost management": 23989,
        "Total Operating Expenses": 60039,
        "Total revenue financing activities": 646,
        "Net profit from business activities": 5204,
        "Profit": 2221,
        "Profit before tax": 7425,
        "Present corporate income tax expenses": 378,
        "Deferred income taxes expenses": 1035,
        "The interests of minority shareholders": "N/A",
        "Total Cost of profits": 1413,
        "Profit after tax corporate income": 6012,
        "Volume": 69228600,
        "Close of Quarter": 8.5,
        "EPS": 465,
        "Non-adjusted EPS": 465,
        "PE": 18.3,
        "Book Price": 12.7
      }
    },
    {
      "quarter": "Q2 2014",
      "income status": {
        "Net sales": 440216,
        "Cost of goods sold": 353763,
        "Gross Profit": 86452,
        "Financial expenses": 11979,
        "Of which: Interest expense": 11793,
        "Cost of sales": 29409,
        "Enterprise cost management": 24420,
        "Total Operating Expenses": 65808,
        "Total revenue financing activities": 576,
        "Net profit from business activities": 21221,
        "Profit": 1172,
        "Profit before tax": 22393,
        "Present corporate income tax expenses": 1566,
        "Deferred income taxes expenses": -3202,
        "The interests of minority shareholders": "N/A",
        "Total Cost of profits": -1636,
        "Profit after tax corporate income": 24028,
        "Volume": 69228600,
        "Close of Quarter": 6.5,
        "EPS": 725,
        "Non-adjusted EPS": 725,
        "PE": 9.0,
        "Book Price": 12.6
      }
    },
    {
      "quarter": "Q1 2014",
      "income status": {
        "Net sales": 414776,
        "Cost of goods sold": 360552,
        "Gross Profit": 54224,
        "Financial expenses": 13655,
        "Of which: Interest expense": 13656,
        "Cost of sales": 18540,
        "Enterprise cost management": 20761,
        "Total Operating Expenses": 52956,
        "Total revenue financing activities": 291,
        "Net profit from business activities": 1558,
        "Profit": 327,
        "Profit before tax": 1886,
        "Present corporate income tax expenses": "N/A",
        "Deferred income taxes expenses": 1139,
        "The interests of minority shareholders": "N/A",
        "Total Cost of profits": 1139,
        "Profit after tax corporate income": 747,
        "Volume": 69228600,
        "Close of Quarter": 7.9,
        "EPS": 192,
        "Non-adjusted EPS": 192,
        "PE": 40.9,
        "Book Price": 12.2
      }
    },
    {
      "quarter": "Q4 2013",
      "income status": {
        "Net sales": 464849,
        "Cost of goods sold": 382972,
        "Gross Profit": 81877,
        "Financial expenses": 17849,
        "Of which: Interest expense": 17587,
        "Cost of sales": 33426,
        "Enterprise cost management": 29465,
        "Total Operating Expenses": 80740,
        "Total revenue financing activities": 802,
        "Net profit from business activities": 1939,
        "Profit": 2035,
        "Profit before tax": 3974,
        "Present corporate income tax expenses": "N/A",
        "Deferred income taxes expenses": 2588,
        "The interests of minority shareholders": "N/A",
        "Total Cost of profits": 2588,
        "Profit after tax corporate income": 1386,
        "Volume": 69228600,
        "Close of Quarter": 5.8,
        "EPS": 24,
        "Non-adjusted EPS": 24,
        "PE": 239.6,
        "Book Price": 12.2
      }
    },
    {
      "quarter": "Q3 2013",
      "income status": {
        "Net sales": 363899,
        "Cost of goods sold": 297453,
        "Gross Profit": 66447,
        "Financial expenses": 15636,
        "Of which: Interest expense": 15618,
        "Cost of sales": 14222,
        "Enterprise cost management": 14563,
        "Total Operating Expenses": 44421,
        "Total revenue financing activities": 817,
        "Net profit from business activities": 22842,
        "Profit": 1188,
        "Profit before tax": 24029,
        "Present corporate income tax expenses": "N/A",
        "Deferred income taxes expenses": "N/A",
        "The interests of minority shareholders": "N/A",
        "Total Cost of profits": 0,
        "Profit after tax corporate income": 24029,
        "Volume": 69228600,
        "Close of Quarter": 4.9,
        "EPS": 843,
        "Non-adjusted EPS": 843,
        "PE": 5.8,
        "Book Price": 12.2
      }
    },
    {
      "quarter": "Q2 2013",
      "income status": {
        "Net sales": 381425,
        "Cost of goods sold": 345675,
        "Gross Profit": 35750,
        "Financial expenses": 20594,
        "Of which: Interest expense": 20330,
        "Cost of sales": 16058,
        "Enterprise cost management": 10736,
        "Total Operating Expenses": 47388,
        "Total revenue financing activities": 852,
        "Net profit from business activities": -10786,
        "Profit": 485,
        "Profit before tax": -10300,
        "Present corporate income tax expenses": "N/A",
        "Deferred income taxes expenses": 2588,
        "The interests of minority shareholders": "N/A",
        "Total Cost of profits": 2588,
        "Profit after tax corporate income": -12888,
        "Volume": 69228600,
        "Close of Quarter": 5.0,
        "EPS": 666,
        "Non-adjusted EPS": 666,
        "PE": 7.5,
        "Book Price": 11.9
      }
    },
    {
      "quarter": "Q1 2013",
      "income status": {
        "Net sales": 351633,
        "Cost of goods sold": 313369,
        "Gross Profit": 38264,
        "Financial expenses": 19623,
        "Of which: Interest expense": 19588,
        "Cost of sales": 15593,
        "Enterprise cost management": 14254,
        "Total Operating Expenses": 49470,
        "Total revenue financing activities": 785,
        "Net profit from business activities": -10421,
        "Profit": 254,
        "Profit before tax": -10167,
        "Present corporate income tax expenses": 726,
        "Deferred income taxes expenses": "N/A",
        "The interests of minority shareholders": "N/A",
        "Total Cost of profits": 726,
        "Profit after tax corporate income": -10893,
        "Volume": 69228600,
        "Close of Quarter": 5.5,
        "EPS": 1217,
        "Non-adjusted EPS": 1217,
        "PE": 4.5,
        "Book Price": 13.3
      }
    },
    {
      "quarter": "Q4 2012",
      "income status": {
        "Net sales": 467000,
        "Cost of goods sold": 341934,
        "Gross Profit": 125066,
        "Financial expenses": 24602,
        "Of which: Interest expense": 24509,
        "Cost of sales": 14679,
        "Enterprise cost management": 20671,
        "Total Operating Expenses": 59952,
        "Total revenue financing activities": 1047,
        "Net profit from business activities": 66162,
        "Profit": 2102,
        "Profit before tax": 68265,
        "Present corporate income tax expenses": 7533,
        "Deferred income taxes expenses": 2588,
        "The interests of minority shareholders": "N/A",
        "Total Cost of profits": 10121,
        "Profit after tax corporate income": 58144,
        "Volume": 69228600,
        "Close of Quarter": 4.6,
        "EPS": 1628,
        "Non-adjusted EPS": 1628,
        "PE": 2.8,
        "Book Price": 13.5
      }
    },
    {
      "quarter": "Q3 2012",
      "income status": {
        "Net sales": 326633,
        "Cost of goods sold": 258935,
        "Gross Profit": 67698,
        "Financial expenses": 25520,
        "Of which: Interest expense": 25435,
        "Cost of sales": 15617,
        "Enterprise cost management": 13123,
        "Total Operating Expenses": 54260,
        "Total revenue financing activities": 785,
        "Net profit from business activities": 14222,
        "Profit": -647,
        "Profit before tax": 13575,
        "Present corporate income tax expenses": 1860,
        "Deferred income taxes expenses": "N/A",
        "The interests of minority shareholders": "N/A",
        "Total Cost of profits": 1860,
        "Profit after tax corporate income": 11715,
        "Volume": 69228600,
        "Close of Quarter": 4.1,
        "EPS": 1527,
        "Non-adjusted EPS": 1527,
        "PE": 2.7,
        "Book Price": 12.6
      }
    },
    {
      "quarter": "Q2 2012",
      "income status": {
        "Net sales": 361766,
        "Cost of goods sold": 273450,
        "Gross Profit": 88316,
        "Financial expenses": 26418,
        "Of which: Interest expense": 26349,
        "Cost of sales": 17319,
        "Enterprise cost management": 16607,
        "Total Operating Expenses": 60344,
        "Total revenue financing activities": 1085,
        "Net profit from business activities": 29057,
        "Profit": 1452,
        "Profit before tax": 30510,
        "Present corporate income tax expenses": 2668,
        "Deferred income taxes expenses": 2588,
        "The interests of minority shareholders": "N/A",
        "Total Cost of profits": 5256,
        "Profit after tax corporate income": 25254,
        "Volume": 69228600,
        "Close of Quarter": 4.7,
        "EPS": 1715,
        "Non-adjusted EPS": 1715,
        "PE": 2.7,
        "Book Price": 12.4
      }
    },
    {
      "quarter": "Q1 2012",
      "income status": {
        "Net sales": 371177,
        "Cost of goods sold": 295536,
        "Gross Profit": 75641,
        "Financial expenses": 27126,
        "Of which: Interest expense": 27080,
        "Cost of sales": 17996,
        "Enterprise cost management": 13649,
        "Total Operating Expenses": 58771,
        "Total revenue financing activities": 1427,
        "Net profit from business activities": 18298,
        "Profit": 1826,
        "Profit before tax": 20123,
        "Present corporate income tax expenses": 2515,
        "Deferred income taxes expenses": "N/A",
        "The interests of minority shareholders": "N/A",
        "Total Cost of profits": 2515,
        "Profit after tax corporate income": 17608,
        "Volume": 69228600,
        "Close of Quarter": 4.2,
        "EPS": 1823,
        "Non-adjusted EPS": 1823,
        "PE": 2.3,
        "Book Price": 12.1
      }
    },
    {
      "quarter": "Q4 2011",
      "income status": {
        "Net sales": 393757,
        "Cost of goods sold": 275214,
        "Gross Profit": 118543,
        "Financial expenses": 30990,
        "Of which: Interest expense": 27651,
        "Cost of sales": 10591,
        "Enterprise cost management": 19786,
        "Total Operating Expenses": 61367,
        "Total revenue financing activities": 2242,
        "Net profit from business activities": 59419,
        "Profit": 1941,
        "Profit before tax": 61359,
        "Present corporate income tax expenses": 5064,
        "Deferred income taxes expenses": 5178,
        "The interests of minority shareholders": "N/A",
        "Total Cost of profits": 10242,
        "Profit after tax corporate income": 51118,
        "Volume": 69228600,
        "Close of Quarter": 2.5,
        "EPS": 1876,
        "Non-adjusted EPS": 1876,
        "PE": 1.3,
        "Book Price": 13.2
      }
    },
    {
      "quarter": "Q3 2011",
      "income status": {
        "Net sales": 329293,
        "Cost of goods sold": 243171,
        "Gross Profit": 86122,
        "Financial expenses": 27921,
        "Of which: Interest expense": 27631,
        "Cost of sales": 18148,
        "Enterprise cost management": 13026,
        "Total Operating Expenses": 59095,
        "Total revenue financing activities": 419,
        "Net profit from business activities": 27447,
        "Profit": 839,
        "Profit before tax": 90389,
        "Present corporate income tax expenses": 3536,
        "Deferred income taxes expenses": "N/A",
        "The interests of minority shareholders": "N/A",
        "Total Cost of profits": 3536,
        "Profit after tax corporate income": 24750,
        "Volume": 69228600,
        "Close of Quarter": 2.9,
        "EPS": 1212,
        "Non-adjusted EPS": 1212,
        "PE": 2.4,
        "Book Price": 12.4
      }
    },
    {
      "quarter": "Q2 2011",
      "income status": {
        "Net sales": 290131,
        "Cost of goods sold": 189315,
        "Gross Profit": 100816,
        "Financial expenses": 29873,
        "Of which: Interest expense": 29790,
        "Cost of sales": 19965,
        "Enterprise cost management": 16494,
        "Total Operating Expenses": 66332,
        "Total revenue financing activities": 2244,
        "Net profit from business activities": 36726,
        "Profit": 1074,
        "Profit before tax": 37801,
        "Present corporate income tax expenses": 5077,
        "Deferred income taxes expenses": "N/A",
        "The interests of minority shareholders": "N/A",
        "Total Cost of profits": 5077,
        "Profit after tax corporate income": 32724,
        "Volume": 69522800,
        "Close of Quarter": 3.1,
        "EPS": 1689.2,
        "Non-adjusted EPS": 1682,
        "PE": 1.8,
        "Book Price": 12.1
      }
    },
    {
      "quarter": "Q1 2011",
      "income status": {
        "Net sales": 399463,
        "Cost of goods sold": 314252,
        "Gross Profit": 85211,
        "Financial expenses": 28983,
        "Of which: Interest expense": 25479,
        "Cost of sales": 16331,
        "Enterprise cost management": 16871,
        "Total Operating Expenses": 62185,
        "Total revenue financing activities": 199,
        "Net profit from business activities": 23226,
        "Profit": 1077,
        "Profit before tax": 24303,
        "Present corporate income tax expenses": 3044,
        "Deferred income taxes expenses": "N/A",
        "The interests of minority shareholders": "N/A",
        "Total Cost of profits": 3044,
        "Profit after tax corporate income": 21259,
        "Volume": 69522800,
        "Close of Quarter": 4.1,
        "EPS": 1606.8,
        "Non-adjusted EPS": 1600,
        "PE": 2.5,
        "Book Price": 12.7
      }
    }
  ]
}