{
  "ticker": "DHG",
  "data": [
    {
      "quarter": "Q4 2016",
      "income status": {
        "Net sales": 1174126,
        "Cost of goods sold": 631745,
        "Gross Profit": 542381,
        "Financial expenses": 24026,
        "Of which: Interest expense": 2713,
        "Cost of sales": 186202,
        "Enterprise cost management": 107571,
        "Total Operating Expenses": 317799,
        "Total revenue financing activities": 15178,
        "Net profit from business activities": 240029,
        "Profit": 3247,
        "Profit before tax": 243275,
        "Present corporate income tax expenses": 5695,
        "Deferred income taxes expenses": -4791,
        "The interests of minority shareholders": 996,
        "Total Cost of profits": 1900,
        "Profit after tax corporate income": 241375,
        "Volume": 87154200,
        "Close of Quarter": 63.8,
        "EPS": 8147,
        "Non-adjusted EPS": 8147,
        "PE": 7.8,
        "Book Price": 33.2
      }
    },
    {
      "quarter": "Q3 2016",
      "income status": {
        "Net sales": 916797,
        "Cost of goods sold": 491381,
        "Gross Profit": 425416,
        "Financial expenses": 21405,
        "Of which: Interest expense": 4180,
        "Cost of sales": 153844,
        "Enterprise cost management": 73806,
        "Total Operating Expenses": 249055,
        "Total revenue financing activities": 15157,
        "Net profit from business activities": 191518,
        "Profit": -16690,
        "Profit before tax": 174828,
        "Present corporate income tax expenses": 14416,
        "Deferred income taxes expenses": -3005,
        "The interests of minority shareholders": 789,
        "Total Cost of profits": 12200,
        "Profit after tax corporate income": 162628,
        "Volume": 87154200,
        "Close of Quarter": 72.9,
        "EPS": 7291,
        "Non-adjusted EPS": 7291,
        "PE": 10.0,
        "Book Price": 30.4
      }
    },
    {
      "quarter": "Q2 2016",
      "income status": {
        "Net sales": 875723,
        "Cost of goods sold": 488004,
        "Gross Profit": 387719,
        "Financial expenses": 21705,
        "Of which: Interest expense": 2979,
        "Cost of sales": 159592,
        "Enterprise cost management": 56283,
        "Total Operating Expenses": 237580,
        "Total revenue financing activities": 14975,
        "Net profit from business activities": 164657,
        "Profit": 3099,
        "Profit before tax": 167756,
        "Present corporate income tax expenses": 15848,
        "Deferred income taxes expenses": -3113,
        "The interests of minority shareholders": 465,
        "Total Cost of profits": 13200,
        "Profit after tax corporate income": 154556,
        "Volume": 87154200,
        "Close of Quarter": 67,
        "EPS": 7295,
        "Non-adjusted EPS": 7295,
        "PE": 9.2,
        "Book Price": 28.1
      }
    },
    {
      "quarter": "Q1 2016",
      "income status": {
        "Net sales": 815413,
        "Cost of goods sold": 447112,
        "Gross Profit": 368301,
        "Financial expenses": 17498,
        "Of which: Interest expense": 2620,
        "Cost of sales": 128297,
        "Enterprise cost management": 74401,
        "Total Operating Expenses": 220196,
        "Total revenue financing activities": 12576,
        "Net profit from business activities": 160682,
        "Profit": 10112,
        "Profit before tax": 170794,
        "Present corporate income tax expenses": 19804,
        "Deferred income taxes expenses": -1151,
        "The interests of minority shareholders": 644,
        "Total Cost of profits": 19297,
        "Profit after tax corporate income": 151498,
        "Volume": 87154200,
        "Close of Quarter": 52.4,
        "EPS": 7228,
        "Non-adjusted EPS": 7228,
        "PE": 7.3,
        "Book Price": 30.7
      }
    },
    {
      "quarter": "Q4 2015",
      "income status": {
        "Net sales": 1149661,
        "Cost of goods sold": 714957,
        "Gross Profit": 434704,
        "Financial expenses": 30711,
        "Of which: Interest expense": 2543,
        "Cost of sales": 151205,
        "Enterprise cost management": 86569,
        "Total Operating Expenses": 268485,
        "Total revenue financing activities": 12488,
        "Net profit from business activities": 177796,
        "Profit": 14657,
        "Profit before tax": 192452,
        "Present corporate income tax expenses": 25671,
        "Deferred income taxes expenses": -1747,
        "The interests of minority shareholders": 1739,
        "Total Cost of profits": 25663,
        "Profit after tax corporate income": 166790,
        "Volume": 87154200,
        "Close of Quarter": 41.5,
        "EPS": 6774,
        "Non-adjusted EPS": 6774,
        "PE": 6.1,
        "Book Price": 28.9
      }
    },
    {
      "quarter": "Q3 2015",
      "income status": {
        "Net sales": 991070,
        "Cost of goods sold": 626549,
        "Gross Profit": 364521,
        "Financial expenses": 21262,
        "Of which: Interest expense": 2301,
        "Cost of sales": 105480,
        "Enterprise cost management": 57945,
        "Total Operating Expenses": 184687,
        "Total revenue financing activities": 8518,
        "Net profit from business activities": 188352,
        "Profit": 7864,
        "Profit before tax": 196217,
        "Present corporate income tax expenses": 30604,
        "Deferred income taxes expenses": 1438,
        "The interests of minority shareholders": 1197,
        "Total Cost of profits": 33239,
        "Profit after tax corporate income": 162978,
        "Volume": 87154200,
        "Close of Quarter": 41.5,
        "EPS": 6201,
        "Non-adjusted EPS": 6201,
        "PE": 6.7,
        "Book Price": 27.1
      }
    },
    {
      "quarter": "Q2 2015",
      "income status": {
        "Net sales": 798837,
        "Cost of goods sold": 475191,
        "Gross Profit": 323647,
        "Financial expenses": 20164,
        "Of which: Interest expense": 2000,
        "Cost of sales": 96037,
        "Enterprise cost management": 59675,
        "Total Operating Expenses": 175876,
        "Total revenue financing activities": 7248,
        "Net profit from business activities": 155018,
        "Profit": 25182,
        "Profit before tax": 180200,
        "Present corporate income tax expenses": 31657,
        "Deferred income taxes expenses": -869,
        "The interests of minority shareholders": 767,
        "Total Cost of profits": 31555,
        "Profit after tax corporate income": 148645,
        "Volume": 87154200,
        "Close of Quarter": 45.9,
        "EPS": 5964,
        "Non-adjusted EPS": 5964,
        "PE": 7.7,
        "Book Price": 25.5
      }
    },
    {
      "quarter": "Q1 2015",
      "income status": {
        "Net sales": 669083,
        "Cost of goods sold": 377555,
        "Gross Profit": 291528,
        "Financial expenses": 17345,
        "Of which: Interest expense": 1856,
        "Cost of sales": 104167,
        "Enterprise cost management": 56634,
        "Total Operating Expenses": 178146,
        "Total revenue financing activities": 6282,
        "Net profit from business activities": 119665,
        "Profit": 15359,
        "Profit before tax": 135024,
        "Present corporate income tax expenses": 21622,
        "Deferred income taxes expenses": 1112,
        "The interests of minority shareholders": 281,
        "Total Cost of profits": 23015,
        "Profit after tax corporate income": 112009,
        "Volume": 87154200,
        "Close of Quarter": 53.8,
        "EPS": 6008,
        "Non-adjusted EPS": 6008,
        "PE": 9.0,
        "Book Price": 27.6
      }
    },
    {
      "quarter": "Q4 2014",
      "income status": {
        "Net sales": 1311626,
        "Cost of goods sold": 567656,
        "Gross Profit": 743970,
        "Financial expenses": 18554,
        "Of which: Interest expense": 1235,
        "Cost of sales": 427666,
        "Enterprise cost management": 118921,
        "Total Operating Expenses": 565141,
        "Total revenue financing activities": 9730,
        "Net profit from business activities": 188558,
        "Profit": 19720,
        "Profit before tax": 208279,
        "Present corporate income tax expenses": 90880,
        "Deferred income taxes expenses": 531,
        "The interests of minority shareholders": 17,
        "Total Cost of profits": 91428,
        "Profit after tax corporate income": 116850,
        "Volume": 87154200,
        "Close of Quarter": 57.7,
        "EPS": 6081,
        "Non-adjusted EPS": 6081,
        "PE": 9.5,
        "Book Price": 26.4
      }
    },
    {
      "quarter": "Q3 2014",
      "income status": {
        "Net sales": 908384,
        "Cost of goods sold": 415011,
        "Gross Profit": 493373,
        "Financial expenses": 16790,
        "Of which: Interest expense": 1185,
        "Cost of sales": 249204,
        "Enterprise cost management": 64368,
        "Total Operating Expenses": 330362,
        "Total revenue financing activities": 9579,
        "Net profit from business activities": 172590,
        "Profit": 5526,
        "Profit before tax": 178116,
        "Present corporate income tax expenses": 35683,
        "Deferred income taxes expenses": 71,
        "The interests of minority shareholders": 110,
        "Total Cost of profits": 35864,
        "Profit after tax corporate income": 142252,
        "Volume": 87154200,
        "Close of Quarter": 55.0,
        "EPS": 6330,
        "Non-adjusted EPS": 6330,
        "PE": 8.7,
        "Book Price": 25.1
      }
    },
    {
      "quarter": "Q2 2014",
      "income status": {
        "Net sales": 965437,
        "Cost of goods sold": 453066,
        "Gross Profit": 512372,
        "Financial expenses": 17131,
        "Of which: Interest expense": 814,
        "Cost of sales": 248777,
        "Enterprise cost management": 71586,
        "Total Operating Expenses": 337494,
        "Total revenue financing activities": 9179,
        "Net profit from business activities": 184058,
        "Profit": 7126,
        "Profit before tax": 191184,
        "Present corporate income tax expenses": 37739,
        "Deferred income taxes expenses": 458,
        "The interests of minority shareholders": 479,
        "Total Cost of profits": 38676,
        "Profit after tax corporate income": 152508,
        "Volume": 65366299,
        "Close of Quarter": 58.0,
        "EPS": 7094.3,
        "Non-adjusted EPS": 9459,
        "PE": 6.1,
        "Book Price": 23.5
      }
    },
    {
      "quarter": "Q1 2014",
      "income status": {
        "Net sales": 727625,
        "Cost of goods sold": 346698,
        "Gross Profit": 380927,
        "Financial expenses": 14865,
        "Of which: Interest expense": 1605,
        "Cost of sales": 171682,
        "Enterprise cost management": 57602,
        "Total Operating Expenses": 244149,
        "Total revenue financing activities": 8651,
        "Net profit from business activities": 145429,
        "Profit": 1265,
        "Profit before tax": 146694,
        "Present corporate income tax expenses": 29033,
        "Deferred income taxes expenses": -585,
        "The interests of minority shareholders": -121,
        "Total Cost of profits": 28327,
        "Profit after tax corporate income": 118367,
        "Volume": 65366299,
        "Close of Quarter": 61.7,
        "EPS": 6788.3,
        "Non-adjusted EPS": 9051,
        "PE": 6.8,
        "Book Price": 24.1
      }
    },
    {
      "quarter": "Q4 2013",
      "income status": {
        "Net sales": 1139628,
        "Cost of goods sold": 603767,
        "Gross Profit": 535861,
        "Financial expenses": 15107,
        "Of which: Interest expense": 524,
        "Cost of sales": 269259,
        "Enterprise cost management": 73598,
        "Total Operating Expenses": 357964,
        "Total revenue financing activities": 10611,
        "Net profit from business activities": 188509,
        "Profit": 9543,
        "Profit before tax": 198052,
        "Present corporate income tax expenses": 58163,
        "Deferred income taxes expenses": -28,
        "The interests of minority shareholders": 1337,
        "Total Cost of profits": 59472,
        "Profit after tax corporate income": 138580,
        "Volume": 65366299,
        "Close of Quarter": 50.6,
        "EPS": 6762.1,
        "Non-adjusted EPS": 9016,
        "PE": 5.6,
        "Book Price": 22.7
      }
    },
    {
      "quarter": "Q3 2013",
      "income status": {
        "Net sales": 838037,
        "Cost of goods sold": 449607,
        "Gross Profit": 388430,
        "Financial expenses": 4347,
        "Of which: Interest expense": 534,
        "Cost of sales": 180818,
        "Enterprise cost management": 69039,
        "Total Operating Expenses": 254204,
        "Total revenue financing activities": 10903,
        "Net profit from business activities": 145129,
        "Profit": 127222,
        "Profit before tax": 272351,
        "Present corporate income tax expenses": 63322,
        "Deferred income taxes expenses": -177,
        "The interests of minority shareholders": 342,
        "Total Cost of profits": 63487,
        "Profit after tax corporate income": 208865,
        "Volume": 65366299,
        "Close of Quarter": 48.8,
        "EPS": 6701.3,
        "Non-adjusted EPS": 8935,
        "PE": 5.5,
        "Book Price": 21.2
      }
    },
    {
      "quarter": "Q2 2013",
      "income status": {
        "Net sales": 779305,
        "Cost of goods sold": 408470,
        "Gross Profit": 370835,
        "Financial expenses": 814,
        "Of which: Interest expense": -1815,
        "Cost of sales": 158294,
        "Enterprise cost management": 73981,
        "Total Operating Expenses": 233089,
        "Total revenue financing activities": 15302,
        "Net profit from business activities": 153047,
        "Profit": 8265,
        "Profit before tax": 161212,
        "Present corporate income tax expenses": 36728,
        "Deferred income taxes expenses": -1318,
        "The interests of minority shareholders": 2,
        "Total Cost of profits": 35412,
        "Profit after tax corporate income": 125800,
        "Volume": 65366299,
        "Close of Quarter": 38.1,
        "EPS": 5433.8,
        "Non-adjusted EPS": 7245,
        "PE": 5.3,
        "Book Price": 19.9
      }
    },
    {
      "quarter": "Q1 2013",
      "income status": {
        "Net sales": 770387,
        "Cost of goods sold": 425108,
        "Gross Profit": 345279,
        "Financial expenses": 702,
        "Of which: Interest expense": 604,
        "Cost of sales": 157691,
        "Enterprise cost management": 47850,
        "Total Operating Expenses": 206243,
        "Total revenue financing activities": 11155,
        "Net profit from business activities": 150190,
        "Profit": 173,
        "Profit before tax": 150064,
        "Present corporate income tax expenses": 32179,
        "Deferred income taxes expenses": -835,
        "The interests of minority shareholders": 2590,
        "Total Cost of profits": 33934,
        "Profit after tax corporate income": 116130,
        "Volume": 65366299,
        "Close of Quarter": 34.8,
        "EPS": 5796.8,
        "Non-adjusted EPS": 7729,
        "PE": 4.5,
        "Book Price": 20.7
      }
    },
    {
      "quarter": "Q4 2012",
      "income status": {
        "Net sales": 906062,
        "Cost of goods sold": 453171,
        "Gross Profit": 452891,
        "Financial expenses": 623,
        "Of which: Interest expense": 507,
        "Cost of sales": 266147,
        "Enterprise cost management": 64523,
        "Total Operating Expenses": 331293,
        "Total revenue financing activities": 9676,
        "Net profit from business activities": 131274,
        "Profit": 29618,
        "Profit before tax": 160968,
        "Present corporate income tax expenses": 26255,
        "Deferred income taxes expenses": 207,
        "The interests of minority shareholders": 1281,
        "Total Cost of profits": 27743,
        "Profit after tax corporate income": 133225,
        "Volume": 65366299,
        "Close of Quarter": 31.2,
        "EPS": 5637.1,
        "Non-adjusted EPS": 7516,
        "PE": 4.2,
        "Book Price": 19.4
      }
    },
    {
      "quarter": "Q3 2012",
      "income status": {
        "Net sales": 713117,
        "Cost of goods sold": 347864,
        "Gross Profit": 365253,
        "Financial expenses": 1014,
        "Of which: Interest expense": 478,
        "Cost of sales": 204164,
        "Enterprise cost management": 53739,
        "Total Operating Expenses": 258917,
        "Total revenue financing activities": 12573,
        "Net profit from business activities": 118909,
        "Profit": -860,
        "Profit before tax": 117749,
        "Present corporate income tax expenses": 17973,
        "Deferred income taxes expenses": 181,
        "The interests of minority shareholders": 1190,
        "Total Cost of profits": 19344,
        "Profit after tax corporate income": 98405,
        "Volume": 65366299,
        "Close of Quarter": 30.7,
        "EPS": 5493.1,
        "Non-adjusted EPS": 7324,
        "PE": 4.2,
        "Book Price": 18.7
      }
    },
    {
      "quarter": "Q2 2012",
      "income status": {
        "Net sales": 691517,
        "Cost of goods sold": 356871,
        "Gross Profit": 334646,
        "Financial expenses": 1284,
        "Of which: Interest expense": 776,
        "Cost of sales": 104739,
        "Enterprise cost management": 56799,
        "Total Operating Expenses": 162822,
        "Total revenue financing activities": 12674,
        "Net profit from business activities": 184498,
        "Profit": 2166,
        "Profit before tax": 187034,
        "Present corporate income tax expenses": 27120,
        "Deferred income taxes expenses": 516,
        "The interests of minority shareholders": 1918,
        "Total Cost of profits": 29554,
        "Profit after tax corporate income": 157480,
        "Volume": 65366299,
        "Close of Quarter": 26.7,
        "EPS": 5517.8,
        "Non-adjusted EPS": 7357,
        "PE": 3.6,
        "Book Price": 17.6
      }
    },
    {
      "quarter": "Q1 2012",
      "income status": {
        "Net sales": 620381,
        "Cost of goods sold": 329439,
        "Gross Profit": 290942,
        "Financial expenses": 1532,
        "Of which: Interest expense": 851,
        "Cost of sales": 137682,
        "Enterprise cost management": 42722,
        "Total Operating Expenses": 181936,
        "Total revenue financing activities": 7255,
        "Net profit from business activities": 116260,
        "Profit": 321,
        "Profit before tax": 116281,
        "Present corporate income tax expenses": 14076,
        "Deferred income taxes expenses": -1236,
        "The interests of minority shareholders": 1239,
        "Total Cost of profits": 14079,
        "Profit after tax corporate income": 102202,
        "Volume": 65166299,
        "Close of Quarter": 26.5,
        "EPS": 5095.7,
        "Non-adjusted EPS": 6815,
        "PE": 3.9,
        "Book Price": 17.1
      }
    },
    {
      "quarter": "Q4 2011",
      "income status": {
        "Net sales": 763535,
        "Cost of goods sold": 419775,
        "Gross Profit": 343760,
        "Financial expenses": 2474,
        "Of which: Interest expense": 733,
        "Cost of sales": 155170,
        "Enterprise cost management": 53215,
        "Total Operating Expenses": 210859,
        "Total revenue financing activities": 9894,
        "Net profit from business activities": 142794,
        "Profit": 9,
        "Profit before tax": 142503,
        "Present corporate income tax expenses": 20108,
        "Deferred income taxes expenses": -133,
        "The interests of minority shareholders": 1874,
        "Total Cost of profits": 21849,
        "Profit after tax corporate income": 120653,
        "Volume": 65166299,
        "Close of Quarter": 23.2,
        "EPS": 4930.4,
        "Non-adjusted EPS": 6594,
        "PE": 3.5,
        "Book Price": 16
      }
    },
    {
      "quarter": "Q3 2011",
      "income status": {
        "Net sales": 567127,
        "Cost of goods sold": 305506,
        "Gross Profit": 261622,
        "Financial expenses": 1369,
        "Of which: Interest expense": 418,
        "Cost of sales": 103956,
        "Enterprise cost management": 44287,
        "Total Operating Expenses": 149612,
        "Total revenue financing activities": 13078,
        "Net profit from business activities": 125088,
        "Profit": -5204,
        "Profit before tax": 120202,
        "Present corporate income tax expenses": 18681,
        "Deferred income taxes expenses": -517,
        "The interests of minority shareholders": 1453,
        "Total Cost of profits": 19617,
        "Profit after tax corporate income": 100585,
        "Volume": 65166299,
        "Close of Quarter": 27.1,
        "EPS": 5091.2,
        "Non-adjusted EPS": 6809,
        "PE": 4.0,
        "Book Price": 15.4
      }
    },
    {
      "quarter": "Q2 2011",
      "income status": {
        "Net sales": 581011,
        "Cost of goods sold": 299061,
        "Gross Profit": 281949,
        "Financial expenses": 1669,
        "Of which: Interest expense": "N/A",
        "Cost of sales": 121086,
        "Enterprise cost management": 35104,
        "Total Operating Expenses": 157859,
        "Total revenue financing activities": 14760,
        "Net profit from business activities": 138851,
        "Profit": -286,
        "Profit before tax": 138265,
        "Present corporate income tax expenses": 16785,
        "Deferred income taxes expenses": 253,
        "The interests of minority shareholders": 538,
        "Total Cost of profits": 17576,
        "Profit after tax corporate income": 120689,
        "Volume": 27152832,
        "Close of Quarter": 22.1,
        "EPS": 4838.7,
        "Non-adjusted EPS": 15531,
        "PE": 1.4,
        "Book Price": 14.2
      }
    },
    {
      "quarter": "Q1 2011",
      "income status": {
        "Net sales": 579312,
        "Cost of goods sold": 301449,
        "Gross Profit": 277862,
        "Financial expenses": 1394,
        "Of which: Interest expense": 323,
        "Cost of sales": 145443,
        "Enterprise cost management": 41964,
        "Total Operating Expenses": 188801,
        "Total revenue financing activities": 12615,
        "Net profit from business activities": 101676,
        "Profit": -124,
        "Profit before tax": 101252,
        "Present corporate income tax expenses": 13474,
        "Deferred income taxes expenses": -354,
        "The interests of minority shareholders": 374,
        "Total Cost of profits": 13494,
        "Profit after tax corporate income": 87758,
        "Volume": 27152832,
        "Close of Quarter": 18.9,
        "EPS": 4525.3,
        "Non-adjusted EPS": 14525,
        "PE": 1.3,
        "Book Price": 15.7
      }
    }
  ]
}