{
  "ticker": "PVV",
  "data": [
    {
      "quarter": "Q4 2016",
      "income status": {
        "Net sales": 110018,
        "Cost of goods sold": 91253,
        "Gross Profit": 18764,
        "Financial expenses": 9881,
        "Of which: Interest expense": 9632,
        "Cost of sales": 1240,
        "Enterprise cost management": 5700,
        "Total Operating Expenses": 16821,
        "Total revenue financing activities": 123,
        "Net profit from business activities": 2067,
        "Profit": -4205,
        "Profit before tax": -2138,
        "Present corporate income tax expenses": 1334,
        "Deferred income taxes expenses": 496,
        "The interests of minority shareholders": -376,
        "Total Cost of profits": 1454,
        "Profit after tax corporate income": -3591,
        "Volume": 30000000,
        "Close of Quarter": 1.2,
        "EPS": -1267,
        "Non-adjusted EPS": -1267,
        "PE": -1.0,
        "Book Price": 5.5
      }
    },
    {
      "quarter": "Q3 2016",
      "income status": {
        "Net sales": 22035,
        "Cost of goods sold": 23057,
        "Gross Profit": -1022,
        "Financial expenses": 7593,
        "Of which: Interest expense": 7493,
        "Cost of sales": 470,
        "Enterprise cost management": 6044,
        "Total Operating Expenses": 14107,
        "Total revenue financing activities": 1797,
        "Net profit from business activities": -13331,
        "Profit": -1604,
        "Profit before tax": -14935,
        "Present corporate income tax expenses": 709,
        "Deferred income taxes expenses": -551,
        "The interests of minority shareholders": 569,
        "Total Cost of profits": 727,
        "Profit after tax corporate income": -15662,
        "Volume": 30000000,
        "Close of Quarter": 1.5,
        "EPS": -308,
        "Non-adjusted EPS": -308,
        "PE": -4.9,
        "Book Price": 6.8
      }
    },
    {
      "quarter": "Q2 2016",
      "income status": {
        "Net sales": 25564,
        "Cost of goods sold": 21705,
        "Gross Profit": 3858,
        "Financial expenses": 7586,
        "Of which: Interest expense": 7533,
        "Cost of sales": 697,
        "Enterprise cost management": 5565,
        "Total Operating Expenses": 13848,
        "Total revenue financing activities": 1781,
        "Net profit from business activities": -8208,
        "Profit": -1541,
        "Profit before tax": -9749,
        "Present corporate income tax expenses": -877,
        "Deferred income taxes expenses": -73,
        "The interests of minority shareholders": 70,
        "Total Cost of profits": -880,
        "Profit after tax corporate income": -8869,
        "Volume": 30000000,
        "Close of Quarter": 2.1,
        "EPS": -327,
        "Non-adjusted EPS": -327,
        "PE": -6.4,
        "Book Price": 7.3
      }
    },
    {
      "quarter": "Q1 2016",
      "income status": {
        "Net sales": 24163,
        "Cost of goods sold": 22896,
        "Gross Profit": 1267,
        "Financial expenses": 7809,
        "Of which: Interest expense": 7767,
        "Cost of sales": 338,
        "Enterprise cost management": 4679,
        "Total Operating Expenses": 12826,
        "Total revenue financing activities": 1795,
        "Net profit from business activities": -9764,
        "Profit": -341,
        "Profit before tax": -10105,
        "Present corporate income tax expenses": 233,
        "Deferred income taxes expenses": -211,
        "The interests of minority shareholders": -226,
        "Total Cost of profits": -204,
        "Profit after tax corporate income": -9900,
        "Volume": 30000000,
        "Close of Quarter": 2.6,
        "EPS": -233,
        "Non-adjusted EPS": -233,
        "PE": -11.2,
        "Book Price": 6.7
      }
    },
    {
      "quarter": "Q4 2015",
      "income status": {
        "Net sales": 196070,
        "Cost of goods sold": 157177,
        "Gross Profit": 38893,
        "Financial expenses": 1685,
        "Of which: Interest expense": 1538,
        "Cost of sales": 2875,
        "Enterprise cost management": 5282,
        "Total Operating Expenses": 9842,
        "Total revenue financing activities": 1855,
        "Net profit from business activities": 30905,
        "Profit": 355,
        "Profit before tax": 31260,
        "Present corporate income tax expenses": 5643,
        "Deferred income taxes expenses": 845,
        "The interests of minority shareholders": -428,
        "Total Cost of profits": 6060,
        "Profit after tax corporate income": 25201,
        "Volume": 30000000,
        "Close of Quarter": 3,
        "EPS": 163,
        "Non-adjusted EPS": 163,
        "PE": 18.4,
        "Book Price": 7
      }
    },
    {
      "quarter": "Q3 2015",
      "income status": {
        "Net sales": 38576,
        "Cost of goods sold": 34871,
        "Gross Profit": 3705,
        "Financial expenses": 14308,
        "Of which: Interest expense": 8942,
        "Cost of sales": 581,
        "Enterprise cost management": 7574,
        "Total Operating Expenses": 22463,
        "Total revenue financing activities": 1833,
        "Net profit from business activities": -16925,
        "Profit": -305,
        "Profit before tax": -17230,
        "Present corporate income tax expenses": 195,
        "Deferred income taxes expenses": -104,
        "The interests of minority shareholders": -1072,
        "Total Cost of profits": -981,
        "Profit after tax corporate income": -16248,
        "Volume": 30000000,
        "Close of Quarter": 2.8,
        "EPS": 372,
        "Non-adjusted EPS": 372,
        "PE": 7.5,
        "Book Price": 6
      }
    },
    {
      "quarter": "Q2 2015",
      "income status": {
        "Net sales": 61330,
        "Cost of goods sold": 51588,
        "Gross Profit": 9743,
        "Financial expenses": 12465,
        "Of which: Interest expense": 12412,
        "Cost of sales": 383,
        "Enterprise cost management": 4913,
        "Total Operating Expenses": 17761,
        "Total revenue financing activities": 1833,
        "Net profit from business activities": -6186,
        "Profit": -118,
        "Profit before tax": -6304,
        "Present corporate income tax expenses": 204,
        "Deferred income taxes expenses": -72,
        "The interests of minority shareholders": -384,
        "Total Cost of profits": -252,
        "Profit after tax corporate income": -6052,
        "Volume": 30000000,
        "Close of Quarter": 3.2,
        "EPS": 558,
        "Non-adjusted EPS": 558,
        "PE": 5.7,
        "Book Price": 6.7
      }
    },
    {
      "quarter": "Q1 2015",
      "income status": {
        "Net sales": 128274,
        "Cost of goods sold": 116745,
        "Gross Profit": 11529,
        "Financial expenses": 4755,
        "Of which: Interest expense": 4723,
        "Cost of sales": 383,
        "Enterprise cost management": 4779,
        "Total Operating Expenses": 9917,
        "Total revenue financing activities": 1796,
        "Net profit from business activities": 3409,
        "Profit": -241,
        "Profit before tax": 3169,
        "Present corporate income tax expenses": 1520,
        "Deferred income taxes expenses": -319,
        "The interests of minority shareholders": -21,
        "Total Cost of profits": 1180,
        "Profit after tax corporate income": 1988,
        "Volume": 30000000,
        "Close of Quarter": 4.1,
        "EPS": 399,
        "Non-adjusted EPS": 399,
        "PE": 10.3,
        "Book Price": 7
      }
    },
    {
      "quarter": "Q4 2014",
      "income status": {
        "Net sales": 274333,
        "Cost of goods sold": 236961,
        "Gross Profit": 37372,
        "Financial expenses": -3539,
        "Of which: Interest expense": -3751,
        "Cost of sales": 1473,
        "Enterprise cost management": 6026,
        "Total Operating Expenses": 3960,
        "Total revenue financing activities": 1856,
        "Net profit from business activities": 35268,
        "Profit": 265,
        "Profit before tax": 35534,
        "Present corporate income tax expenses": 4663,
        "Deferred income taxes expenses": -447,
        "The interests of minority shareholders": -148,
        "Total Cost of profits": 4068,
        "Profit after tax corporate income": 31466,
        "Volume": 30000000,
        "Close of Quarter": 2.7,
        "EPS": 76,
        "Non-adjusted EPS": 76,
        "PE": 35.5,
        "Book Price": 6.9
      }
    },
    {
      "quarter": "Q3 2014",
      "income status": {
        "Net sales": 42673,
        "Cost of goods sold": 36674,
        "Gross Profit": 5999,
        "Financial expenses": 8850,
        "Of which: Interest expense": 5935,
        "Cost of sales": 867,
        "Enterprise cost management": 6265,
        "Total Operating Expenses": 15982,
        "Total revenue financing activities": 1843,
        "Net profit from business activities": -8140,
        "Profit": -2725,
        "Profit before tax": -10865,
        "Present corporate income tax expenses": 577,
        "Deferred income taxes expenses": -364,
        "The interests of minority shareholders": -427,
        "Total Cost of profits": -214,
        "Profit after tax corporate income": -10651,
        "Volume": 30000000,
        "Close of Quarter": 3.2,
        "EPS": -1621,
        "Non-adjusted EPS": -1621,
        "PE": -2.0,
        "Book Price": 5.9
      }
    },
    {
      "quarter": "Q2 2014",
      "income status": {
        "Net sales": 30763,
        "Cost of goods sold": 26109,
        "Gross Profit": 4654,
        "Financial expenses": 10542,
        "Of which: Interest expense": 10680,
        "Cost of sales": 539,
        "Enterprise cost management": 7033,
        "Total Operating Expenses": 18114,
        "Total revenue financing activities": 1871,
        "Net profit from business activities": -11589,
        "Profit": 1060,
        "Profit before tax": -10529,
        "Present corporate income tax expenses": 1208,
        "Deferred income taxes expenses": -1151,
        "The interests of minority shareholders": 242,
        "Total Cost of profits": 299,
        "Profit after tax corporate income": -10827,
        "Volume": 30000000,
        "Close of Quarter": 3,
        "EPS": -1814,
        "Non-adjusted EPS": -1814,
        "PE": -1.7,
        "Book Price": 6.2
      }
    },
    {
      "quarter": "Q1 2014",
      "income status": {
        "Net sales": 18194,
        "Cost of goods sold": 15258,
        "Gross Profit": 2936,
        "Financial expenses": 5729,
        "Of which: Interest expense": 5729,
        "Cost of sales": 292,
        "Enterprise cost management": 5877,
        "Total Operating Expenses": 11898,
        "Total revenue financing activities": 1767,
        "Net profit from business activities": -7195,
        "Profit": -649,
        "Profit before tax": -7844,
        "Present corporate income tax expenses": 223,
        "Deferred income taxes expenses": -209,
        "The interests of minority shareholders": -151,
        "Total Cost of profits": -137,
        "Profit after tax corporate income": -7707,
        "Volume": 30000000,
        "Close of Quarter": 4.8,
        "EPS": -2021,
        "Non-adjusted EPS": -2021,
        "PE": -2.4,
        "Book Price": 6.5
      }
    },
    {
      "quarter": "Q4 2013",
      "income status": {
        "Net sales": 52299,
        "Cost of goods sold": 50429,
        "Gross Profit": 1870,
        "Financial expenses": 12846,
        "Of which: Interest expense": 8946,
        "Cost of sales": 488,
        "Enterprise cost management": 6844,
        "Total Operating Expenses": 20178,
        "Total revenue financing activities": 1850,
        "Net profit from business activities": -16458,
        "Profit": -2916,
        "Profit before tax": -19374,
        "Present corporate income tax expenses": 521,
        "Deferred income taxes expenses": -440,
        "The interests of minority shareholders": -16,
        "Total Cost of profits": 65,
        "Profit after tax corporate income": -19439,
        "Volume": 30000000,
        "Close of Quarter": 2.9,
        "EPS": -1883,
        "Non-adjusted EPS": -1883,
        "PE": -1.5,
        "Book Price": 7.6
      }
    },
    {
      "quarter": "Q3 2013",
      "income status": {
        "Net sales": 55812,
        "Cost of goods sold": 56980,
        "Gross Profit": -1167,
        "Financial expenses": 9852,
        "Of which: Interest expense": 9630,
        "Cost of sales": 485,
        "Enterprise cost management": 6425,
        "Total Operating Expenses": 16762,
        "Total revenue financing activities": 1910,
        "Net profit from business activities": -16018,
        "Profit": -18,
        "Profit before tax": -16036,
        "Present corporate income tax expenses": 437,
        "Deferred income taxes expenses": -215,
        "The interests of minority shareholders": 194,
        "Total Cost of profits": 416,
        "Profit after tax corporate income": -16452,
        "Volume": 30000000,
        "Close of Quarter": 2.5,
        "EPS": -2848,
        "Non-adjusted EPS": -2848,
        "PE": -0.9,
        "Book Price": 8.1
      }
    },
    {
      "quarter": "Q2 2013",
      "income status": {
        "Net sales": 59064,
        "Cost of goods sold": 57284,
        "Gross Profit": 1780,
        "Financial expenses": 13175,
        "Of which: Interest expense": 13133,
        "Cost of sales": 928,
        "Enterprise cost management": 8009,
        "Total Operating Expenses": 22112,
        "Total revenue financing activities": 1651,
        "Net profit from business activities": -18681,
        "Profit": -277,
        "Profit before tax": -18958,
        "Present corporate income tax expenses": 218,
        "Deferred income taxes expenses": -86,
        "The interests of minority shareholders": -2065,
        "Total Cost of profits": -1933,
        "Profit after tax corporate income": -17025,
        "Volume": 30000000,
        "Close of Quarter": 3.6,
        "EPS": -2308,
        "Non-adjusted EPS": -2308,
        "PE": -1.6,
        "Book Price": 8.7
      }
    },
    {
      "quarter": "Q1 2013",
      "income status": {
        "Net sales": 47647,
        "Cost of goods sold": 42497,
        "Gross Profit": 5151,
        "Financial expenses": 4465,
        "Of which: Interest expense": 4465,
        "Cost of sales": 535,
        "Enterprise cost management": 5727,
        "Total Operating Expenses": 10727,
        "Total revenue financing activities": 2127,
        "Net profit from business activities": -3449,
        "Profit": 66,
        "Profit before tax": -3383,
        "Present corporate income tax expenses": 168,
        "Deferred income taxes expenses": 11,
        "The interests of minority shareholders": "N/A",
        "Total Cost of profits": 179,
        "Profit after tax corporate income": -3562,
        "Volume": 30000000,
        "Close of Quarter": 3,
        "EPS": -2501,
        "Non-adjusted EPS": -2501,
        "PE": -1.2,
        "Book Price": 9.3
      }
    },
    {
      "quarter": "Q4 2012",
      "income status": {
        "Net sales": 380935,
        "Cost of goods sold": 346346,
        "Gross Profit": 34589,
        "Financial expenses": 53399,
        "Of which: Interest expense": 53026,
        "Cost of sales": 2510,
        "Enterprise cost management": 40751,
        "Total Operating Expenses": 96660,
        "Total revenue financing activities": 10346,
        "Net profit from business activities": -51724,
        "Profit": 2913,
        "Profit before tax": -48811,
        "Present corporate income tax expenses": 400,
        "Deferred income taxes expenses": -1176,
        "The interests of minority shareholders": 374,
        "Total Cost of profits": -402,
        "Profit after tax corporate income": -48409,
        "Volume": 30000000,
        "Close of Quarter": 3.2,
        "EPS": -2737,
        "Non-adjusted EPS": -2737,
        "PE": -1.2,
        "Book Price": 9.3
      }
    },
    {
      "quarter": "Q3 2012",
      "income status": {
        "Net sales": 80044,
        "Cost of goods sold": 65569,
        "Gross Profit": 14475,
        "Financial expenses": 8729,
        "Of which: Interest expense": 8729,
        "Cost of sales": 732,
        "Enterprise cost management": 8702,
        "Total Operating Expenses": 18163,
        "Total revenue financing activities": 3357,
        "Net profit from business activities": -332,
        "Profit": 100,
        "Profit before tax": -232,
        "Present corporate income tax expenses": 126,
        "Deferred income taxes expenses": -266,
        "The interests of minority shareholders": 154,
        "Total Cost of profits": 14,
        "Profit after tax corporate income": -246,
        "Volume": 30000000,
        "Close of Quarter": 2.5,
        "EPS": -1626,
        "Non-adjusted EPS": -1626,
        "PE": -1.5,
        "Book Price": 9.7
      }
    },
    {
      "quarter": "Q2 2012",
      "income status": {
        "Net sales": 113423,
        "Cost of goods sold": 110989,
        "Gross Profit": 2434,
        "Financial expenses": 16436,
        "Of which: Interest expense": 16156,
        "Cost of sales": 895,
        "Enterprise cost management": 11805,
        "Total Operating Expenses": 29136,
        "Total revenue financing activities": 3189,
        "Net profit from business activities": -23513,
        "Profit": -5,
        "Profit before tax": -23517,
        "Present corporate income tax expenses": 187,
        "Deferred income taxes expenses": -319,
        "The interests of minority shareholders": -576,
        "Total Cost of profits": -708,
        "Profit after tax corporate income": -22810,
        "Volume": 30000000,
        "Close of Quarter": 5.6,
        "EPS": -1223,
        "Non-adjusted EPS": -1223,
        "PE": -4.6,
        "Book Price": 9.8
      }
    },
    {
      "quarter": "Q1 2012",
      "income status": {
        "Net sales": 60274,
        "Cost of goods sold": 50671,
        "Gross Profit": 9603,
        "Financial expenses": 14500,
        "Of which: Interest expense": 15360,
        "Cost of sales": 381,
        "Enterprise cost management": 10382,
        "Total Operating Expenses": 25263,
        "Total revenue financing activities": 3625,
        "Net profit from business activities": -12035,
        "Profit": 1774,
        "Profit before tax": -10260,
        "Present corporate income tax expenses": 236,
        "Deferred income taxes expenses": -126,
        "The interests of minority shareholders": 265,
        "Total Cost of profits": 375,
        "Profit after tax corporate income": -10636,
        "Volume": 30000000,
        "Close of Quarter": 5.6,
        "EPS": -375,
        "Non-adjusted EPS": -375,
        "PE": -14.9,
        "Book Price": 10.6
      }
    },
    {
      "quarter": "Q4 2011",
      "income status": {
        "Net sales": 168746,
        "Cost of goods sold": 148274,
        "Gross Profit": 20473,
        "Financial expenses": 26733,
        "Of which: Interest expense": 25572,
        "Cost of sales": 499,
        "Enterprise cost management": 13341,
        "Total Operating Expenses": 40573,
        "Total revenue financing activities": 4269,
        "Net profit from business activities": -13970,
        "Profit": 155,
        "Profit before tax": 5335,
        "Present corporate income tax expenses": 850,
        "Deferred income taxes expenses": -266,
        "The interests of minority shareholders": 689,
        "Total Cost of profits": 1273,
        "Profit after tax corporate income": -15089,
        "Volume": 30000000,
        "Close of Quarter": 3.5,
        "EPS": 7,
        "Non-adjusted EPS": 7,
        "PE": 500,
        "Book Price": 10.9
      }
    },
    {
      "quarter": "Q3 2011",
      "income status": {
        "Net sales": 257911,
        "Cost of goods sold": 225755,
        "Gross Profit": 32156,
        "Financial expenses": 10536,
        "Of which: Interest expense": 10503,
        "Cost of sales": 631,
        "Enterprise cost management": 13144,
        "Total Operating Expenses": 24311,
        "Total revenue financing activities": 11050,
        "Net profit from business activities": 18895,
        "Profit": -327,
        "Profit before tax": 22533,
        "Present corporate income tax expenses": 5175,
        "Deferred income taxes expenses": -841,
        "The interests of minority shareholders": 2384,
        "Total Cost of profits": 6718,
        "Profit after tax corporate income": 11850,
        "Volume": 30000000,
        "Close of Quarter": 8.1,
        "EPS": 835,
        "Non-adjusted EPS": 835,
        "PE": 9.7,
        "Book Price": 11.4
      }
    },
    {
      "quarter": "Q2 2011",
      "income status": {
        "Net sales": 172427,
        "Cost of goods sold": 143830,
        "Gross Profit": 28597,
        "Financial expenses": 17889,
        "Of which: Interest expense": 17713,
        "Cost of sales": 219,
        "Enterprise cost management": 11480,
        "Total Operating Expenses": 29588,
        "Total revenue financing activities": 4344,
        "Net profit from business activities": 3353,
        "Profit": -159,
        "Profit before tax": 3194,
        "Present corporate income tax expenses": 924,
        "Deferred income taxes expenses": -318,
        "The interests of minority shareholders": -28,
        "Total Cost of profits": 578,
        "Profit after tax corporate income": 2616,
        "Volume": 30000000,
        "Close of Quarter": 10,
        "EPS": 617,
        "Non-adjusted EPS": 617,
        "PE": 16.2,
        "Book Price": 11
      }
    },
    {
      "quarter": "Q1 2011",
      "income status": {
        "Net sales": 110974,
        "Cost of goods sold": 100176,
        "Gross Profit": 10798,
        "Financial expenses": 5526,
        "Of which: Interest expense": 5148,
        "Cost of sales": 237,
        "Enterprise cost management": 6664,
        "Total Operating Expenses": 12427,
        "Total revenue financing activities": 3679,
        "Net profit from business activities": 2050,
        "Profit": 9,
        "Profit before tax": 2058,
        "Present corporate income tax expenses": 945,
        "Deferred income taxes expenses": "N/A",
        "The interests of minority shareholders": 288,
        "Total Cost of profits": 1233,
        "Profit after tax corporate income": 825,
        "Volume": 13500000,
        "Close of Quarter": 23,
        "EPS": 612.9,
        "Non-adjusted EPS": 1362,
        "PE": 16.9,
        "Book Price": 11.0
      }
    }
  ]
}