{
  "ticker": "CLC",
  "data": [
    {
      "quarter": "Q4 2016",
      "income status": {
        "Net sales": 508146,
        "Cost of goods sold": 424113,
        "Gross Profit": 84034,
        "Financial expenses": 9526,
        "Of which: Interest expense": 3745,
        "Cost of sales": 8336,
        "Enterprise cost management": 20368,
        "Total Operating Expenses": 38230,
        "Total revenue financing activities": 232,
        "Net profit from business activities": 46035,
        "Profit": 168,
        "Profit before tax": 46203,
        "Present corporate income tax expenses": 10669,
        "Deferred income taxes expenses": "N/A",
        "The interests of minority shareholders": "N/A",
        "Total Cost of profits": 10669,
        "Profit after tax corporate income": 35535,
        "Volume": 13103830,
        "Close of Quarter": 51.3,
        "EPS": 8513,
        "Non-adjusted EPS": 8513,
        "PE": 6.0,
        "Book Price": 28.9
      }
    },
    {
      "quarter": "Q3 2016",
      "income status": {
        "Net sales": 455429,
        "Cost of goods sold": 392193,
        "Gross Profit": 63236,
        "Financial expenses": 9309,
        "Of which: Interest expense": 4310,
        "Cost of sales": 6745,
        "Enterprise cost management": 12070,
        "Total Operating Expenses": 28124,
        "Total revenue financing activities": 201,
        "Net profit from business activities": 35314,
        "Profit": 94,
        "Profit before tax": 35408,
        "Present corporate income tax expenses": 7082,
        "Deferred income taxes expenses": "N/A",
        "The interests of minority shareholders": "N/A",
        "Total Cost of profits": 7082,
        "Profit after tax corporate income": 28326,
        "Volume": 13103830,
        "Close of Quarter": 58.2,
        "EPS": 8098,
        "Non-adjusted EPS": 8098,
        "PE": 7.2,
        "Book Price": 27.7
      }
    },
    {
      "quarter": "Q2 2016",
      "income status": {
        "Net sales": 433324,
        "Cost of goods sold": 378000,
        "Gross Profit": 55324,
        "Financial expenses": 9037,
        "Of which: Interest expense": 7415,
        "Cost of sales": 8005,
        "Enterprise cost management": 11744,
        "Total Operating Expenses": 28786,
        "Total revenue financing activities": 206,
        "Net profit from business activities": 26742,
        "Profit": 73,
        "Profit before tax": 26816,
        "Present corporate income tax expenses": 5363,
        "Deferred income taxes expenses": "N/A",
        "The interests of minority shareholders": "N/A",
        "Total Cost of profits": 5363,
        "Profit after tax corporate income": 21452,
        "Volume": 13103830,
        "Close of Quarter": 61.8,
        "EPS": 8421,
        "Non-adjusted EPS": 8421,
        "PE": 7.3,
        "Book Price": 25.5
      }
    },
    {
      "quarter": "Q1 2016",
      "income status": {
        "Net sales": 420621,
        "Cost of goods sold": 362365,
        "Gross Profit": 58256,
        "Financial expenses": 7419,
        "Of which: Interest expense": 1988,
        "Cost of sales": 6302,
        "Enterprise cost management": 11956,
        "Total Operating Expenses": 25677,
        "Total revenue financing activities": 59,
        "Net profit from business activities": 32638,
        "Profit": 161,
        "Profit before tax": 32800,
        "Present corporate income tax expenses": 6560,
        "Deferred income taxes expenses": "N/A",
        "The interests of minority shareholders": "N/A",
        "Total Cost of profits": 6560,
        "Profit after tax corporate income": 26240,
        "Volume": 13103830,
        "Close of Quarter": 48.9,
        "EPS": 8357,
        "Non-adjusted EPS": 8357,
        "PE": 5.9,
        "Book Price": 26.7
      }
    },
    {
      "quarter": "Q4 2015",
      "income status": {
        "Net sales": 517696,
        "Cost of goods sold": 442497,
        "Gross Profit": 75198,
        "Financial expenses": 8977,
        "Of which: Interest expense": 4127,
        "Cost of sales": 9325,
        "Enterprise cost management": 20110,
        "Total Operating Expenses": 38412,
        "Total revenue financing activities": 243,
        "Net profit from business activities": 37029,
        "Profit": 16,
        "Profit before tax": 37045,
        "Present corporate income tax expenses": 6016,
        "Deferred income taxes expenses": 930,
        "The interests of minority shareholders": "N/A",
        "Total Cost of profits": 6946,
        "Profit after tax corporate income": 30098,
        "Volume": 13103830,
        "Close of Quarter": 41.1,
        "EPS": 7757,
        "Non-adjusted EPS": 7757,
        "PE": 5.3,
        "Book Price": 24.7
      }
    },
    {
      "quarter": "Q3 2015",
      "income status": {
        "Net sales": 470178,
        "Cost of goods sold": 402857,
        "Gross Profit": 67321,
        "Financial expenses": 9614,
        "Of which: Interest expense": 4141,
        "Cost of sales": 8397,
        "Enterprise cost management": 10976,
        "Total Operating Expenses": 28987,
        "Total revenue financing activities": 37,
        "Net profit from business activities": 38371,
        "Profit": -64,
        "Profit before tax": 38307,
        "Present corporate income tax expenses": 5755,
        "Deferred income taxes expenses": "N/A",
        "The interests of minority shareholders": "N/A",
        "Total Cost of profits": 5755,
        "Profit after tax corporate income": 32552,
        "Volume": 13103830,
        "Close of Quarter": 34.9,
        "EPS": 6298,
        "Non-adjusted EPS": 6298,
        "PE": 5.5,
        "Book Price": 23.9
      }
    },
    {
      "quarter": "Q2 2015",
      "income status": {
        "Net sales": 399671,
        "Cost of goods sold": 349156,
        "Gross Profit": 50514,
        "Financial expenses": 9812,
        "Of which: Interest expense": 5000,
        "Cost of sales": 7373,
        "Enterprise cost management": 9409,
        "Total Operating Expenses": 26594,
        "Total revenue financing activities": 278,
        "Net profit from business activities": 24198,
        "Profit": 66,
        "Profit before tax": 24264,
        "Present corporate income tax expenses": 3646,
        "Deferred income taxes expenses": "N/A",
        "The interests of minority shareholders": "N/A",
        "Total Cost of profits": 3646,
        "Profit after tax corporate income": 20618,
        "Volume": 13103830,
        "Close of Quarter": 27.9,
        "EPS": 5324,
        "Non-adjusted EPS": 5324,
        "PE": 5.2,
        "Book Price": 23.5
      }
    },
    {
      "quarter": "Q1 2015",
      "income status": {
        "Net sales": 375062,
        "Cost of goods sold": 330478,
        "Gross Profit": 44584,
        "Financial expenses": 8609,
        "Of which: Interest expense": 4287,
        "Cost of sales": 5641,
        "Enterprise cost management": 9076,
        "Total Operating Expenses": 23326,
        "Total revenue financing activities": 348,
        "Net profit from business activities": 21606,
        "Profit": 29,
        "Profit before tax": 21635,
        "Present corporate income tax expenses": 3253,
        "Deferred income taxes expenses": "N/A",
        "The interests of minority shareholders": "N/A",
        "Total Cost of profits": 3253,
        "Profit after tax corporate income": 18382,
        "Volume": 13103830,
        "Close of Quarter": 27.4,
        "EPS": 5279,
        "Non-adjusted EPS": 5279,
        "PE": 5.2,
        "Book Price": 21.9
      }
    },
    {
      "quarter": "Q4 2014",
      "income status": {
        "Net sales": 418786,
        "Cost of goods sold": 377653,
        "Gross Profit": 41133,
        "Financial expenses": 8565,
        "Of which: Interest expense": 4707,
        "Cost of sales": 8351,
        "Enterprise cost management": 9723,
        "Total Operating Expenses": 26639,
        "Total revenue financing activities": 617,
        "Net profit from business activities": 15111,
        "Profit": 7,
        "Profit before tax": 15118,
        "Present corporate income tax expenses": 4137,
        "Deferred income taxes expenses": "N/A",
        "The interests of minority shareholders": "N/A",
        "Total Cost of profits": 4137,
        "Profit after tax corporate income": 10981,
        "Volume": 13103830,
        "Close of Quarter": 26.3,
        "EPS": 5458,
        "Non-adjusted EPS": 5458,
        "PE": 4.8,
        "Book Price": 23.1
      }
    },
    {
      "quarter": "Q3 2014",
      "income status": {
        "Net sales": 343840,
        "Cost of goods sold": 299985,
        "Gross Profit": 43856,
        "Financial expenses": 6677,
        "Of which: Interest expense": 4742,
        "Cost of sales": 9483,
        "Enterprise cost management": 4986,
        "Total Operating Expenses": 21146,
        "Total revenue financing activities": 145,
        "Net profit from business activities": 22854,
        "Profit": 432,
        "Profit before tax": 23286,
        "Present corporate income tax expenses": 3498,
        "Deferred income taxes expenses": "N/A",
        "The interests of minority shareholders": "N/A",
        "Total Cost of profits": 3498,
        "Profit after tax corporate income": 19788,
        "Volume": 13103830,
        "Close of Quarter": 23.6,
        "EPS": 5804,
        "Non-adjusted EPS": 5804,
        "PE": 4.1,
        "Book Price": 23.8
      }
    },
    {
      "quarter": "Q2 2014",
      "income status": {
        "Net sales": 328422,
        "Cost of goods sold": 287768,
        "Gross Profit": 40654,
        "Financial expenses": 6116,
        "Of which: Interest expense": 4996,
        "Cost of sales": 4983,
        "Enterprise cost management": 5989,
        "Total Operating Expenses": 17088,
        "Total revenue financing activities": 130,
        "Net profit from business activities": 23697,
        "Profit": -127,
        "Profit before tax": 23569,
        "Present corporate income tax expenses": 3539,
        "Deferred income taxes expenses": "N/A",
        "The interests of minority shareholders": "N/A",
        "Total Cost of profits": 3539,
        "Profit after tax corporate income": 20030,
        "Volume": 13103830,
        "Close of Quarter": 22.3,
        "EPS": 5720,
        "Non-adjusted EPS": 5720,
        "PE": 3.9,
        "Book Price": 22.3
      }
    },
    {
      "quarter": "Q1 2014",
      "income status": {
        "Net sales": 381109,
        "Cost of goods sold": 340584,
        "Gross Profit": 40525,
        "Financial expenses": 3993,
        "Of which: Interest expense": 3347,
        "Cost of sales": 5264,
        "Enterprise cost management": 7059,
        "Total Operating Expenses": 16316,
        "Total revenue financing activities": 114,
        "Net profit from business activities": 24323,
        "Profit": 75,
        "Profit before tax": 24398,
        "Present corporate income tax expenses": 3670,
        "Deferred income taxes expenses": "N/A",
        "The interests of minority shareholders": "N/A",
        "Total Cost of profits": 3670,
        "Profit after tax corporate income": 20727,
        "Volume": 13103830,
        "Close of Quarter": 22.0,
        "EPS": 5682,
        "Non-adjusted EPS": 5682,
        "PE": 3.9,
        "Book Price": 22.8
      }
    },
    {
      "quarter": "Q4 2013",
      "income status": {
        "Net sales": 454743,
        "Cost of goods sold": 419858,
        "Gross Profit": 34885,
        "Financial expenses": 3265,
        "Of which: Interest expense": 2892,
        "Cost of sales": 6484,
        "Enterprise cost management": 8105,
        "Total Operating Expenses": 17854,
        "Total revenue financing activities": 144,
        "Net profit from business activities": 17174,
        "Profit": 294,
        "Profit before tax": 17468,
        "Present corporate income tax expenses": 1956,
        "Deferred income taxes expenses": "N/A",
        "The interests of minority shareholders": "N/A",
        "Total Cost of profits": 1956,
        "Profit after tax corporate income": 15511,
        "Volume": 13103830,
        "Close of Quarter": 23.0,
        "EPS": 5437,
        "Non-adjusted EPS": 5437,
        "PE": 4.2,
        "Book Price": 21.2
      }
    },
    {
      "quarter": "Q3 2013",
      "income status": {
        "Net sales": 372014,
        "Cost of goods sold": 336054,
        "Gross Profit": 35960,
        "Financial expenses": 3452,
        "Of which: Interest expense": 2244,
        "Cost of sales": 7439,
        "Enterprise cost management": 4997,
        "Total Operating Expenses": 15888,
        "Total revenue financing activities": 37,
        "Net profit from business activities": 20108,
        "Profit": 428,
        "Profit before tax": 20536,
        "Present corporate income tax expenses": 1849,
        "Deferred income taxes expenses": "N/A",
        "The interests of minority shareholders": "N/A",
        "Total Cost of profits": 1849,
        "Profit after tax corporate income": 18688,
        "Volume": 13103830,
        "Close of Quarter": 17.3,
        "EPS": 5909,
        "Non-adjusted EPS": 5909,
        "PE": 2.9,
        "Book Price": 21
      }
    },
    {
      "quarter": "Q2 2013",
      "income status": {
        "Net sales": 415084,
        "Cost of goods sold": 378114,
        "Gross Profit": 36970,
        "Financial expenses": 5473,
        "Of which: Interest expense": 3763,
        "Cost of sales": 5616,
        "Enterprise cost management": 4956,
        "Total Operating Expenses": 16045,
        "Total revenue financing activities": 155,
        "Net profit from business activities": 21081,
        "Profit": 113,
        "Profit before tax": 21193,
        "Present corporate income tax expenses": 1659,
        "Deferred income taxes expenses": "N/A",
        "The interests of minority shareholders": "N/A",
        "Total Cost of profits": 1659,
        "Profit after tax corporate income": 19534,
        "Volume": 13103830,
        "Close of Quarter": 15.1,
        "EPS": 5338,
        "Non-adjusted EPS": 5338,
        "PE": 2.8,
        "Book Price": 19.6
      }
    },
    {
      "quarter": "Q1 2013",
      "income status": {
        "Net sales": 360201,
        "Cost of goods sold": 326443,
        "Gross Profit": 33757,
        "Financial expenses": 4028,
        "Of which: Interest expense": 3189,
        "Cost of sales": 5647,
        "Enterprise cost management": 5331,
        "Total Operating Expenses": 15006,
        "Total revenue financing activities": 140,
        "Net profit from business activities": 18892,
        "Profit": 39,
        "Profit before tax": 18931,
        "Present corporate income tax expenses": 1425,
        "Deferred income taxes expenses": "N/A",
        "The interests of minority shareholders": "N/A",
        "Total Cost of profits": 1425,
        "Profit after tax corporate income": 17506,
        "Volume": 13103830,
        "Close of Quarter": 10.4,
        "EPS": 4610,
        "Non-adjusted EPS": 4610,
        "PE": 2.3,
        "Book Price": 19.5
      }
    },
    {
      "quarter": "Q4 2012",
      "income status": {
        "Net sales": 374745,
        "Cost of goods sold": 335134,
        "Gross Profit": 39611,
        "Financial expenses": 4323,
        "Of which: Interest expense": 4426,
        "Cost of sales": 7369,
        "Enterprise cost management": 5220,
        "Total Operating Expenses": 16912,
        "Total revenue financing activities": 706,
        "Net profit from business activities": 23406,
        "Profit": 318,
        "Profit before tax": 23724,
        "Present corporate income tax expenses": 2021,
        "Deferred income taxes expenses": "N/A",
        "The interests of minority shareholders": "N/A",
        "Total Cost of profits": 2021,
        "Profit after tax corporate income": 21703,
        "Volume": 13103830,
        "Close of Quarter": 10.2,
        "EPS": 3717,
        "Non-adjusted EPS": 3717,
        "PE": 2.7,
        "Book Price": 18.2
      }
    },
    {
      "quarter": "Q3 2012",
      "income status": {
        "Net sales": 313545,
        "Cost of goods sold": 285615,
        "Gross Profit": 27930,
        "Financial expenses": 7191,
        "Of which: Interest expense": 6633,
        "Cost of sales": 4659,
        "Enterprise cost management": 4023,
        "Total Operating Expenses": 15873,
        "Total revenue financing activities": 114,
        "Net profit from business activities": 12171,
        "Profit": -56,
        "Profit before tax": 12115,
        "Present corporate income tax expenses": 912,
        "Deferred income taxes expenses": "N/A",
        "The interests of minority shareholders": "N/A",
        "Total Cost of profits": 912,
        "Profit after tax corporate income": 11204,
        "Volume": 13103830,
        "Close of Quarter": 9.1,
        "EPS": 2975,
        "Non-adjusted EPS": 2975,
        "PE": 3.1,
        "Book Price": 17.5
      }
    },
    {
      "quarter": "Q2 2012",
      "income status": {
        "Net sales": 343004,
        "Cost of goods sold": 311709,
        "Gross Profit": 31295,
        "Financial expenses": 11099,
        "Of which: Interest expense": 10829,
        "Cost of sales": 6117,
        "Enterprise cost management": 3823,
        "Total Operating Expenses": 21039,
        "Total revenue financing activities": 552,
        "Net profit from business activities": 10809,
        "Profit": 3,
        "Profit before tax": 10812,
        "Present corporate income tax expenses": 820,
        "Deferred income taxes expenses": "N/A",
        "The interests of minority shareholders": "N/A",
        "Total Cost of profits": 820,
        "Profit after tax corporate income": 9992,
        "Volume": 13103830,
        "Close of Quarter": 9.8,
        "EPS": 3976,
        "Non-adjusted EPS": 3976,
        "PE": 2.5,
        "Book Price": 16.7
      }
    },
    {
      "quarter": "Q1 2012",
      "income status": {
        "Net sales": 349045,
        "Cost of goods sold": 323547,
        "Gross Profit": 25498,
        "Financial expenses": 9683,
        "Of which: Interest expense": 8265,
        "Cost of sales": 5841,
        "Enterprise cost management": 3920,
        "Total Operating Expenses": 19444,
        "Total revenue financing activities": 133,
        "Net profit from business activities": 6187,
        "Profit": 90,
        "Profit before tax": 6278,
        "Present corporate income tax expenses": 472,
        "Deferred income taxes expenses": "N/A",
        "The interests of minority shareholders": "N/A",
        "Total Cost of profits": 472,
        "Profit after tax corporate income": 5806,
        "Volume": 13103830,
        "Close of Quarter": 8.8,
        "EPS": 4293,
        "Non-adjusted EPS": 4293,
        "PE": 2.1,
        "Book Price": 17.8
      }
    },
    {
      "quarter": "Q4 2011",
      "income status": {
        "Net sales": 452879,
        "Cost of goods sold": 416703,
        "Gross Profit": 36176,
        "Financial expenses": 13252,
        "Of which: Interest expense": 9241,
        "Cost of sales": 8037,
        "Enterprise cost management": 6438,
        "Total Operating Expenses": 27727,
        "Total revenue financing activities": 4149,
        "Net profit from business activities": 12597,
        "Profit": 624,
        "Profit before tax": 13221,
        "Present corporate income tax expenses": 2175,
        "Deferred income taxes expenses": -930,
        "The interests of minority shareholders": "N/A",
        "Total Cost of profits": 1245,
        "Profit after tax corporate income": 11976,
        "Volume": 13103830,
        "Close of Quarter": 7.0,
        "EPS": 4637,
        "Non-adjusted EPS": 4637,
        "PE": 1.5,
        "Book Price": 17.4
      }
    },
    {
      "quarter": "Q3 2011",
      "income status": {
        "Net sales": 410866,
        "Cost of goods sold": 365682,
        "Gross Profit": 45184,
        "Financial expenses": 11359,
        "Of which: Interest expense": 9900,
        "Cost of sales": 5395,
        "Enterprise cost management": 3915,
        "Total Operating Expenses": 20669,
        "Total revenue financing activities": 1777,
        "Net profit from business activities": 26291,
        "Profit": 168,
        "Profit before tax": 26459,
        "Present corporate income tax expenses": 2130,
        "Deferred income taxes expenses": "N/A",
        "The interests of minority shareholders": "N/A",
        "Total Cost of profits": 2130,
        "Profit after tax corporate income": 24329,
        "Volume": 13103830,
        "Close of Quarter": 6.4,
        "EPS": 4375,
        "Non-adjusted EPS": 4375,
        "PE": 1.5,
        "Book Price": 17.6
      }
    },
    {
      "quarter": "Q2 2011",
      "income status": {
        "Net sales": 348924,
        "Cost of goods sold": 302027,
        "Gross Profit": 46897,
        "Financial expenses": 22351,
        "Of which: Interest expense": 9351,
        "Cost of sales": 5089,
        "Enterprise cost management": 4945,
        "Total Operating Expenses": 32385,
        "Total revenue financing activities": 600,
        "Net profit from business activities": 15112,
        "Profit": 185,
        "Profit before tax": 15297,
        "Present corporate income tax expenses": 1151,
        "Deferred income taxes expenses": "N/A",
        "The interests of minority shareholders": "N/A",
        "Total Cost of profits": 1151,
        "Profit after tax corporate income": 14147,
        "Volume": 13103830,
        "Close of Quarter": 7.3,
        "EPS": 3294,
        "Non-adjusted EPS": 3294,
        "PE": 2.2,
        "Book Price": 15.7
      }
    },
    {
      "quarter": "Q1 2011",
      "income status": {
        "Net sales": 313661,
        "Cost of goods sold": 275589,
        "Gross Profit": 38072,
        "Financial expenses": 19727,
        "Of which: Interest expense": 7812,
        "Cost of sales": 3649,
        "Enterprise cost management": 3993,
        "Total Operating Expenses": 27369,
        "Total revenue financing activities": 301,
        "Net profit from business activities": 11003,
        "Profit": 149,
        "Profit before tax": 11153,
        "Present corporate income tax expenses": 845,
        "Deferred income taxes expenses": "N/A",
        "The interests of minority shareholders": "N/A",
        "Total Cost of profits": 845,
        "Profit after tax corporate income": 10307,
        "Volume": 13103830,
        "Close of Quarter": 8.2,
        "EPS": 3220,
        "Non-adjusted EPS": 3220,
        "PE": 2.5,
        "Book Price": 14.7
      }
    }
  ]
}