{
  "ticker": "CII",
  "data": [
    {
      "quarter": "Q4 2016",
      "income status": {
        "Net sales": 379296,
        "Cost of goods sold": 298743,
        "Gross Profit": 80552,
        "Financial expenses": 77494,
        "Of which: Interest expense": 24407,
        "Cost of sales": 4137,
        "Enterprise cost management": 152790,
        "Total Operating Expenses": 234421,
        "Total revenue financing activities": 271936,
        "Net profit from business activities": 119025,
        "Profit": 6235,
        "Profit before tax": 125260,
        "Present corporate income tax expenses": 32354,
        "Deferred income taxes expenses": -890,
        "The interests of minority shareholders": 3177,
        "Total Cost of profits": 34641,
        "Profit after tax corporate income": 90619,
        "Volume": 274828237,
        "Close of Quarter": 27.7,
        "EPS": 3113,
        "Non-adjusted EPS": 3113,
        "PE": 8.9,
        "Book Price": 15.7
      }
    },
    {
      "quarter": "Q3 2016",
      "income status": {
        "Net sales": 329060,
        "Cost of goods sold": 197880,
        "Gross Profit": 131181,
        "Financial expenses": 126746,
        "Of which: Interest expense": 166396,
        "Cost of sales": 8773,
        "Enterprise cost management": 81988,
        "Total Operating Expenses": 217507,
        "Total revenue financing activities": 829218,
        "Net profit from business activities": 751752,
        "Profit": -4450,
        "Profit before tax": 747302,
        "Present corporate income tax expenses": 55591,
        "Deferred income taxes expenses": -231,
        "The interests of minority shareholders": 91914,
        "Total Cost of profits": 147274,
        "Profit after tax corporate income": 600027,
        "Volume": 273828237,
        "Close of Quarter": 28.4,
        "EPS": 2551.7,
        "Non-adjusted EPS": 2561,
        "PE": 11.1,
        "Book Price": 15.8
      }
    },
    {
      "quarter": "Q2 2016",
      "income status": {
        "Net sales": 284668,
        "Cost of goods sold": 186019,
        "Gross Profit": 98649,
        "Financial expenses": 126094,
        "Of which: Interest expense": 124974,
        "Cost of sales": 4483,
        "Enterprise cost management": 42838,
        "Total Operating Expenses": 173415,
        "Total revenue financing activities": 279723,
        "Net profit from business activities": 222961,
        "Profit": -698,
        "Profit before tax": 222264,
        "Present corporate income tax expenses": 42026,
        "Deferred income taxes expenses": -1487,
        "The interests of minority shareholders": 42560,
        "Total Cost of profits": 83099,
        "Profit after tax corporate income": 139165,
        "Volume": 260154407,
        "Close of Quarter": 24.7,
        "EPS": 925.8,
        "Non-adjusted EPS": 978,
        "PE": 25.2,
        "Book Price": 22.0
      }
    },
    {
      "quarter": "Q1 2016",
      "income status": {
        "Net sales": 224043,
        "Cost of goods sold": 134552,
        "Gross Profit": 89491,
        "Financial expenses": 125429,
        "Of which: Interest expense": 116750,
        "Cost of sales": 7493,
        "Enterprise cost management": -4519,
        "Total Operating Expenses": 128403,
        "Total revenue financing activities": 123255,
        "Net profit from business activities": 104562,
        "Profit": -435,
        "Profit before tax": 104127,
        "Present corporate income tax expenses": 59581,
        "Deferred income taxes expenses": -1985,
        "The interests of minority shareholders": 20833,
        "Total Cost of profits": 78429,
        "Profit after tax corporate income": 25698,
        "Volume": 260154407,
        "Close of Quarter": 22.2,
        "EPS": 1751.2,
        "Non-adjusted EPS": 1850,
        "PE": 12.0,
        "Book Price": 20.6
      }
    },
    {
      "quarter": "Q4 2015",
      "income status": {
        "Net sales": 420919,
        "Cost of goods sold": 243030,
        "Gross Profit": 177890,
        "Financial expenses": 237660,
        "Of which: Interest expense": 173677,
        "Cost of sales": 71274,
        "Enterprise cost management": 51942,
        "Total Operating Expenses": 360876,
        "Total revenue financing activities": 135938,
        "Net profit from business activities": -39568,
        "Profit": 961,
        "Profit before tax": -38607,
        "Present corporate income tax expenses": -8732,
        "Deferred income taxes expenses": 767,
        "The interests of minority shareholders": 32947,
        "Total Cost of profits": 24982,
        "Profit after tax corporate income": -63588,
        "Volume": 228064038,
        "Close of Quarter": 20.3,
        "EPS": 2282.9,
        "Non-adjusted EPS": 2751,
        "PE": 7.4,
        "Book Price": 16.9
      }
    },
    {
      "quarter": "Q3 2015",
      "income status": {
        "Net sales": 577738,
        "Cost of goods sold": 262137,
        "Gross Profit": 315600,
        "Financial expenses": 120681,
        "Of which: Interest expense": 75692,
        "Cost of sales": 69079,
        "Enterprise cost management": 63288,
        "Total Operating Expenses": 253048,
        "Total revenue financing activities": 205679,
        "Net profit from business activities": 286146,
        "Profit": 15,
        "Profit before tax": 286160,
        "Present corporate income tax expenses": 52299,
        "Deferred income taxes expenses": -2112,
        "The interests of minority shareholders": 82835,
        "Total Cost of profits": 133022,
        "Profit after tax corporate income": 153139,
        "Volume": 212439138,
        "Close of Quarter": 20.8,
        "EPS": 3035.5,
        "Non-adjusted EPS": 3927,
        "PE": 5.3,
        "Book Price": 16.9
      }
    },
    {
      "quarter": "Q2 2015",
      "income status": {
        "Net sales": 317046,
        "Cost of goods sold": 116843,
        "Gross Profit": 200203,
        "Financial expenses": 226513,
        "Of which: Interest expense": 178266,
        "Cost of sales": 65921,
        "Enterprise cost management": 26916,
        "Total Operating Expenses": 319350,
        "Total revenue financing activities": 541590,
        "Net profit from business activities": 390161,
        "Profit": -291,
        "Profit before tax": 389870,
        "Present corporate income tax expenses": 10247,
        "Deferred income taxes expenses": -2735,
        "The interests of minority shareholders": 16386,
        "Total Cost of profits": 23898,
        "Profit after tax corporate income": 365972,
        "Volume": 195290904,
        "Close of Quarter": 20.6,
        "EPS": 2736.5,
        "Non-adjusted EPS": 3851,
        "PE": 5.4,
        "Book Price": 16.6
      }
    },
    {
      "quarter": "Q1 2015",
      "income status": {
        "Net sales": 432541,
        "Cost of goods sold": 297138,
        "Gross Profit": 135404,
        "Financial expenses": 32856,
        "Of which: Interest expense": 21091,
        "Cost of sales": 62994,
        "Enterprise cost management": 36967,
        "Total Operating Expenses": 132817,
        "Total revenue financing activities": 146932,
        "Net profit from business activities": 173462,
        "Profit": 123837,
        "Profit before tax": 297299,
        "Present corporate income tax expenses": 90962,
        "Deferred income taxes expenses": -4,
        "The interests of minority shareholders": 34345,
        "Total Cost of profits": 125303,
        "Profit after tax corporate income": 171995,
        "Volume": 195290904,
        "Close of Quarter": 16.1,
        "EPS": 1696.9,
        "Non-adjusted EPS": 2388,
        "PE": 6.7,
        "Book Price": 13.6
      }
    },
    {
      "quarter": "Q4 2014",
      "income status": {
        "Net sales": 1012005,
        "Cost of goods sold": 883312,
        "Gross Profit": 128693,
        "Financial expenses": 82605,
        "Of which: Interest expense": 70352,
        "Cost of sales": 68172,
        "Enterprise cost management": 75853,
        "Total Operating Expenses": 226630,
        "Total revenue financing activities": 359481,
        "Net profit from business activities": 273166,
        "Profit": -813,
        "Profit before tax": 272353,
        "Present corporate income tax expenses": 6902,
        "Deferred income taxes expenses": 71,
        "The interests of minority shareholders": 122241,
        "Total Cost of profits": 129214,
        "Profit after tax corporate income": 143140,
        "Volume": 115567000,
        "Close of Quarter": 16.5,
        "EPS": 1411.2,
        "Non-adjusted EPS": 3356,
        "PE": 4.9,
        "Book Price": 11.4
      }
    },
    {
      "quarter": "Q3 2014",
      "income status": {
        "Net sales": 217695,
        "Cost of goods sold": 94392,
        "Gross Profit": 123304,
        "Financial expenses": 39409,
        "Of which: Interest expense": 40972,
        "Cost of sales": 58636,
        "Enterprise cost management": 15994,
        "Total Operating Expenses": 114039,
        "Total revenue financing activities": 108539,
        "Net profit from business activities": 104508,
        "Profit": 527,
        "Profit before tax": 105036,
        "Present corporate income tax expenses": 23313,
        "Deferred income taxes expenses": "N/A",
        "The interests of minority shareholders": 10857,
        "Total Cost of profits": 34170,
        "Profit after tax corporate income": 70866,
        "Volume": 115527000,
        "Close of Quarter": 17.2,
        "EPS": 1150.5,
        "Non-adjusted EPS": 2737,
        "PE": 6.3,
        "Book Price": 8.0
      }
    },
    {
      "quarter": "Q2 2014",
      "income status": {
        "Net sales": 1216202,
        "Cost of goods sold": 1087159,
        "Gross Profit": 129044,
        "Financial expenses": 90311,
        "Of which: Interest expense": 68496,
        "Cost of sales": 60772,
        "Enterprise cost management": 14272,
        "Total Operating Expenses": 165355,
        "Total revenue financing activities": 131328,
        "Net profit from business activities": 100148,
        "Profit": -197,
        "Profit before tax": 99952,
        "Present corporate income tax expenses": 904,
        "Deferred income taxes expenses": "N/A",
        "The interests of minority shareholders": 18738,
        "Total Cost of profits": 19642,
        "Profit after tax corporate income": 80310,
        "Volume": 112861500,
        "Close of Quarter": 15.0,
        "EPS": 1082.9,
        "Non-adjusted EPS": 2637,
        "PE": 5.7,
        "Book Price": 7.4
      }
    },
    {
      "quarter": "Q1 2014",
      "income status": {
        "Net sales": 203545,
        "Cost of goods sold": 77073,
        "Gross Profit": 126472,
        "Financial expenses": 25755,
        "Of which: Interest expense": 45856,
        "Cost of sales": 41869,
        "Enterprise cost management": 15251,
        "Total Operating Expenses": 82875,
        "Total revenue financing activities": 27923,
        "Net profit from business activities": 126182,
        "Profit": -4433,
        "Profit before tax": 121749,
        "Present corporate income tax expenses": 24017,
        "Deferred income taxes expenses": "N/A",
        "The interests of minority shareholders": 4232,
        "Total Cost of profits": 28249,
        "Profit after tax corporate income": 93500,
        "Volume": 112861500,
        "Close of Quarter": 22.3,
        "EPS": 521.1,
        "Non-adjusted EPS": 1269,
        "PE": 17.6,
        "Book Price": 7.1
      }
    },
    {
      "quarter": "Q4 2013",
      "income status": {
        "Net sales": 244112,
        "Cost of goods sold": 133983,
        "Gross Profit": 110129,
        "Financial expenses": 42562,
        "Of which: Interest expense": 38114,
        "Cost of sales": 38221,
        "Enterprise cost management": 26634,
        "Total Operating Expenses": 107417,
        "Total revenue financing activities": 72445,
        "Net profit from business activities": 75157,
        "Profit": -4652,
        "Profit before tax": 99880,
        "Present corporate income tax expenses": 16167,
        "Deferred income taxes expenses": "N/A",
        "The interests of minority shareholders": 12158,
        "Total Cost of profits": 28325,
        "Profit after tax corporate income": 71554,
        "Volume": 112801500,
        "Close of Quarter": 14.7,
        "EPS": 298.4,
        "Non-adjusted EPS": 727,
        "PE": 20.2,
        "Book Price": 5.9
      }
    },
    {
      "quarter": "Q3 2013",
      "income status": {
        "Net sales": 391401,
        "Cost of goods sold": 136775,
        "Gross Profit": 254625,
        "Financial expenses": 101662,
        "Of which: Interest expense": 54174,
        "Cost of sales": 155752,
        "Enterprise cost management": 11465,
        "Total Operating Expenses": 268879,
        "Total revenue financing activities": 93261,
        "Net profit from business activities": 79008,
        "Profit": 2363,
        "Profit before tax": 72546,
        "Present corporate income tax expenses": 10312,
        "Deferred income taxes expenses": "N/A",
        "The interests of minority shareholders": 10002,
        "Total Cost of profits": 20314,
        "Profit after tax corporate income": 52232,
        "Volume": 112801500,
        "Close of Quarter": 12.7,
        "EPS": 246.3,
        "Non-adjusted EPS": 600,
        "PE": 21.1,
        "Book Price": 5.8
      }
    },
    {
      "quarter": "Q2 2013",
      "income status": {
        "Net sales": 95691,
        "Cost of goods sold": 36013,
        "Gross Profit": 59678,
        "Financial expenses": 65908,
        "Of which: Interest expense": 33571,
        "Cost of sales": 29124,
        "Enterprise cost management": 8258,
        "Total Operating Expenses": 103290,
        "Total revenue financing activities": 7533,
        "Net profit from business activities": -36079,
        "Profit": 210,
        "Profit before tax": -82183,
        "Present corporate income tax expenses": -9771,
        "Deferred income taxes expenses": "N/A",
        "The interests of minority shareholders": 1634,
        "Total Cost of profits": -8137,
        "Profit after tax corporate income": -74047,
        "Volume": 112801500,
        "Close of Quarter": 13.7,
        "EPS": 739.2,
        "Non-adjusted EPS": 1801,
        "PE": 7.6,
        "Book Price": 5.6
      }
    },
    {
      "quarter": "Q1 2013",
      "income status": {
        "Net sales": 76008,
        "Cost of goods sold": 29698,
        "Gross Profit": 46310,
        "Financial expenses": 40764,
        "Of which: Interest expense": 37598,
        "Cost of sales": 27324,
        "Enterprise cost management": 26929,
        "Total Operating Expenses": 95017,
        "Total revenue financing activities": 127989,
        "Net profit from business activities": 79282,
        "Profit": 410,
        "Profit before tax": 71008,
        "Present corporate income tax expenses": 29855,
        "Deferred income taxes expenses": "N/A",
        "The interests of minority shareholders": 8894,
        "Total Cost of profits": 38749,
        "Profit after tax corporate income": 32259,
        "Volume": 112801500,
        "Close of Quarter": 17.8,
        "EPS": 1413.6,
        "Non-adjusted EPS": 3444,
        "PE": 5.2,
        "Book Price": 6.1
      }
    },
    {
      "quarter": "Q4 2012",
      "income status": {
        "Net sales": 83837,
        "Cost of goods sold": 40521,
        "Gross Profit": 43317,
        "Financial expenses": 107556,
        "Of which: Interest expense": 66193,
        "Cost of sales": 26446,
        "Enterprise cost management": 50111,
        "Total Operating Expenses": 184113,
        "Total revenue financing activities": 283892,
        "Net profit from business activities": 143095,
        "Profit": -1926,
        "Profit before tax": 149244,
        "Present corporate income tax expenses": 91603,
        "Deferred income taxes expenses": "N/A",
        "The interests of minority shareholders": 436,
        "Total Cost of profits": 92039,
        "Profit after tax corporate income": 57206,
        "Volume": 112801500,
        "Close of Quarter": 17.3,
        "EPS": 1515.0,
        "Non-adjusted EPS": 3691,
        "PE": 4.7,
        "Book Price": 5.3
      }
    },
    {
      "quarter": "Q3 2012",
      "income status": {
        "Net sales": 89833,
        "Cost of goods sold": 41548,
        "Gross Profit": 48285,
        "Financial expenses": 74237,
        "Of which: Interest expense": 22874,
        "Cost of sales": 25959,
        "Enterprise cost management": 15092,
        "Total Operating Expenses": 115288,
        "Total revenue financing activities": 305101,
        "Net profit from business activities": 238099,
        "Profit": 807,
        "Profit before tax": 241563,
        "Present corporate income tax expenses": 36574,
        "Deferred income taxes expenses": "N/A",
        "The interests of minority shareholders": 17263,
        "Total Cost of profits": 53837,
        "Profit after tax corporate income": 187726,
        "Volume": 75081000,
        "Close of Quarter": 17.2,
        "EPS": 1426.9,
        "Non-adjusted EPS": 5223,
        "PE": 3.3,
        "Book Price": 5.1
      }
    },
    {
      "quarter": "Q2 2012",
      "income status": {
        "Net sales": 47174,
        "Cost of goods sold": 6725,
        "Gross Profit": 40449,
        "Financial expenses": 60618,
        "Of which: Interest expense": 36640,
        "Cost of sales": 24937,
        "Enterprise cost management": 5475,
        "Total Operating Expenses": 91030,
        "Total revenue financing activities": 184103,
        "Net profit from business activities": 133521,
        "Profit": -85,
        "Profit before tax": 148760,
        "Present corporate income tax expenses": 193,
        "Deferred income taxes expenses": "N/A",
        "The interests of minority shareholders": 37224,
        "Total Cost of profits": 37417,
        "Profit after tax corporate income": 111343,
        "Volume": 75081000,
        "Close of Quarter": 13.5,
        "EPS": 1115.7,
        "Non-adjusted EPS": 4084,
        "PE": 3.3,
        "Book Price": 4.5
      }
    },
    {
      "quarter": "Q1 2012",
      "income status": {
        "Net sales": 51462,
        "Cost of goods sold": 9387,
        "Gross Profit": 42075,
        "Financial expenses": -2414,
        "Of which: Interest expense": 29076,
        "Cost of sales": 25846,
        "Enterprise cost management": 4037,
        "Total Operating Expenses": 27469,
        "Total revenue financing activities": 65651,
        "Net profit from business activities": 80257,
        "Profit": "N/A",
        "Profit before tax": 88519,
        "Present corporate income tax expenses": 13462,
        "Deferred income taxes expenses": "N/A",
        "The interests of minority shareholders": 14939,
        "Total Cost of profits": 28401,
        "Profit after tax corporate income": 60118,
        "Volume": 75081000,
        "Close of Quarter": 14.1,
        "EPS": 483.3,
        "Non-adjusted EPS": 1769,
        "PE": 8.0,
        "Book Price": 4.6
      }
    },
    {
      "quarter": "Q4 2011",
      "income status": {
        "Net sales": 51382,
        "Cost of goods sold": 7445,
        "Gross Profit": 43937,
        "Financial expenses": 236618,
        "Of which: Interest expense": 46976,
        "Cost of sales": 26795,
        "Enterprise cost management": 13086,
        "Total Operating Expenses": 276499,
        "Total revenue financing activities": 271008,
        "Net profit from business activities": 38446,
        "Profit": -606,
        "Profit before tax": 30093,
        "Present corporate income tax expenses": 3229,
        "Deferred income taxes expenses": "N/A",
        "The interests of minority shareholders": -6079,
        "Total Cost of profits": -2850,
        "Profit after tax corporate income": 32942,
        "Volume": 75081000,
        "Close of Quarter": 9.9,
        "EPS": 548.0,
        "Non-adjusted EPS": 2006,
        "PE": 5.0,
        "Book Price": 4.5
      }
    },
    {
      "quarter": "Q3 2011",
      "income status": {
        "Net sales": 53611,
        "Cost of goods sold": 7831,
        "Gross Profit": 45780,
        "Financial expenses": 17362,
        "Of which: Interest expense": 42569,
        "Cost of sales": 24059,
        "Enterprise cost management": 2803,
        "Total Operating Expenses": 44224,
        "Total revenue financing activities": 110473,
        "Net profit from business activities": 112029,
        "Profit": 1967,
        "Profit before tax": 121396,
        "Present corporate income tax expenses": 1646,
        "Deferred income taxes expenses": "N/A",
        "The interests of minority shareholders": 17559,
        "Total Cost of profits": 19205,
        "Profit after tax corporate income": 102191,
        "Volume": 75081000,
        "Close of Quarter": 11.3,
        "EPS": 568.2,
        "Non-adjusted EPS": 2080,
        "PE": 5.4,
        "Book Price": 4.4
      }
    },
    {
      "quarter": "Q2 2011",
      "income status": {
        "Net sales": 43781,
        "Cost of goods sold": 7177,
        "Gross Profit": 36604,
        "Financial expenses": 192801,
        "Of which: Interest expense": 36719,
        "Cost of sales": 23932,
        "Enterprise cost management": 4769,
        "Total Operating Expenses": 221502,
        "Total revenue financing activities": 92470,
        "Net profit from business activities": -92428,
        "Profit": 36,
        "Profit before tax": -98231,
        "Present corporate income tax expenses": "N/A",
        "Deferred income taxes expenses": "N/A",
        "The interests of minority shareholders": -35795,
        "Total Cost of profits": -35795,
        "Profit after tax corporate income": -62436,
        "Volume": 75081000,
        "Close of Quarter": 11.2,
        "EPS": 355.4,
        "Non-adjusted EPS": 1301,
        "PE": 8.6,
        "Book Price": 4.2
      }
    },
    {
      "quarter": "Q1 2011",
      "income status": {
        "Net sales": 50067,
        "Cost of goods sold": 8506,
        "Gross Profit": 41562,
        "Financial expenses": 49024,
        "Of which: Interest expense": 36542,
        "Cost of sales": 26277,
        "Enterprise cost management": 3518,
        "Total Operating Expenses": 78819,
        "Total revenue financing activities": 119152,
        "Net profit from business activities": 81895,
        "Profit": 57,
        "Profit before tax": 90894,
        "Present corporate income tax expenses": 13001,
        "Deferred income taxes expenses": "N/A",
        "The interests of minority shareholders": 4,
        "Total Cost of profits": 13005,
        "Profit after tax corporate income": 77889,
        "Volume": 75081000,
        "Close of Quarter": 16.6,
        "EPS": 1380.7,
        "Non-adjusted EPS": 5054,
        "PE": 3.3,
        "Book Price": 5.1
      }
    }
  ]
}