{
  "ticker": "LUT",
  "data": [
    {
      "quarter": "Q4 2016",
      "income status": {
        "Net sales": 33658,
        "Cost of goods sold": 27169,
        "Gross Profit": 6488,
        "Financial expenses": 4022,
        "Of which: Interest expense": 4022,
        "Cost of sales": "N/A",
        "Enterprise cost management": 1937,
        "Total Operating Expenses": 5959,
        "Total revenue financing activities": 58,
        "Net profit from business activities": 588,
        "Profit": -203,
        "Profit before tax": 384,
        "Present corporate income tax expenses": 77,
        "Deferred income taxes expenses": "N/A",
        "The interests of minority shareholders": "N/A",
        "Total Cost of profits": 77,
        "Profit after tax corporate income": 307,
        "Volume": 14960000,
        "Close of Quarter": 3.1,
        "EPS": 146,
        "Non-adjusted EPS": 146,
        "PE": 21.2,
        "Book Price": 12.3
      }
    },
    {
      "quarter": "Q3 2016",
      "income status": {
        "Net sales": 90735,
        "Cost of goods sold": 83694,
        "Gross Profit": 7041,
        "Financial expenses": 3035,
        "Of which: Interest expense": 3024,
        "Cost of sales": "N/A",
        "Enterprise cost management": 2344,
        "Total Operating Expenses": 5379,
        "Total revenue financing activities": 78,
        "Net profit from business activities": 1741,
        "Profit": "N/A",
        "Profit before tax": 1741,
        "Present corporate income tax expenses": 348,
        "Deferred income taxes expenses": "N/A",
        "The interests of minority shareholders": "N/A",
        "Total Cost of profits": 348,
        "Profit after tax corporate income": 1392,
        "Volume": 14960000,
        "Close of Quarter": 2.8,
        "EPS": 142,
        "Non-adjusted EPS": 142,
        "PE": 19.7,
        "Book Price": 12.3
      }
    },
    {
      "quarter": "Q2 2016",
      "income status": {
        "Net sales": 110189,
        "Cost of goods sold": 95220,
        "Gross Profit": 14970,
        "Financial expenses": 5122,
        "Of which: Interest expense": 5073,
        "Cost of sales": "N/A",
        "Enterprise cost management": 1813,
        "Total Operating Expenses": 6935,
        "Total revenue financing activities": 130,
        "Net profit from business activities": 8164,
        "Profit": -5992,
        "Profit before tax": 2172,
        "Present corporate income tax expenses": 2396,
        "Deferred income taxes expenses": "N/A",
        "The interests of minority shareholders": "N/A",
        "Total Cost of profits": 2396,
        "Profit after tax corporate income": -224,
        "Volume": 14960000,
        "Close of Quarter": 3.4,
        "EPS": 71,
        "Non-adjusted EPS": 71,
        "PE": 47.9,
        "Book Price": 12.2
      }
    },
    {
      "quarter": "Q1 2016",
      "income status": {
        "Net sales": 55190,
        "Cost of goods sold": 50774,
        "Gross Profit": 4415,
        "Financial expenses": 4136,
        "Of which: Interest expense": 4136,
        "Cost of sales": "N/A",
        "Enterprise cost management": 1514,
        "Total Operating Expenses": 5650,
        "Total revenue financing activities": 9,
        "Net profit from business activities": -1226,
        "Profit": 2138,
        "Profit before tax": 912,
        "Present corporate income tax expenses": 201,
        "Deferred income taxes expenses": "N/A",
        "The interests of minority shareholders": "N/A",
        "Total Cost of profits": 201,
        "Profit after tax corporate income": 712,
        "Volume": 14960000,
        "Close of Quarter": 3,
        "EPS": 98,
        "Non-adjusted EPS": 98,
        "PE": 30.6,
        "Book Price": 12.2
      }
    },
    {
      "quarter": "Q4 2015",
      "income status": {
        "Net sales": 41262,
        "Cost of goods sold": 33772,
        "Gross Profit": 7490,
        "Financial expenses": 5126,
        "Of which: Interest expense": 5126,
        "Cost of sales": "N/A",
        "Enterprise cost management": 1662,
        "Total Operating Expenses": 6788,
        "Total revenue financing activities": 4,
        "Net profit from business activities": 707,
        "Profit": -374,
        "Profit before tax": 333,
        "Present corporate income tax expenses": 84,
        "Deferred income taxes expenses": "N/A",
        "The interests of minority shareholders": "N/A",
        "Total Cost of profits": 84,
        "Profit after tax corporate income": 248,
        "Volume": 14960000,
        "Close of Quarter": 2.9,
        "EPS": 53,
        "Non-adjusted EPS": 53,
        "PE": 54.7,
        "Book Price": 12.1
      }
    },
    {
      "quarter": "Q3 2015",
      "income status": {
        "Net sales": 50632,
        "Cost of goods sold": 42726,
        "Gross Profit": 7907,
        "Financial expenses": 5314,
        "Of which: Interest expense": 5314,
        "Cost of sales": "N/A",
        "Enterprise cost management": 1785,
        "Total Operating Expenses": 7099,
        "Total revenue financing activities": 9,
        "Net profit from business activities": 817,
        "Profit": -402,
        "Profit before tax": 415,
        "Present corporate income tax expenses": 91,
        "Deferred income taxes expenses": "N/A",
        "The interests of minority shareholders": "N/A",
        "Total Cost of profits": 91,
        "Profit after tax corporate income": 324,
        "Volume": 14960000,
        "Close of Quarter": 3,
        "EPS": 134,
        "Non-adjusted EPS": 134,
        "PE": 22.4,
        "Book Price": 12
      }
    },
    {
      "quarter": "Q2 2015",
      "income status": {
        "Net sales": 74622,
        "Cost of goods sold": 66074,
        "Gross Profit": 8548,
        "Financial expenses": 6432,
        "Of which: Interest expense": 6432,
        "Cost of sales": "N/A",
        "Enterprise cost management": 2057,
        "Total Operating Expenses": 8489,
        "Total revenue financing activities": 16,
        "Net profit from business activities": 74,
        "Profit": 377,
        "Profit before tax": 451,
        "Present corporate income tax expenses": 99,
        "Deferred income taxes expenses": 166,
        "The interests of minority shareholders": "N/A",
        "Total Cost of profits": 265,
        "Profit after tax corporate income": 186,
        "Volume": 14960000,
        "Close of Quarter": 4.2,
        "EPS": 156,
        "Non-adjusted EPS": 156,
        "PE": 26.9,
        "Book Price": 12
      }
    },
    {
      "quarter": "Q1 2015",
      "income status": {
        "Net sales": 10216,
        "Cost of goods sold": 6867,
        "Gross Profit": 3349,
        "Financial expenses": 2178,
        "Of which: Interest expense": 2178,
        "Cost of sales": "N/A",
        "Enterprise cost management": 1227,
        "Total Operating Expenses": 3405,
        "Total revenue financing activities": 5,
        "Net profit from business activities": -51,
        "Profit": 91,
        "Profit before tax": 40,
        "Present corporate income tax expenses": 9,
        "Deferred income taxes expenses": "N/A",
        "The interests of minority shareholders": "N/A",
        "Total Cost of profits": 9,
        "Profit after tax corporate income": 31,
        "Volume": 14960000,
        "Close of Quarter": 4.5,
        "EPS": 157,
        "Non-adjusted EPS": 157,
        "PE": 28.7,
        "Book Price": 12
      }
    },
    {
      "quarter": "Q4 2014",
      "income status": {
        "Net sales": 106787,
        "Cost of goods sold": 100226,
        "Gross Profit": 6560,
        "Financial expenses": 3134,
        "Of which: Interest expense": 3134,
        "Cost of sales": "N/A",
        "Enterprise cost management": 1108,
        "Total Operating Expenses": 4242,
        "Total revenue financing activities": 8,
        "Net profit from business activities": 2326,
        "Profit": -457,
        "Profit before tax": 1869,
        "Present corporate income tax expenses": 411,
        "Deferred income taxes expenses": "N/A",
        "The interests of minority shareholders": "N/A",
        "Total Cost of profits": 411,
        "Profit after tax corporate income": 1458,
        "Volume": 14960000,
        "Close of Quarter": 5.2,
        "EPS": 158,
        "Non-adjusted EPS": 158,
        "PE": 32.9,
        "Book Price": 12.1
      }
    },
    {
      "quarter": "Q3 2014",
      "income status": {
        "Net sales": 171618,
        "Cost of goods sold": 164680,
        "Gross Profit": 6938,
        "Financial expenses": 4712,
        "Of which: Interest expense": 4712,
        "Cost of sales": "N/A",
        "Enterprise cost management": 1450,
        "Total Operating Expenses": 6162,
        "Total revenue financing activities": 65,
        "Net profit from business activities": 840,
        "Profit": "N/A",
        "Profit before tax": 840,
        "Present corporate income tax expenses": 185,
        "Deferred income taxes expenses": "N/A",
        "The interests of minority shareholders": "N/A",
        "Total Cost of profits": 185,
        "Profit after tax corporate income": 655,
        "Volume": 14960000,
        "Close of Quarter": 5.1,
        "EPS": 205,
        "Non-adjusted EPS": 205,
        "PE": 24.9,
        "Book Price": 12
      }
    },
    {
      "quarter": "Q2 2014",
      "income status": {
        "Net sales": 47794,
        "Cost of goods sold": 39137,
        "Gross Profit": 8657,
        "Financial expenses": 5588,
        "Of which: Interest expense": 5588,
        "Cost of sales": "N/A",
        "Enterprise cost management": 2822,
        "Total Operating Expenses": 8410,
        "Total revenue financing activities": 152,
        "Net profit from business activities": 399,
        "Profit": -199,
        "Profit before tax": 200,
        "Present corporate income tax expenses": 44,
        "Deferred income taxes expenses": -54,
        "The interests of minority shareholders": "N/A",
        "Total Cost of profits": -10,
        "Profit after tax corporate income": 209,
        "Volume": 14960000,
        "Close of Quarter": 4.7,
        "EPS": 191,
        "Non-adjusted EPS": 191,
        "PE": 24.6,
        "Book Price": 12
      }
    },
    {
      "quarter": "Q1 2014",
      "income status": {
        "Net sales": 8600,
        "Cost of goods sold": 5748,
        "Gross Profit": 2852,
        "Financial expenses": 2284,
        "Of which: Interest expense": 2284,
        "Cost of sales": "N/A",
        "Enterprise cost management": 915,
        "Total Operating Expenses": 3199,
        "Total revenue financing activities": 14,
        "Net profit from business activities": -332,
        "Profit": 379,
        "Profit before tax": 46,
        "Present corporate income tax expenses": 10,
        "Deferred income taxes expenses": "N/A",
        "The interests of minority shareholders": "N/A",
        "Total Cost of profits": 10,
        "Profit after tax corporate income": 36,
        "Volume": 14960000,
        "Close of Quarter": 6.4,
        "EPS": 206,
        "Non-adjusted EPS": 206,
        "PE": 31.1,
        "Book Price": 12.1
      }
    },
    {
      "quarter": "Q4 2013",
      "income status": {
        "Net sales": 59973,
        "Cost of goods sold": 53186,
        "Gross Profit": 6787,
        "Financial expenses": 2747,
        "Of which: Interest expense": 2747,
        "Cost of sales": "N/A",
        "Enterprise cost management": 1134,
        "Total Operating Expenses": 3881,
        "Total revenue financing activities": 15,
        "Net profit from business activities": 2922,
        "Profit": "N/A",
        "Profit before tax": 2922,
        "Present corporate income tax expenses": 757,
        "Deferred income taxes expenses": "N/A",
        "The interests of minority shareholders": "N/A",
        "Total Cost of profits": 757,
        "Profit after tax corporate income": 2165,
        "Volume": 14960000,
        "Close of Quarter": 4.8,
        "EPS": 211,
        "Non-adjusted EPS": 211,
        "PE": 22.8,
        "Book Price": 12.2
      }
    },
    {
      "quarter": "Q3 2013",
      "income status": {
        "Net sales": 35178,
        "Cost of goods sold": 30293,
        "Gross Profit": 4885,
        "Financial expenses": 2818,
        "Of which: Interest expense": 2818,
        "Cost of sales": "N/A",
        "Enterprise cost management": 1523,
        "Total Operating Expenses": 4341,
        "Total revenue financing activities": 45,
        "Net profit from business activities": 589,
        "Profit": "N/A",
        "Profit before tax": 589,
        "Present corporate income tax expenses": 147,
        "Deferred income taxes expenses": "N/A",
        "The interests of minority shareholders": "N/A",
        "Total Cost of profits": 147,
        "Profit after tax corporate income": 442,
        "Volume": 14960000,
        "Close of Quarter": 3.1,
        "EPS": 92,
        "Non-adjusted EPS": 92,
        "PE": 33.7,
        "Book Price": 12.1
      }
    },
    {
      "quarter": "Q2 2013",
      "income status": {
        "Net sales": 34120,
        "Cost of goods sold": 28455,
        "Gross Profit": 5666,
        "Financial expenses": 2906,
        "Of which: Interest expense": 2906,
        "Cost of sales": "N/A",
        "Enterprise cost management": 2225,
        "Total Operating Expenses": 5131,
        "Total revenue financing activities": 1232,
        "Net profit from business activities": 1768,
        "Profit": -1186,
        "Profit before tax": 582,
        "Present corporate income tax expenses": 145,
        "Deferred income taxes expenses": "N/A",
        "The interests of minority shareholders": "N/A",
        "Total Cost of profits": 145,
        "Profit after tax corporate income": 436,
        "Volume": 14960000,
        "Close of Quarter": 3.7,
        "EPS": 149,
        "Non-adjusted EPS": 149,
        "PE": 24.8,
        "Book Price": 12.1
      }
    },
    {
      "quarter": "Q1 2013",
      "income status": {
        "Net sales": 17467,
        "Cost of goods sold": 14053,
        "Gross Profit": 3414,
        "Financial expenses": 3553,
        "Of which: Interest expense": 3553,
        "Cost of sales": "N/A",
        "Enterprise cost management": 1081,
        "Total Operating Expenses": 4634,
        "Total revenue financing activities": 69,
        "Net profit from business activities": -1152,
        "Profit": 1312,
        "Profit before tax": 161,
        "Present corporate income tax expenses": 40,
        "Deferred income taxes expenses": "N/A",
        "The interests of minority shareholders": "N/A",
        "Total Cost of profits": 40,
        "Profit after tax corporate income": 121,
        "Volume": 14960000,
        "Close of Quarter": 4.8,
        "EPS": 224,
        "Non-adjusted EPS": 224,
        "PE": 21.4,
        "Book Price": 12.1
      }
    },
    {
      "quarter": "Q4 2012",
      "income status": {
        "Net sales": 44305,
        "Cost of goods sold": 40598,
        "Gross Profit": 3708,
        "Financial expenses": 2283,
        "Of which: Interest expense": 2283,
        "Cost of sales": "N/A",
        "Enterprise cost management": 1117,
        "Total Operating Expenses": 3400,
        "Total revenue financing activities": 152,
        "Net profit from business activities": 459,
        "Profit": "N/A",
        "Profit before tax": 459,
        "Present corporate income tax expenses": 80,
        "Deferred income taxes expenses": "N/A",
        "The interests of minority shareholders": "N/A",
        "Total Cost of profits": 80,
        "Profit after tax corporate income": 379,
        "Volume": 14960000,
        "Close of Quarter": 6.6,
        "EPS": 226,
        "Non-adjusted EPS": 226,
        "PE": 29.2,
        "Book Price": 12.2
      }
    },
    {
      "quarter": "Q3 2012",
      "income status": {
        "Net sales": 28555,
        "Cost of goods sold": 22768,
        "Gross Profit": 5787,
        "Financial expenses": 3200,
        "Of which: Interest expense": 3200,
        "Cost of sales": "N/A",
        "Enterprise cost management": 981,
        "Total Operating Expenses": 4181,
        "Total revenue financing activities": 75,
        "Net profit from business activities": 1681,
        "Profit": -115,
        "Profit before tax": 1566,
        "Present corporate income tax expenses": 276,
        "Deferred income taxes expenses": "N/A",
        "The interests of minority shareholders": "N/A",
        "Total Cost of profits": 276,
        "Profit after tax corporate income": 1290,
        "Volume": 14960000,
        "Close of Quarter": 5.2,
        "EPS": 420,
        "Non-adjusted EPS": 420,
        "PE": 12.4,
        "Book Price": 12.1
      }
    },
    {
      "quarter": "Q2 2012",
      "income status": {
        "Net sales": 79349,
        "Cost of goods sold": 73756,
        "Gross Profit": 5593,
        "Financial expenses": 2761,
        "Of which: Interest expense": 2761,
        "Cost of sales": 13,
        "Enterprise cost management": 1095,
        "Total Operating Expenses": 3869,
        "Total revenue financing activities": 62,
        "Net profit from business activities": 1785,
        "Profit": 204,
        "Profit before tax": 1989,
        "Present corporate income tax expenses": 422,
        "Deferred income taxes expenses": "N/A",
        "The interests of minority shareholders": "N/A",
        "Total Cost of profits": 422,
        "Profit after tax corporate income": 1567,
        "Volume": 14960000,
        "Close of Quarter": 9.8,
        "EPS": 401,
        "Non-adjusted EPS": 401,
        "PE": 24.4,
        "Book Price": 12.1
      }
    },
    {
      "quarter": "Q1 2012",
      "income status": {
        "Net sales": 19197,
        "Cost of goods sold": 16554,
        "Gross Profit": 2643,
        "Financial expenses": 1196,
        "Of which: Interest expense": 1196,
        "Cost of sales": "N/A",
        "Enterprise cost management": 1402,
        "Total Operating Expenses": 2598,
        "Total revenue financing activities": 16,
        "Net profit from business activities": 61,
        "Profit": 139,
        "Profit before tax": 200,
        "Present corporate income tax expenses": 50,
        "Deferred income taxes expenses": "N/A",
        "The interests of minority shareholders": "N/A",
        "Total Cost of profits": 50,
        "Profit after tax corporate income": 150,
        "Volume": 14960000,
        "Close of Quarter": 8,
        "EPS": 369,
        "Non-adjusted EPS": 369,
        "PE": 21.7,
        "Book Price": 12
      }
    },
    {
      "quarter": "Q4 2011",
      "income status": {
        "Net sales": 85735,
        "Cost of goods sold": 78504,
        "Gross Profit": 7232,
        "Financial expenses": 1250,
        "Of which: Interest expense": 1250,
        "Cost of sales": "N/A",
        "Enterprise cost management": 1627,
        "Total Operating Expenses": 2877,
        "Total revenue financing activities": 18,
        "Net profit from business activities": 4372,
        "Profit": "N/A",
        "Profit before tax": 4372,
        "Present corporate income tax expenses": 1093,
        "Deferred income taxes expenses": "N/A",
        "The interests of minority shareholders": "N/A",
        "Total Cost of profits": 1093,
        "Profit after tax corporate income": 3279,
        "Volume": 14960000,
        "Close of Quarter": 12.2,
        "EPS": 394,
        "Non-adjusted EPS": 394,
        "PE": 31.0,
        "Book Price": 11.9
      }
    },
    {
      "quarter": "Q3 2011",
      "income status": {
        "Net sales": 24415,
        "Cost of goods sold": 20677,
        "Gross Profit": 3738,
        "Financial expenses": 1141,
        "Of which: Interest expense": 1141,
        "Cost of sales": "N/A",
        "Enterprise cost management": 1430,
        "Total Operating Expenses": 2571,
        "Total revenue financing activities": 14,
        "Net profit from business activities": 1182,
        "Profit": 149,
        "Profit before tax": 1331,
        "Present corporate income tax expenses": 333,
        "Deferred income taxes expenses": "N/A",
        "The interests of minority shareholders": "N/A",
        "Total Cost of profits": 333,
        "Profit after tax corporate income": 998,
        "Volume": 5510000,
        "Close of Quarter": 10.7,
        "EPS": 720.4,
        "Non-adjusted EPS": 1956,
        "PE": 5.5,
        "Book Price": 11.8
      }
    },
    {
      "quarter": "Q2 2011",
      "income status": {
        "Net sales": 28448,
        "Cost of goods sold": 21273,
        "Gross Profit": 7175,
        "Financial expenses": 2981,
        "Of which: Interest expense": 2981,
        "Cost of sales": "N/A",
        "Enterprise cost management": 1945,
        "Total Operating Expenses": 4926,
        "Total revenue financing activities": 223,
        "Net profit from business activities": 2471,
        "Profit": -1006,
        "Profit before tax": 1466,
        "Present corporate income tax expenses": 366,
        "Deferred income taxes expenses": "N/A",
        "The interests of minority shareholders": "N/A",
        "Total Cost of profits": 366,
        "Profit after tax corporate income": 1099,
        "Volume": 5510000,
        "Close of Quarter": 15.3,
        "EPS": 714.5,
        "Non-adjusted EPS": 1940,
        "PE": 7.9,
        "Book Price": 11.8
      }
    },
    {
      "quarter": "Q1 2011",
      "income status": {
        "Net sales": 12128,
        "Cost of goods sold": 9670,
        "Gross Profit": 2458,
        "Financial expenses": 896,
        "Of which: Interest expense": 896,
        "Cost of sales": "N/A",
        "Enterprise cost management": 887,
        "Total Operating Expenses": 1783,
        "Total revenue financing activities": 19,
        "Net profit from business activities": 695,
        "Profit": "N/A",
        "Profit before tax": 695,
        "Present corporate income tax expenses": 174,
        "Deferred income taxes expenses": "N/A",
        "The interests of minority shareholders": "N/A",
        "Total Cost of profits": 174,
        "Profit after tax corporate income": 521,
        "Volume": 5510000,
        "Close of Quarter": 22.7,
        "EPS": 742.9,
        "Non-adjusted EPS": 2017,
        "PE": 11.2,
        "Book Price": 4.7
      }
    }
  ]
}