{
  "ticker": "NVT",
  "data": [
    {
      "quarter": "Q4 2016",
      "income status": {
        "Net sales": 38842,
        "Cost of goods sold": 24750,
        "Gross Profit": 14092,
        "Financial expenses": 10767,
        "Of which: Interest expense": 5265,
        "Cost of sales": 3584,
        "Enterprise cost management": 14385,
        "Total Operating Expenses": 28736,
        "Total revenue financing activities": 11254,
        "Net profit from business activities": -3470,
        "Profit": -538,
        "Profit before tax": -4009,
        "Present corporate income tax expenses": 259,
        "Deferred income taxes expenses": -386,
        "The interests of minority shareholders": -2749,
        "Total Cost of profits": -2876,
        "Profit after tax corporate income": -1132,
        "Volume": 90500000,
        "Close of Quarter": 1.7,
        "EPS": 18,
        "Non-adjusted EPS": 18,
        "PE": 93.9,
        "Book Price": 9.6
      }
    },
    {
      "quarter": "Q3 2016",
      "income status": {
        "Net sales": 53624,
        "Cost of goods sold": 25792,
        "Gross Profit": 27832,
        "Financial expenses": 4227,
        "Of which: Interest expense": 6555,
        "Cost of sales": 6098,
        "Enterprise cost management": 15328,
        "Total Operating Expenses": 25653,
        "Total revenue financing activities": 4999,
        "Net profit from business activities": 7178,
        "Profit": 13,
        "Profit before tax": 7190,
        "Present corporate income tax expenses": 988,
        "Deferred income taxes expenses": -386,
        "The interests of minority shareholders": 5490,
        "Total Cost of profits": 6092,
        "Profit after tax corporate income": 1099,
        "Volume": 90500000,
        "Close of Quarter": 2.0,
        "EPS": -477,
        "Non-adjusted EPS": -477,
        "PE": -4.2,
        "Book Price": 9.6
      }
    },
    {
      "quarter": "Q2 2016",
      "income status": {
        "Net sales": 39063,
        "Cost of goods sold": 24167,
        "Gross Profit": 14895,
        "Financial expenses": 12019,
        "Of which: Interest expense": 9854,
        "Cost of sales": 4218,
        "Enterprise cost management": 15878,
        "Total Operating Expenses": 32115,
        "Total revenue financing activities": 4940,
        "Net profit from business activities": -12381,
        "Profit": 15568,
        "Profit before tax": 3187,
        "Present corporate income tax expenses": 440,
        "Deferred income taxes expenses": -386,
        "The interests of minority shareholders": 9227,
        "Total Cost of profits": 9281,
        "Profit after tax corporate income": -6094,
        "Volume": 90500000,
        "Close of Quarter": 2.1,
        "EPS": -623,
        "Non-adjusted EPS": -623,
        "PE": -3.4,
        "Book Price": 9.6
      }
    },
    {
      "quarter": "Q1 2016",
      "income status": {
        "Net sales": 59239,
        "Cost of goods sold": 24664,
        "Gross Profit": 34574,
        "Financial expenses": 7797,
        "Of which: Interest expense": 7565,
        "Cost of sales": 7495,
        "Enterprise cost management": 14884,
        "Total Operating Expenses": 30176,
        "Total revenue financing activities": 4883,
        "Net profit from business activities": 9282,
        "Profit": -40,
        "Profit before tax": 9242,
        "Present corporate income tax expenses": 1421,
        "Deferred income taxes expenses": -386,
        "The interests of minority shareholders": 420,
        "Total Cost of profits": 1455,
        "Profit after tax corporate income": 7787,
        "Volume": 90500000,
        "Close of Quarter": 2.2,
        "EPS": -1408,
        "Non-adjusted EPS": -1408,
        "PE": -1.6,
        "Book Price": 9.5
      }
    },
    {
      "quarter": "Q4 2015",
      "income status": {
        "Net sales": 40370,
        "Cost of goods sold": 22707,
        "Gross Profit": 17663,
        "Financial expenses": 11625,
        "Of which: Interest expense": 9515,
        "Cost of sales": 3908,
        "Enterprise cost management": 52293,
        "Total Operating Expenses": 67826,
        "Total revenue financing activities": 5736,
        "Net profit from business activities": -45469,
        "Profit": 135,
        "Profit before tax": -45334,
        "Present corporate income tax expenses": 737,
        "Deferred income taxes expenses": -290,
        "The interests of minority shareholders": 140,
        "Total Cost of profits": 587,
        "Profit after tax corporate income": -45922,
        "Volume": 90500000,
        "Close of Quarter": 2.7,
        "EPS": -1418,
        "Non-adjusted EPS": -1418,
        "PE": -1.9,
        "Book Price": 9.5
      }
    },
    {
      "quarter": "Q3 2015",
      "income status": {
        "Net sales": 40018,
        "Cost of goods sold": 28296,
        "Gross Profit": 11722,
        "Financial expenses": 9751,
        "Of which: Interest expense": 9517,
        "Cost of sales": 4118,
        "Enterprise cost management": 15360,
        "Total Operating Expenses": 29229,
        "Total revenue financing activities": 4994,
        "Net profit from business activities": -12513,
        "Profit": 382,
        "Profit before tax": -12131,
        "Present corporate income tax expenses": 840,
        "Deferred income taxes expenses": "N/A",
        "The interests of minority shareholders": -795,
        "Total Cost of profits": 45,
        "Profit after tax corporate income": -12177,
        "Volume": 90500000,
        "Close of Quarter": 2.6,
        "EPS": -969,
        "Non-adjusted EPS": -969,
        "PE": -2.7,
        "Book Price": 10
      }
    },
    {
      "quarter": "Q2 2015",
      "income status": {
        "Net sales": -51249,
        "Cost of goods sold": -7252,
        "Gross Profit": -43997,
        "Financial expenses": 14950,
        "Of which: Interest expense": 15787,
        "Cost of sales": 4916,
        "Enterprise cost management": 16614,
        "Total Operating Expenses": 36480,
        "Total revenue financing activities": -2303,
        "Net profit from business activities": -85043,
        "Profit": 86,
        "Profit before tax": -84957,
        "Present corporate income tax expenses": -404,
        "Deferred income taxes expenses": 254,
        "The interests of minority shareholders": -7677,
        "Total Cost of profits": -7827,
        "Profit after tax corporate income": -77130,
        "Volume": 90500000,
        "Close of Quarter": 3.9,
        "EPS": -816,
        "Non-adjusted EPS": -816,
        "PE": -4.8,
        "Book Price": 10.1
      }
    },
    {
      "quarter": "Q1 2015",
      "income status": {
        "Net sales": 66938,
        "Cost of goods sold": 26336,
        "Gross Profit": 40602,
        "Financial expenses": 7496,
        "Of which: Interest expense": 2911,
        "Cost of sales": 8424,
        "Enterprise cost management": 18062,
        "Total Operating Expenses": 33982,
        "Total revenue financing activities": 12380,
        "Net profit from business activities": 19001,
        "Profit": -12,
        "Profit before tax": 18989,
        "Present corporate income tax expenses": 2544,
        "Deferred income taxes expenses": -145,
        "The interests of minority shareholders": 9660,
        "Total Cost of profits": 12059,
        "Profit after tax corporate income": 6930,
        "Volume": 90500000,
        "Close of Quarter": 4.1,
        "EPS": 29,
        "Non-adjusted EPS": 29,
        "PE": 141.4,
        "Book Price": 11.1
      }
    },
    {
      "quarter": "Q4 2014",
      "income status": {
        "Net sales": 37536,
        "Cost of goods sold": 21509,
        "Gross Profit": 16026,
        "Financial expenses": 4530,
        "Of which: Interest expense": 4344,
        "Cost of sales": 4922,
        "Enterprise cost management": 23257,
        "Total Operating Expenses": 32709,
        "Total revenue financing activities": 10180,
        "Net profit from business activities": -7896,
        "Profit": 3143,
        "Profit before tax": -4753,
        "Present corporate income tax expenses": 625,
        "Deferred income taxes expenses": -145,
        "The interests of minority shareholders": 85,
        "Total Cost of profits": 565,
        "Profit after tax corporate income": -5318,
        "Volume": 90500000,
        "Close of Quarter": 5.2,
        "EPS": 43,
        "Non-adjusted EPS": 43,
        "PE": 120.9,
        "Book Price": 11
      }
    },
    {
      "quarter": "Q3 2014",
      "income status": {
        "Net sales": 52116,
        "Cost of goods sold": 30595,
        "Gross Profit": 21520,
        "Financial expenses": 510,
        "Of which: Interest expense": 428,
        "Cost of sales": 6037,
        "Enterprise cost management": 15547,
        "Total Operating Expenses": 22094,
        "Total revenue financing activities": 6048,
        "Net profit from business activities": 5474,
        "Profit": 124,
        "Profit before tax": 5598,
        "Present corporate income tax expenses": 697,
        "Deferred income taxes expenses": -145,
        "The interests of minority shareholders": 3352,
        "Total Cost of profits": 3904,
        "Profit after tax corporate income": 1693,
        "Volume": 90500000,
        "Close of Quarter": 6.5,
        "EPS": 104,
        "Non-adjusted EPS": 104,
        "PE": 62.5,
        "Book Price": 11.1
      }
    },
    {
      "quarter": "Q2 2014",
      "income status": {
        "Net sales": 47930,
        "Cost of goods sold": 27978,
        "Gross Profit": 19952,
        "Financial expenses": 92,
        "Of which: Interest expense": 76,
        "Cost of sales": 6243,
        "Enterprise cost management": 17491,
        "Total Operating Expenses": 23826,
        "Total revenue financing activities": 10398,
        "Net profit from business activities": 4556,
        "Profit": 65,
        "Profit before tax": 4620,
        "Present corporate income tax expenses": 548,
        "Deferred income taxes expenses": 3761,
        "The interests of minority shareholders": 951,
        "Total Cost of profits": 5260,
        "Profit after tax corporate income": -640,
        "Volume": 90500000,
        "Close of Quarter": 6.7,
        "EPS": 215,
        "Non-adjusted EPS": 215,
        "PE": 31.2,
        "Book Price": 11.1
      }
    },
    {
      "quarter": "Q1 2014",
      "income status": {
        "Net sales": 72965,
        "Cost of goods sold": 29525,
        "Gross Profit": 43440,
        "Financial expenses": 62,
        "Of which: Interest expense": 52,
        "Cost of sales": 9432,
        "Enterprise cost management": 18081,
        "Total Operating Expenses": 27575,
        "Total revenue financing activities": 2670,
        "Net profit from business activities": 18535,
        "Profit": 62,
        "Profit before tax": 18597,
        "Present corporate income tax expenses": 2046,
        "Deferred income taxes expenses": -4051,
        "The interests of minority shareholders": 12471,
        "Total Cost of profits": 10466,
        "Profit after tax corporate income": 8130,
        "Volume": 90500000,
        "Close of Quarter": 8.1,
        "EPS": 308,
        "Non-adjusted EPS": 308,
        "PE": 26.3,
        "Book Price": 11.2
      }
    },
    {
      "quarter": "Q4 2013",
      "income status": {
        "Net sales": 43434,
        "Cost of goods sold": 27091,
        "Gross Profit": 16343,
        "Financial expenses": 25,
        "Of which: Interest expense": 3,
        "Cost of sales": 5097,
        "Enterprise cost management": 16512,
        "Total Operating Expenses": 21634,
        "Total revenue financing activities": 8980,
        "Net profit from business activities": 3688,
        "Profit": 750,
        "Profit before tax": 3818,
        "Present corporate income tax expenses": 1283,
        "Deferred income taxes expenses": -364,
        "The interests of minority shareholders": 2630,
        "Total Cost of profits": 3549,
        "Profit after tax corporate income": 269,
        "Volume": 90500000,
        "Close of Quarter": 6.5,
        "EPS": 235,
        "Non-adjusted EPS": 235,
        "PE": 27.7,
        "Book Price": 9.3
      }
    },
    {
      "quarter": "Q3 2013",
      "income status": {
        "Net sales": 53314,
        "Cost of goods sold": 30285,
        "Gross Profit": 23029,
        "Financial expenses": -17,
        "Of which: Interest expense": "N/A",
        "Cost of sales": 6618,
        "Enterprise cost management": 14707,
        "Total Operating Expenses": 21308,
        "Total revenue financing activities": 11008,
        "Net profit from business activities": 12730,
        "Profit": 5,
        "Profit before tax": 12735,
        "Present corporate income tax expenses": 876,
        "Deferred income taxes expenses": -4089,
        "The interests of minority shareholders": 4218,
        "Total Cost of profits": 1005,
        "Profit after tax corporate income": 11730,
        "Volume": 90500000,
        "Close of Quarter": 3.7,
        "EPS": -392,
        "Non-adjusted EPS": -392,
        "PE": -9.4,
        "Book Price": 9.3
      }
    },
    {
      "quarter": "Q2 2013",
      "income status": {
        "Net sales": 48155,
        "Cost of goods sold": 26197,
        "Gross Profit": 21958,
        "Financial expenses": 621,
        "Of which: Interest expense": 1088,
        "Cost of sales": 5679,
        "Enterprise cost management": 16154,
        "Total Operating Expenses": 22454,
        "Total revenue financing activities": 10586,
        "Net profit from business activities": 10090,
        "Profit": 52,
        "Profit before tax": 10035,
        "Present corporate income tax expenses": 1990,
        "Deferred income taxes expenses": -5220,
        "The interests of minority shareholders": 5550,
        "Total Cost of profits": 2320,
        "Profit after tax corporate income": 7716,
        "Volume": 90500000,
        "Close of Quarter": 4,
        "EPS": -543,
        "Non-adjusted EPS": -543,
        "PE": -7.4,
        "Book Price": 9.2
      }
    },
    {
      "quarter": "Q1 2013",
      "income status": {
        "Net sales": 62391,
        "Cost of goods sold": 29202,
        "Gross Profit": 33188,
        "Financial expenses": 1232,
        "Of which: Interest expense": 50,
        "Cost of sales": 8022,
        "Enterprise cost management": 14885,
        "Total Operating Expenses": 24139,
        "Total revenue financing activities": 1649,
        "Net profit from business activities": 10698,
        "Profit": -2,
        "Profit before tax": 10696,
        "Present corporate income tax expenses": 1506,
        "Deferred income taxes expenses": -386,
        "The interests of minority shareholders": 8055,
        "Total Cost of profits": 9175,
        "Profit after tax corporate income": 1521,
        "Volume": 60500000,
        "Close of Quarter": 4.2,
        "EPS": -625.1,
        "Non-adjusted EPS": -935,
        "PE": -4.5,
        "Book Price": 9.1
      }
    },
    {
      "quarter": "Q4 2012",
      "income status": {
        "Net sales": 41016,
        "Cost of goods sold": 27879,
        "Gross Profit": 13137,
        "Financial expenses": 43330,
        "Of which: Interest expense": 27389,
        "Cost of sales": 2255,
        "Enterprise cost management": 25240,
        "Total Operating Expenses": 70825,
        "Total revenue financing activities": -1558,
        "Net profit from business activities": -59246,
        "Profit": 884,
        "Profit before tax": -58995,
        "Present corporate income tax expenses": 1129,
        "Deferred income taxes expenses": -874,
        "The interests of minority shareholders": -2793,
        "Total Cost of profits": -2538,
        "Profit after tax corporate income": -56456,
        "Volume": 60500000,
        "Close of Quarter": 5.3,
        "EPS": -771.5,
        "Non-adjusted EPS": -1154,
        "PE": -4.6,
        "Book Price": 6.6
      }
    },
    {
      "quarter": "Q3 2012",
      "income status": {
        "Net sales": 46643,
        "Cost of goods sold": 31053,
        "Gross Profit": 15590,
        "Financial expenses": 2377,
        "Of which: Interest expense": 2294,
        "Cost of sales": 7785,
        "Enterprise cost management": 11446,
        "Total Operating Expenses": 21608,
        "Total revenue financing activities": 5342,
        "Net profit from business activities": -676,
        "Profit": -58,
        "Profit before tax": -734,
        "Present corporate income tax expenses": 229,
        "Deferred income taxes expenses": 77,
        "The interests of minority shareholders": 907,
        "Total Cost of profits": 1213,
        "Profit after tax corporate income": -1947,
        "Volume": 60500000,
        "Close of Quarter": 4.6,
        "EPS": -544.2,
        "Non-adjusted EPS": -814,
        "PE": -5.7,
        "Book Price": 7.0
      }
    },
    {
      "quarter": "Q2 2012",
      "income status": {
        "Net sales": 49555,
        "Cost of goods sold": 34255,
        "Gross Profit": 15301,
        "Financial expenses": 16608,
        "Of which: Interest expense": 16044,
        "Cost of sales": 7597,
        "Enterprise cost management": 22174,
        "Total Operating Expenses": 46379,
        "Total revenue financing activities": 29461,
        "Net profit from business activities": -1617,
        "Profit": -2664,
        "Profit before tax": -5135,
        "Present corporate income tax expenses": 4087,
        "Deferred income taxes expenses": -463,
        "The interests of minority shareholders": -9088,
        "Total Cost of profits": -5464,
        "Profit after tax corporate income": 329,
        "Volume": 60500000,
        "Close of Quarter": 3.7,
        "EPS": -618.4,
        "Non-adjusted EPS": -925,
        "PE": -4,
        "Book Price": 7.2
      }
    },
    {
      "quarter": "Q1 2012",
      "income status": {
        "Net sales": 68985,
        "Cost of goods sold": 35924,
        "Gross Profit": 33061,
        "Financial expenses": 11939,
        "Of which: Interest expense": 11902,
        "Cost of sales": 15332,
        "Enterprise cost management": 19316,
        "Total Operating Expenses": 46587,
        "Total revenue financing activities": 1174,
        "Net profit from business activities": -12352,
        "Profit": -74,
        "Profit before tax": -12426,
        "Present corporate income tax expenses": 1415,
        "Deferred income taxes expenses": -463,
        "The interests of minority shareholders": -1639,
        "Total Cost of profits": -687,
        "Profit after tax corporate income": -11739,
        "Volume": 60500000,
        "Close of Quarter": 3.6,
        "EPS": -859.7,
        "Non-adjusted EPS": -1286,
        "PE": -2.8,
        "Book Price": 7.1
      }
    },
    {
      "quarter": "Q4 2011",
      "income status": {
        "Net sales": 41253,
        "Cost of goods sold": 33538,
        "Gross Profit": 7715,
        "Financial expenses": 8727,
        "Of which: Interest expense": 4456,
        "Cost of sales": 12540,
        "Enterprise cost management": 25125,
        "Total Operating Expenses": 46392,
        "Total revenue financing activities": 661,
        "Net profit from business activities": -38016,
        "Profit": -3397,
        "Profit before tax": -76897,
        "Present corporate income tax expenses": 1512,
        "Deferred income taxes expenses": -386,
        "The interests of minority shareholders": -6618,
        "Total Cost of profits": -5492,
        "Profit after tax corporate income": -35920,
        "Volume": 60500000,
        "Close of Quarter": 1.9,
        "EPS": -776.8,
        "Non-adjusted EPS": -1162,
        "PE": -1.6,
        "Book Price": 7.2
      }
    },
    {
      "quarter": "Q3 2011",
      "income status": {
        "Net sales": 45132,
        "Cost of goods sold": 29696,
        "Gross Profit": 15436,
        "Financial expenses": 2017,
        "Of which: Interest expense": 1978,
        "Cost of sales": 8868,
        "Enterprise cost management": 15818,
        "Total Operating Expenses": 26703,
        "Total revenue financing activities": 488,
        "Net profit from business activities": -10779,
        "Profit": 2042,
        "Profit before tax": -35484,
        "Present corporate income tax expenses": -500,
        "Deferred income taxes expenses": -386,
        "The interests of minority shareholders": 811,
        "Total Cost of profits": -75,
        "Profit after tax corporate income": -8662,
        "Volume": 60500000,
        "Close of Quarter": 4.5,
        "EPS": -520.1,
        "Non-adjusted EPS": -778,
        "PE": -5.8,
        "Book Price": 7.6
      }
    },
    {
      "quarter": "Q2 2011",
      "income status": {
        "Net sales": 33533,
        "Cost of goods sold": 25263,
        "Gross Profit": 8270,
        "Financial expenses": 15737,
        "Of which: Interest expense": 2749,
        "Cost of sales": 5662,
        "Enterprise cost management": 17229,
        "Total Operating Expenses": 38628,
        "Total revenue financing activities": 737,
        "Net profit from business activities": -29621,
        "Profit": -530,
        "Profit before tax": -30152,
        "Present corporate income tax expenses": -395,
        "Deferred income taxes expenses": -386,
        "The interests of minority shareholders": -7866,
        "Total Cost of profits": -8647,
        "Profit after tax corporate income": -21505,
        "Volume": 60500000,
        "Close of Quarter": 5.9,
        "EPS": -486.7,
        "Non-adjusted EPS": -728,
        "PE": -8.1,
        "Book Price": 7.6
      }
    },
    {
      "quarter": "Q1 2011",
      "income status": {
        "Net sales": 55446,
        "Cost of goods sold": 25076,
        "Gross Profit": 30370,
        "Financial expenses": 1829,
        "Of which: Interest expense": 921,
        "Cost of sales": 9777,
        "Enterprise cost management": 17036,
        "Total Operating Expenses": 28642,
        "Total revenue financing activities": 1672,
        "Net profit from business activities": 3400,
        "Profit": 4,
        "Profit before tax": 3404,
        "Present corporate income tax expenses": 1347,
        "Deferred income taxes expenses": -386,
        "The interests of minority shareholders": 6662,
        "Total Cost of profits": 7623,
        "Profit after tax corporate income": -4219,
        "Volume": 60500000,
        "Close of Quarter": 7.7,
        "EPS": -57.5,
        "Non-adjusted EPS": -86,
        "PE": -89.5,
        "Book Price": 8.0
      }
    }
  ]
}