{
  "ticker": "HDO",
  "data": [
    {
      "quarter": "Q4 2016",
      "income status": {
        "Net sales": 99230,
        "Cost of goods sold": 134715,
        "Gross Profit": -35486,
        "Financial expenses": 1068,
        "Of which: Interest expense": 1031,
        "Cost of sales": 214,
        "Enterprise cost management": 1683,
        "Total Operating Expenses": 2965,
        "Total revenue financing activities": "N/A",
        "Net profit from business activities": -38450,
        "Profit": -91,
        "Profit before tax": -38541,
        "Present corporate income tax expenses": "N/A",
        "Deferred income taxes expenses": "N/A",
        "The interests of minority shareholders": "N/A",
        "Total Cost of profits": 0,
        "Profit after tax corporate income": -38541,
        "Volume": 14819879,
        "Close of Quarter": 2.2,
        "EPS": -2327,
        "Non-adjusted EPS": -2327,
        "PE": -1.0,
        "Book Price": 5.8
      }
    },
    {
      "quarter": "Q3 2016",
      "income status": {
        "Net sales": 28475,
        "Cost of goods sold": 21358,
        "Gross Profit": 7116,
        "Financial expenses": 2412,
        "Of which: Interest expense": 2304,
        "Cost of sales": 275,
        "Enterprise cost management": 1840,
        "Total Operating Expenses": 4527,
        "Total revenue financing activities": "N/A",
        "Net profit from business activities": 2591,
        "Profit": 498,
        "Profit before tax": 3088,
        "Present corporate income tax expenses": "N/A",
        "Deferred income taxes expenses": "N/A",
        "The interests of minority shareholders": "N/A",
        "Total Cost of profits": 0,
        "Profit after tax corporate income": 3088,
        "Volume": 14819879,
        "Close of Quarter": 2.2,
        "EPS": 1126,
        "Non-adjusted EPS": 1126,
        "PE": 2.0,
        "Book Price": 8
      }
    },
    {
      "quarter": "Q2 2016",
      "income status": {
        "Net sales": 33992,
        "Cost of goods sold": 27371,
        "Gross Profit": 6620,
        "Financial expenses": 2492,
        "Of which: Interest expense": 2617,
        "Cost of sales": 323,
        "Enterprise cost management": 2936,
        "Total Operating Expenses": 5751,
        "Total revenue financing activities": 10,
        "Net profit from business activities": 879,
        "Profit": 1,
        "Profit before tax": 881,
        "Present corporate income tax expenses": "N/A",
        "Deferred income taxes expenses": "N/A",
        "The interests of minority shareholders": "N/A",
        "Total Cost of profits": 0,
        "Profit after tax corporate income": 881,
        "Volume": 14819879,
        "Close of Quarter": 2.4,
        "EPS": 683,
        "Non-adjusted EPS": 683,
        "PE": 3.5,
        "Book Price": 7.8
      }
    },
    {
      "quarter": "Q1 2016",
      "income status": {
        "Net sales": 21712,
        "Cost of goods sold": 16533,
        "Gross Profit": 5178,
        "Financial expenses": 2677,
        "Of which: Interest expense": 2552,
        "Cost of sales": 315,
        "Enterprise cost management": 1884,
        "Total Operating Expenses": 4876,
        "Total revenue financing activities": 1,
        "Net profit from business activities": 303,
        "Profit": -219,
        "Profit before tax": 84,
        "Present corporate income tax expenses": "N/A",
        "Deferred income taxes expenses": "N/A",
        "The interests of minority shareholders": "N/A",
        "Total Cost of profits": 0,
        "Profit after tax corporate income": 84,
        "Volume": 14819879,
        "Close of Quarter": 3.3,
        "EPS": 69,
        "Non-adjusted EPS": 69,
        "PE": 47.8,
        "Book Price": 7.7
      }
    },
    {
      "quarter": "Q4 2015",
      "income status": {
        "Net sales": 52424,
        "Cost of goods sold": 38160,
        "Gross Profit": 14265,
        "Financial expenses": 3529,
        "Of which: Interest expense": 3529,
        "Cost of sales": 1050,
        "Enterprise cost management": 2323,
        "Total Operating Expenses": 6902,
        "Total revenue financing activities": 7021,
        "Net profit from business activities": 14384,
        "Profit": -1746,
        "Profit before tax": 12639,
        "Present corporate income tax expenses": "N/A",
        "Deferred income taxes expenses": "N/A",
        "The interests of minority shareholders": "N/A",
        "Total Cost of profits": 0,
        "Profit after tax corporate income": 12639,
        "Volume": 14819879,
        "Close of Quarter": 2,
        "EPS": 97,
        "Non-adjusted EPS": 97,
        "PE": 20.6,
        "Book Price": 7.8
      }
    },
    {
      "quarter": "Q3 2015",
      "income status": {
        "Net sales": 56303,
        "Cost of goods sold": 47633,
        "Gross Profit": 8670,
        "Financial expenses": 2638,
        "Of which: Interest expense": 2638,
        "Cost of sales": 1385,
        "Enterprise cost management": 3103,
        "Total Operating Expenses": 7126,
        "Total revenue financing activities": 1,
        "Net profit from business activities": 1545,
        "Profit": -5027,
        "Profit before tax": -3482,
        "Present corporate income tax expenses": "N/A",
        "Deferred income taxes expenses": "N/A",
        "The interests of minority shareholders": "N/A",
        "Total Cost of profits": 0,
        "Profit after tax corporate income": -3482,
        "Volume": 14819879,
        "Close of Quarter": 1.9,
        "EPS": -752,
        "Non-adjusted EPS": -752,
        "PE": -2.5,
        "Book Price": 7
      }
    },
    {
      "quarter": "Q2 2015",
      "income status": {
        "Net sales": 67150,
        "Cost of goods sold": 64881,
        "Gross Profit": 2269,
        "Financial expenses": 4053,
        "Of which: Interest expense": 3997,
        "Cost of sales": 1332,
        "Enterprise cost management": 4260,
        "Total Operating Expenses": 9645,
        "Total revenue financing activities": 2,
        "Net profit from business activities": -7375,
        "Profit": -838,
        "Profit before tax": -8213,
        "Present corporate income tax expenses": "N/A",
        "Deferred income taxes expenses": "N/A",
        "The interests of minority shareholders": "N/A",
        "Total Cost of profits": 0,
        "Profit after tax corporate income": -8213,
        "Volume": 14819879,
        "Close of Quarter": 3.8,
        "EPS": -1370,
        "Non-adjusted EPS": -1370,
        "PE": -2.8,
        "Book Price": 7.1
      }
    },
    {
      "quarter": "Q1 2015",
      "income status": {
        "Net sales": 51056,
        "Cost of goods sold": 41060,
        "Gross Profit": 9997,
        "Financial expenses": 2691,
        "Of which: Interest expense": 2691,
        "Cost of sales": 1454,
        "Enterprise cost management": 4331,
        "Total Operating Expenses": 8476,
        "Total revenue financing activities": 1,
        "Net profit from business activities": 1522,
        "Profit": -1025,
        "Profit before tax": 497,
        "Present corporate income tax expenses": "N/A",
        "Deferred income taxes expenses": "N/A",
        "The interests of minority shareholders": "N/A",
        "Total Cost of profits": 0,
        "Profit after tax corporate income": 497,
        "Volume": 14819879,
        "Close of Quarter": 2.9,
        "EPS": -2056,
        "Non-adjusted EPS": -2056,
        "PE": -1.4,
        "Book Price": 7.7
      }
    },
    {
      "quarter": "Q4 2014",
      "income status": {
        "Net sales": 71981,
        "Cost of goods sold": 63040,
        "Gross Profit": 8940,
        "Financial expenses": 3701,
        "Of which: Interest expense": 3701,
        "Cost of sales": 1537,
        "Enterprise cost management": 5376,
        "Total Operating Expenses": 10614,
        "Total revenue financing activities": 4,
        "Net profit from business activities": -1670,
        "Profit": 1729,
        "Profit before tax": 59,
        "Present corporate income tax expenses": "N/A",
        "Deferred income taxes expenses": "N/A",
        "The interests of minority shareholders": "N/A",
        "Total Cost of profits": 0,
        "Profit after tax corporate income": 59,
        "Volume": 14819879,
        "Close of Quarter": 2.9,
        "EPS": -2083,
        "Non-adjusted EPS": -2083,
        "PE": -1.4,
        "Book Price": 7.7
      }
    },
    {
      "quarter": "Q3 2014",
      "income status": {
        "Net sales": 43993,
        "Cost of goods sold": 45215,
        "Gross Profit": -1222,
        "Financial expenses": 3888,
        "Of which: Interest expense": 3888,
        "Cost of sales": 1715,
        "Enterprise cost management": 5367,
        "Total Operating Expenses": 10970,
        "Total revenue financing activities": 1,
        "Net profit from business activities": -12191,
        "Profit": -453,
        "Profit before tax": -12643,
        "Present corporate income tax expenses": "N/A",
        "Deferred income taxes expenses": "N/A",
        "The interests of minority shareholders": "N/A",
        "Total Cost of profits": 0,
        "Profit after tax corporate income": -12643,
        "Volume": 14819879,
        "Close of Quarter": 3.5,
        "EPS": -2806,
        "Non-adjusted EPS": -2806,
        "PE": -1.3,
        "Book Price": 7.6
      }
    },
    {
      "quarter": "Q2 2014",
      "income status": {
        "Net sales": 25037,
        "Cost of goods sold": 32354,
        "Gross Profit": -7316,
        "Financial expenses": 4940,
        "Of which: Interest expense": 4932,
        "Cost of sales": 1247,
        "Enterprise cost management": 4713,
        "Total Operating Expenses": 10900,
        "Total revenue financing activities": 20,
        "Net profit from business activities": -18197,
        "Profit": -189,
        "Profit before tax": -18385,
        "Present corporate income tax expenses": "N/A",
        "Deferred income taxes expenses": "N/A",
        "The interests of minority shareholders": "N/A",
        "Total Cost of profits": 0,
        "Profit after tax corporate income": -18385,
        "Volume": 14819879,
        "Close of Quarter": 4.2,
        "EPS": -1938,
        "Non-adjusted EPS": -1938,
        "PE": -2.2,
        "Book Price": 8.5
      }
    },
    {
      "quarter": "Q1 2014",
      "income status": {
        "Net sales": 27637,
        "Cost of goods sold": 20847,
        "Gross Profit": 6790,
        "Financial expenses": 2683,
        "Of which: Interest expense": 2558,
        "Cost of sales": 1240,
        "Enterprise cost management": 4047,
        "Total Operating Expenses": 7970,
        "Total revenue financing activities": 24,
        "Net profit from business activities": -1156,
        "Profit": 1260,
        "Profit before tax": 104,
        "Present corporate income tax expenses": "N/A",
        "Deferred income taxes expenses": "N/A",
        "The interests of minority shareholders": "N/A",
        "Total Cost of profits": 0,
        "Profit after tax corporate income": 104,
        "Volume": 14819879,
        "Close of Quarter": 5.8,
        "EPS": -1604,
        "Non-adjusted EPS": -1604,
        "PE": -3.6,
        "Book Price": 9.7
      }
    },
    {
      "quarter": "Q4 2013",
      "income status": {
        "Net sales": 56362,
        "Cost of goods sold": 53253,
        "Gross Profit": 3109,
        "Financial expenses": 5090,
        "Of which: Interest expense": 5078,
        "Cost of sales": 1257,
        "Enterprise cost management": 6667,
        "Total Operating Expenses": 13014,
        "Total revenue financing activities": 3,
        "Net profit from business activities": -9902,
        "Profit": -757,
        "Profit before tax": -10660,
        "Present corporate income tax expenses": "N/A",
        "Deferred income taxes expenses": "N/A",
        "The interests of minority shareholders": "N/A",
        "Total Cost of profits": 0,
        "Profit after tax corporate income": -10660,
        "Volume": 14819879,
        "Close of Quarter": 4.4,
        "EPS": -1610,
        "Non-adjusted EPS": -1610,
        "PE": -2.7,
        "Book Price": 10.1
      }
    },
    {
      "quarter": "Q3 2013",
      "income status": {
        "Net sales": 60174,
        "Cost of goods sold": 51258,
        "Gross Profit": 8916,
        "Financial expenses": 3302,
        "Of which: Interest expense": 3121,
        "Cost of sales": 1171,
        "Enterprise cost management": 4128,
        "Total Operating Expenses": 8601,
        "Total revenue financing activities": 8,
        "Net profit from business activities": 323,
        "Profit": -29,
        "Profit before tax": 294,
        "Present corporate income tax expenses": 73,
        "Deferred income taxes expenses": "N/A",
        "The interests of minority shareholders": "N/A",
        "Total Cost of profits": 73,
        "Profit after tax corporate income": 220,
        "Volume": 9319879,
        "Close of Quarter": 3,
        "EPS": -1097.4,
        "Non-adjusted EPS": -1745,
        "PE": -1.7,
        "Book Price": 6.2
      }
    },
    {
      "quarter": "Q2 2013",
      "income status": {
        "Net sales": 37371,
        "Cost of goods sold": 34714,
        "Gross Profit": 2658,
        "Financial expenses": 5065,
        "Of which: Interest expense": 4603,
        "Cost of sales": 1411,
        "Enterprise cost management": 9737,
        "Total Operating Expenses": 16213,
        "Total revenue financing activities": 91,
        "Net profit from business activities": -13463,
        "Profit": 17,
        "Profit before tax": -13446,
        "Present corporate income tax expenses": -7,
        "Deferred income taxes expenses": "N/A",
        "The interests of minority shareholders": "N/A",
        "Total Cost of profits": -7,
        "Profit after tax corporate income": -13439,
        "Volume": 9319879,
        "Close of Quarter": 5,
        "EPS": -1097.4,
        "Non-adjusted EPS": -1745,
        "PE": -2.9,
        "Book Price": 6.2
      }
    },
    {
      "quarter": "Q1 2013",
      "income status": {
        "Net sales": 30751,
        "Cost of goods sold": 20847,
        "Gross Profit": 9904,
        "Financial expenses": 4453,
        "Of which: Interest expense": 4374,
        "Cost of sales": 1541,
        "Enterprise cost management": 3835,
        "Total Operating Expenses": 9829,
        "Total revenue financing activities": 4,
        "Net profit from business activities": 79,
        "Profit": -52,
        "Profit before tax": 27,
        "Present corporate income tax expenses": 7,
        "Deferred income taxes expenses": "N/A",
        "The interests of minority shareholders": "N/A",
        "Total Cost of profits": 7,
        "Profit after tax corporate income": 20,
        "Volume": 9319879,
        "Close of Quarter": 5.2,
        "EPS": -101.9,
        "Non-adjusted EPS": -162,
        "PE": -32.1,
        "Book Price": 7.1
      }
    },
    {
      "quarter": "Q4 2012",
      "income status": {
        "Net sales": 26078,
        "Cost of goods sold": 19717,
        "Gross Profit": 6361,
        "Financial expenses": 3954,
        "Of which: Interest expense": 3931,
        "Cost of sales": 1716,
        "Enterprise cost management": 3678,
        "Total Operating Expenses": 9348,
        "Total revenue financing activities": 18,
        "Net profit from business activities": -2970,
        "Profit": -93,
        "Profit before tax": -3064,
        "Present corporate income tax expenses": "N/A",
        "Deferred income taxes expenses": "N/A",
        "The interests of minority shareholders": "N/A",
        "Total Cost of profits": 0,
        "Profit after tax corporate income": -3064,
        "Volume": 9319879,
        "Close of Quarter": 6.9,
        "EPS": 5.0,
        "Non-adjusted EPS": 8,
        "PE": 862.5,
        "Book Price": 7.0
      }
    },
    {
      "quarter": "Q3 2012",
      "income status": {
        "Net sales": 34476,
        "Cost of goods sold": 23674,
        "Gross Profit": 10802,
        "Financial expenses": 5398,
        "Of which: Interest expense": 5317,
        "Cost of sales": 1202,
        "Enterprise cost management": 3796,
        "Total Operating Expenses": 10396,
        "Total revenue financing activities": 10,
        "Net profit from business activities": 416,
        "Profit": -123,
        "Profit before tax": 292,
        "Present corporate income tax expenses": 73,
        "Deferred income taxes expenses": "N/A",
        "The interests of minority shareholders": "N/A",
        "Total Cost of profits": 73,
        "Profit after tax corporate income": 219,
        "Volume": 9319879,
        "Close of Quarter": 6,
        "EPS": 291.2,
        "Non-adjusted EPS": 463,
        "PE": 13.0,
        "Book Price": 7.4
      }
    },
    {
      "quarter": "Q2 2012",
      "income status": {
        "Net sales": 36217,
        "Cost of goods sold": 23370,
        "Gross Profit": 12847,
        "Financial expenses": 6312,
        "Of which: Interest expense": 6382,
        "Cost of sales": 1170,
        "Enterprise cost management": 4129,
        "Total Operating Expenses": 11611,
        "Total revenue financing activities": 57,
        "Net profit from business activities": 1292,
        "Profit": 513,
        "Profit before tax": 1805,
        "Present corporate income tax expenses": 491,
        "Deferred income taxes expenses": "N/A",
        "The interests of minority shareholders": "N/A",
        "Total Cost of profits": 491,
        "Profit after tax corporate income": 1314,
        "Volume": 9319879,
        "Close of Quarter": 10.3,
        "EPS": 494.3,
        "Non-adjusted EPS": 786,
        "PE": 13.1,
        "Book Price": 7.2
      }
    },
    {
      "quarter": "Q1 2012",
      "income status": {
        "Net sales": 39683,
        "Cost of goods sold": 26869,
        "Gross Profit": 12814,
        "Financial expenses": 6469,
        "Of which: Interest expense": 6397,
        "Cost of sales": 1180,
        "Enterprise cost management": 4056,
        "Total Operating Expenses": 11705,
        "Total revenue financing activities": 26,
        "Net profit from business activities": 1136,
        "Profit": 1011,
        "Profit before tax": 2147,
        "Present corporate income tax expenses": 537,
        "Deferred income taxes expenses": "N/A",
        "The interests of minority shareholders": "N/A",
        "Total Cost of profits": 537,
        "Profit after tax corporate income": 1610,
        "Volume": 9319879,
        "Close of Quarter": 10,
        "EPS": 593.0,
        "Non-adjusted EPS": 943,
        "PE": 10.6,
        "Book Price": 7.2
      }
    },
    {
      "quarter": "Q4 2011",
      "income status": {
        "Net sales": 51742,
        "Cost of goods sold": 37644,
        "Gross Profit": 14098,
        "Financial expenses": 7355,
        "Of which: Interest expense": 7209,
        "Cost of sales": 1437,
        "Enterprise cost management": 4270,
        "Total Operating Expenses": 13062,
        "Total revenue financing activities": 42,
        "Net profit from business activities": 1079,
        "Profit": 338,
        "Profit before tax": 14536,
        "Present corporate income tax expenses": 248,
        "Deferred income taxes expenses": "N/A",
        "The interests of minority shareholders": "N/A",
        "Total Cost of profits": 248,
        "Profit after tax corporate income": 1169,
        "Volume": 9319879,
        "Close of Quarter": 6.0,
        "EPS": 732.0,
        "Non-adjusted EPS": 1164,
        "PE": 5.2,
        "Book Price": 7.6
      }
    },
    {
      "quarter": "Q3 2011",
      "income status": {
        "Net sales": 45630,
        "Cost of goods sold": 29531,
        "Gross Profit": 16099,
        "Financial expenses": 6769,
        "Of which: Interest expense": 6706,
        "Cost of sales": 1336,
        "Enterprise cost management": 4137,
        "Total Operating Expenses": 12242,
        "Total revenue financing activities": 51,
        "Net profit from business activities": 3908,
        "Profit": 402,
        "Profit before tax": 4311,
        "Present corporate income tax expenses": 1078,
        "Deferred income taxes expenses": "N/A",
        "The interests of minority shareholders": "N/A",
        "Total Cost of profits": 1078,
        "Profit after tax corporate income": 3233,
        "Volume": 9319879,
        "Close of Quarter": 9.0,
        "EPS": 832.6,
        "Non-adjusted EPS": 1324,
        "PE": 6.8,
        "Book Price": 7.7
      }
    },
    {
      "quarter": "Q2 2011",
      "income status": {
        "Net sales": 51302,
        "Cost of goods sold": 37960,
        "Gross Profit": 13341,
        "Financial expenses": 4994,
        "Of which: Interest expense": 4586,
        "Cost of sales": 1360,
        "Enterprise cost management": 4909,
        "Total Operating Expenses": 11263,
        "Total revenue financing activities": 61,
        "Net profit from business activities": 2139,
        "Profit": 1561,
        "Profit before tax": 3700,
        "Present corporate income tax expenses": 925,
        "Deferred income taxes expenses": "N/A",
        "The interests of minority shareholders": "N/A",
        "Total Cost of profits": 925,
        "Profit after tax corporate income": 2775,
        "Volume": 8600000,
        "Close of Quarter": 11.8,
        "EPS": 822.3,
        "Non-adjusted EPS": 1417,
        "PE": 8.3,
        "Book Price": 7.7
      }
    },
    {
      "quarter": "Q1 2011",
      "income status": {
        "Net sales": 37050,
        "Cost of goods sold": 22414,
        "Gross Profit": 14636,
        "Financial expenses": 4106,
        "Of which: Interest expense": "N/A",
        "Cost of sales": 1641,
        "Enterprise cost management": 3993,
        "Total Operating Expenses": 9740,
        "Total revenue financing activities": 25,
        "Net profit from business activities": 4921,
        "Profit": -21,
        "Profit before tax": 4900,
        "Present corporate income tax expenses": 1225,
        "Deferred income taxes expenses": "N/A",
        "The interests of minority shareholders": "N/A",
        "Total Cost of profits": 1225,
        "Profit after tax corporate income": 3675,
        "Volume": 4304672,
        "Close of Quarter": 22.7,
        "EPS": 868.8,
        "Non-adjusted EPS": 2991,
        "PE": 7.6,
        "Book Price": 7.5
      }
    }
  ]
}