{
  "ticker": "PHC",
  "data": [
    {
      "quarter": "Q4 2016",
      "income status": {
        "Net sales": 660137,
        "Cost of goods sold": 618366,
        "Gross Profit": 41771,
        "Financial expenses": 8678,
        "Of which: Interest expense": 8426,
        "Cost of sales": "N/A",
        "Enterprise cost management": 24360,
        "Total Operating Expenses": 33038,
        "Total revenue financing activities": 493,
        "Net profit from business activities": 9237,
        "Profit": -973,
        "Profit before tax": 8264,
        "Present corporate income tax expenses": 1337,
        "Deferred income taxes expenses": 1,
        "The interests of minority shareholders": 1608,
        "Total Cost of profits": 2946,
        "Profit after tax corporate income": 5317,
        "Volume": 10829977,
        "Close of Quarter": 8.9,
        "EPS": 1509,
        "Non-adjusted EPS": 1509,
        "PE": 5.9,
        "Book Price": 19.6
      }
    },
    {
      "quarter": "Q3 2016",
      "income status": {
        "Net sales": 336611,
        "Cost of goods sold": 314947,
        "Gross Profit": 21665,
        "Financial expenses": 6083,
        "Of which: Interest expense": 5812,
        "Cost of sales": "N/A",
        "Enterprise cost management": 7209,
        "Total Operating Expenses": 13292,
        "Total revenue financing activities": 391,
        "Net profit from business activities": 8763,
        "Profit": -1181,
        "Profit before tax": 7583,
        "Present corporate income tax expenses": 1988,
        "Deferred income taxes expenses": 3,
        "The interests of minority shareholders": 680,
        "Total Cost of profits": 2671,
        "Profit after tax corporate income": 4912,
        "Volume": 10829977,
        "Close of Quarter": 6.9,
        "EPS": 1942,
        "Non-adjusted EPS": 1942,
        "PE": 3.6,
        "Book Price": 19.6
      }
    },
    {
      "quarter": "Q2 2016",
      "income status": {
        "Net sales": 283896,
        "Cost of goods sold": 259190,
        "Gross Profit": 24706,
        "Financial expenses": 7407,
        "Of which: Interest expense": 7106,
        "Cost of sales": 27,
        "Enterprise cost management": 12167,
        "Total Operating Expenses": 19601,
        "Total revenue financing activities": 1100,
        "Net profit from business activities": 6192,
        "Profit": 681,
        "Profit before tax": 6873,
        "Present corporate income tax expenses": 765,
        "Deferred income taxes expenses": 487,
        "The interests of minority shareholders": 2391,
        "Total Cost of profits": 3643,
        "Profit after tax corporate income": 3229,
        "Volume": 10829977,
        "Close of Quarter": 7.9,
        "EPS": 1604,
        "Non-adjusted EPS": 1604,
        "PE": 4.9,
        "Book Price": 19.1
      }
    },
    {
      "quarter": "Q1 2016",
      "income status": {
        "Net sales": 179339,
        "Cost of goods sold": 164841,
        "Gross Profit": 14498,
        "Financial expenses": 3800,
        "Of which: Interest expense": 3605,
        "Cost of sales": "N/A",
        "Enterprise cost management": 6453,
        "Total Operating Expenses": 10253,
        "Total revenue financing activities": 270,
        "Net profit from business activities": 4515,
        "Profit": -833,
        "Profit before tax": 3682,
        "Present corporate income tax expenses": 657,
        "Deferred income taxes expenses": 4,
        "The interests of minority shareholders": 140,
        "Total Cost of profits": 801,
        "Profit after tax corporate income": 2881,
        "Volume": 10829977,
        "Close of Quarter": 6.9,
        "EPS": 1469,
        "Non-adjusted EPS": 1469,
        "PE": 4.7,
        "Book Price": 18.5
      }
    },
    {
      "quarter": "Q4 2015",
      "income status": {
        "Net sales": 417270,
        "Cost of goods sold": 389889,
        "Gross Profit": 27381,
        "Financial expenses": 51012,
        "Of which: Interest expense": 9012,
        "Cost of sales": "N/A",
        "Enterprise cost management": 15335,
        "Total Operating Expenses": 66347,
        "Total revenue financing activities": 48515,
        "Net profit from business activities": 11124,
        "Profit": 2794,
        "Profit before tax": 13919,
        "Present corporate income tax expenses": 2250,
        "Deferred income taxes expenses": 240,
        "The interests of minority shareholders": 1423,
        "Total Cost of profits": 3913,
        "Profit after tax corporate income": 10005,
        "Volume": 10829977,
        "Close of Quarter": 6.1,
        "EPS": 1414,
        "Non-adjusted EPS": 1414,
        "PE": 4.3,
        "Book Price": 19
      }
    },
    {
      "quarter": "Q3 2015",
      "income status": {
        "Net sales": 219524,
        "Cost of goods sold": 207591,
        "Gross Profit": 11933,
        "Financial expenses": 4709,
        "Of which: Interest expense": 4616,
        "Cost of sales": "N/A",
        "Enterprise cost management": 6525,
        "Total Operating Expenses": 11234,
        "Total revenue financing activities": 423,
        "Net profit from business activities": 597,
        "Profit": 1776,
        "Profit before tax": 2373,
        "Present corporate income tax expenses": 958,
        "Deferred income taxes expenses": 23,
        "The interests of minority shareholders": 140,
        "Total Cost of profits": 1121,
        "Profit after tax corporate income": 1252,
        "Volume": 10829977,
        "Close of Quarter": 5.3,
        "EPS": 1237,
        "Non-adjusted EPS": 1237,
        "PE": 4.3,
        "Book Price": 18.9
      }
    },
    {
      "quarter": "Q2 2015",
      "income status": {
        "Net sales": 267425,
        "Cost of goods sold": 251315,
        "Gross Profit": 16110,
        "Financial expenses": 5342,
        "Of which: Interest expense": 4973,
        "Cost of sales": "N/A",
        "Enterprise cost management": 8332,
        "Total Operating Expenses": 13674,
        "Total revenue financing activities": 228,
        "Net profit from business activities": 2139,
        "Profit": 1274,
        "Profit before tax": 3413,
        "Present corporate income tax expenses": 1008,
        "Deferred income taxes expenses": 4,
        "The interests of minority shareholders": 630,
        "Total Cost of profits": 1642,
        "Profit after tax corporate income": 1770,
        "Volume": 10829977,
        "Close of Quarter": 6.5,
        "EPS": 1125,
        "Non-adjusted EPS": 1125,
        "PE": 5.8,
        "Book Price": 18.9
      }
    },
    {
      "quarter": "Q1 2015",
      "income status": {
        "Net sales": 311766,
        "Cost of goods sold": 297490,
        "Gross Profit": 14276,
        "Financial expenses": 3518,
        "Of which: Interest expense": 3186,
        "Cost of sales": "N/A",
        "Enterprise cost management": 7071,
        "Total Operating Expenses": 10589,
        "Total revenue financing activities": 305,
        "Net profit from business activities": 3467,
        "Profit": 191,
        "Profit before tax": 3658,
        "Present corporate income tax expenses": 983,
        "Deferred income taxes expenses": 50,
        "The interests of minority shareholders": 336,
        "Total Cost of profits": 1369,
        "Profit after tax corporate income": 2290,
        "Volume": 10829977,
        "Close of Quarter": 4.7,
        "EPS": 477,
        "Non-adjusted EPS": 477,
        "PE": 9.9,
        "Book Price": 19.1
      }
    },
    {
      "quarter": "Q4 2014",
      "income status": {
        "Net sales": 231372,
        "Cost of goods sold": 207493,
        "Gross Profit": 23879,
        "Financial expenses": 3025,
        "Of which: Interest expense": 2984,
        "Cost of sales": -6,
        "Enterprise cost management": 8137,
        "Total Operating Expenses": 11156,
        "Total revenue financing activities": 661,
        "Net profit from business activities": 11743,
        "Profit": -689,
        "Profit before tax": 11054,
        "Present corporate income tax expenses": 1924,
        "Deferred income taxes expenses": 34,
        "The interests of minority shareholders": 1008,
        "Total Cost of profits": 2966,
        "Profit after tax corporate income": 8088,
        "Volume": 10829977,
        "Close of Quarter": 4.5,
        "EPS": 386,
        "Non-adjusted EPS": 386,
        "PE": 11.7,
        "Book Price": 16.2
      }
    },
    {
      "quarter": "Q3 2014",
      "income status": {
        "Net sales": 99162,
        "Cost of goods sold": 91744,
        "Gross Profit": 7418,
        "Financial expenses": 2133,
        "Of which: Interest expense": 1820,
        "Cost of sales": "N/A",
        "Enterprise cost management": 5160,
        "Total Operating Expenses": 7293,
        "Total revenue financing activities": 94,
        "Net profit from business activities": 277,
        "Profit": -8,
        "Profit before tax": 269,
        "Present corporate income tax expenses": 82,
        "Deferred income taxes expenses": 7,
        "The interests of minority shareholders": 148,
        "Total Cost of profits": 237,
        "Profit after tax corporate income": 32,
        "Volume": 10829977,
        "Close of Quarter": 4.3,
        "EPS": 858,
        "Non-adjusted EPS": 858,
        "PE": 5.0,
        "Book Price": 15.4
      }
    },
    {
      "quarter": "Q2 2014",
      "income status": {
        "Net sales": 112074,
        "Cost of goods sold": 105254,
        "Gross Profit": 6821,
        "Financial expenses": 5485,
        "Of which: Interest expense": 5428,
        "Cost of sales": 51,
        "Enterprise cost management": 7182,
        "Total Operating Expenses": 12718,
        "Total revenue financing activities": 130,
        "Net profit from business activities": -6286,
        "Profit": 806,
        "Profit before tax": -5480,
        "Present corporate income tax expenses": 46,
        "Deferred income taxes expenses": 7,
        "The interests of minority shareholders": -290,
        "Total Cost of profits": -237,
        "Profit after tax corporate income": -5243,
        "Volume": 10829977,
        "Close of Quarter": 5.0,
        "EPS": 311,
        "Non-adjusted EPS": 311,
        "PE": 15.9,
        "Book Price": 15.3
      }
    },
    {
      "quarter": "Q1 2014",
      "income status": {
        "Net sales": 98810,
        "Cost of goods sold": 91167,
        "Gross Profit": 7643,
        "Financial expenses": 2795,
        "Of which: Interest expense": 2625,
        "Cost of sales": "N/A",
        "Enterprise cost management": 3952,
        "Total Operating Expenses": 6747,
        "Total revenue financing activities": 140,
        "Net profit from business activities": 1944,
        "Profit": -94,
        "Profit before tax": 1850,
        "Present corporate income tax expenses": 202,
        "Deferred income taxes expenses": 7,
        "The interests of minority shareholders": 343,
        "Total Cost of profits": 552,
        "Profit after tax corporate income": 1299,
        "Volume": 10829977,
        "Close of Quarter": 5.0,
        "EPS": 104,
        "Non-adjusted EPS": 104,
        "PE": 47.6,
        "Book Price": 15.9
      }
    },
    {
      "quarter": "Q4 2013",
      "income status": {
        "Net sales": 230907,
        "Cost of goods sold": 210288,
        "Gross Profit": 20619,
        "Financial expenses": 2139,
        "Of which: Interest expense": 1356,
        "Cost of sales": -594,
        "Enterprise cost management": 5807,
        "Total Operating Expenses": 7352,
        "Total revenue financing activities": 31,
        "Net profit from business activities": 13297,
        "Profit": 1111,
        "Profit before tax": 14645,
        "Present corporate income tax expenses": 563,
        "Deferred income taxes expenses": 7,
        "The interests of minority shareholders": 873,
        "Total Cost of profits": 1443,
        "Profit after tax corporate income": 13202,
        "Volume": 10829977,
        "Close of Quarter": 3.0,
        "EPS": 9,
        "Non-adjusted EPS": 9,
        "PE": 337.8,
        "Book Price": 14
      }
    },
    {
      "quarter": "Q3 2013",
      "income status": {
        "Net sales": 115259,
        "Cost of goods sold": 108945,
        "Gross Profit": 6314,
        "Financial expenses": 7094,
        "Of which: Interest expense": 6919,
        "Cost of sales": 117,
        "Enterprise cost management": 5218,
        "Total Operating Expenses": 12429,
        "Total revenue financing activities": 52,
        "Net profit from business activities": -6063,
        "Profit": -193,
        "Profit before tax": -5709,
        "Present corporate income tax expenses": 78,
        "Deferred income taxes expenses": 11,
        "The interests of minority shareholders": 88,
        "Total Cost of profits": 177,
        "Profit after tax corporate income": -5887,
        "Volume": 10829977,
        "Close of Quarter": 2.7,
        "EPS": -1075,
        "Non-adjusted EPS": -1075,
        "PE": -2.5,
        "Book Price": 13.2
      }
    },
    {
      "quarter": "Q2 2013",
      "income status": {
        "Net sales": 129212,
        "Cost of goods sold": 121011,
        "Gross Profit": 8202,
        "Financial expenses": 6606,
        "Of which: Interest expense": 6420,
        "Cost of sales": 631,
        "Enterprise cost management": 5247,
        "Total Operating Expenses": 12484,
        "Total revenue financing activities": 96,
        "Net profit from business activities": -4187,
        "Profit": -2824,
        "Profit before tax": -7375,
        "Present corporate income tax expenses": 65,
        "Deferred income taxes expenses": 22,
        "The interests of minority shareholders": 28,
        "Total Cost of profits": 115,
        "Profit after tax corporate income": -7490,
        "Volume": 10829977,
        "Close of Quarter": 3.0,
        "EPS": -530,
        "Non-adjusted EPS": -530,
        "PE": -5.7,
        "Book Price": 13.9
      }
    },
    {
      "quarter": "Q1 2013",
      "income status": {
        "Net sales": 89532,
        "Cost of goods sold": 81888,
        "Gross Profit": 7643,
        "Financial expenses": 3406,
        "Of which: Interest expense": 3312,
        "Cost of sales": "N/A",
        "Enterprise cost management": 4492,
        "Total Operating Expenses": 7898,
        "Total revenue financing activities": 104,
        "Net profit from business activities": -150,
        "Profit": 207,
        "Profit before tax": 295,
        "Present corporate income tax expenses": 8,
        "Deferred income taxes expenses": 6,
        "The interests of minority shareholders": 10,
        "Total Cost of profits": 24,
        "Profit after tax corporate income": 271,
        "Volume": 10829977,
        "Close of Quarter": 3.0,
        "EPS": 240,
        "Non-adjusted EPS": 240,
        "PE": 12.7,
        "Book Price": 14.5
      }
    },
    {
      "quarter": "Q4 2012",
      "income status": {
        "Net sales": 138155,
        "Cost of goods sold": 126612,
        "Gross Profit": 11543,
        "Financial expenses": 8106,
        "Of which: Interest expense": 7466,
        "Cost of sales": 186,
        "Enterprise cost management": 6750,
        "Total Operating Expenses": 15042,
        "Total revenue financing activities": 74,
        "Net profit from business activities": -3425,
        "Profit": 977,
        "Profit before tax": 2300,
        "Present corporate income tax expenses": 226,
        "Deferred income taxes expenses": 13,
        "The interests of minority shareholders": 595,
        "Total Cost of profits": 834,
        "Profit after tax corporate income": 1466,
        "Volume": 10829977,
        "Close of Quarter": 3.2,
        "EPS": 202,
        "Non-adjusted EPS": 202,
        "PE": 15.8,
        "Book Price": 14.8
      }
    },
    {
      "quarter": "Q3 2012",
      "income status": {
        "Net sales": 79752,
        "Cost of goods sold": 71372,
        "Gross Profit": 8380,
        "Financial expenses": 6479,
        "Of which: Interest expense": 6280,
        "Cost of sales": 416,
        "Enterprise cost management": 5522,
        "Total Operating Expenses": 12417,
        "Total revenue financing activities": 112,
        "Net profit from business activities": -3926,
        "Profit": 3784,
        "Profit before tax": -28,
        "Present corporate income tax expenses": -90,
        "Deferred income taxes expenses": 13,
        "The interests of minority shareholders": 33,
        "Total Cost of profits": -44,
        "Profit after tax corporate income": 16,
        "Volume": 10829977,
        "Close of Quarter": 3.2,
        "EPS": 312,
        "Non-adjusted EPS": 312,
        "PE": 10.2,
        "Book Price": 14.6
      }
    },
    {
      "quarter": "Q2 2012",
      "income status": {
        "Net sales": 300135,
        "Cost of goods sold": 284469,
        "Gross Profit": 15666,
        "Financial expenses": 7029,
        "Of which: Interest expense": 6894,
        "Cost of sales": 635,
        "Enterprise cost management": 6413,
        "Total Operating Expenses": 14077,
        "Total revenue financing activities": 289,
        "Net profit from business activities": 1879,
        "Profit": 82,
        "Profit before tax": 2021,
        "Present corporate income tax expenses": 419,
        "Deferred income taxes expenses": 61,
        "The interests of minority shareholders": 698,
        "Total Cost of profits": 1178,
        "Profit after tax corporate income": 843,
        "Volume": 10829977,
        "Close of Quarter": 3.8,
        "EPS": 475,
        "Non-adjusted EPS": 475,
        "PE": 8.0,
        "Book Price": 14.7
      }
    },
    {
      "quarter": "Q1 2012",
      "income status": {
        "Net sales": 129006,
        "Cost of goods sold": 118913,
        "Gross Profit": 10093,
        "Financial expenses": 4206,
        "Of which: Interest expense": 4130,
        "Cost of sales": "N/A",
        "Enterprise cost management": 6277,
        "Total Operating Expenses": 10483,
        "Total revenue financing activities": 295,
        "Net profit from business activities": -95,
        "Profit": 347,
        "Profit before tax": 330,
        "Present corporate income tax expenses": 188,
        "Deferred income taxes expenses": 11,
        "The interests of minority shareholders": 268,
        "Total Cost of profits": 467,
        "Profit after tax corporate income": -136,
        "Volume": 10829977,
        "Close of Quarter": 4.6,
        "EPS": 636,
        "Non-adjusted EPS": 636,
        "PE": 7.2,
        "Book Price": 15.2
      }
    },
    {
      "quarter": "Q4 2011",
      "income status": {
        "Net sales": 202061,
        "Cost of goods sold": 186351,
        "Gross Profit": 15711,
        "Financial expenses": 5837,
        "Of which: Interest expense": 5456,
        "Cost of sales": 601,
        "Enterprise cost management": 10308,
        "Total Operating Expenses": 16746,
        "Total revenue financing activities": 147,
        "Net profit from business activities": -888,
        "Profit": 72,
        "Profit before tax": 2869,
        "Present corporate income tax expenses": -615,
        "Deferred income taxes expenses": 15,
        "The interests of minority shareholders": 810,
        "Total Cost of profits": 210,
        "Profit after tax corporate income": 2659,
        "Volume": 10829977,
        "Close of Quarter": 4.3,
        "EPS": 820,
        "Non-adjusted EPS": 820,
        "PE": 5.2,
        "Book Price": 15.1
      }
    },
    {
      "quarter": "Q3 2011",
      "income status": {
        "Net sales": 190692,
        "Cost of goods sold": 173833,
        "Gross Profit": 16860,
        "Financial expenses": 6890,
        "Of which: Interest expense": 6618,
        "Cost of sales": 158,
        "Enterprise cost management": 7181,
        "Total Operating Expenses": 14229,
        "Total revenue financing activities": 238,
        "Net profit from business activities": 2868,
        "Profit": 546,
        "Profit before tax": 3067,
        "Present corporate income tax expenses": 754,
        "Deferred income taxes expenses": 45,
        "The interests of minority shareholders": 485,
        "Total Cost of profits": 1284,
        "Profit after tax corporate income": 1783,
        "Volume": 10939977,
        "Close of Quarter": 7.4,
        "EPS": 2139.5,
        "Non-adjusted EPS": 2118,
        "PE": 3.5,
        "Book Price": 14.9
      }
    },
    {
      "quarter": "Q2 2011",
      "income status": {
        "Net sales": 183682,
        "Cost of goods sold": 167298,
        "Gross Profit": 16384,
        "Financial expenses": 5573,
        "Of which: Interest expense": 5573,
        "Cost of sales": 130,
        "Enterprise cost management": 6490,
        "Total Operating Expenses": 12193,
        "Total revenue financing activities": 513,
        "Net profit from business activities": 4705,
        "Profit": -755,
        "Profit before tax": 3930,
        "Present corporate income tax expenses": 998,
        "Deferred income taxes expenses": 59,
        "The interests of minority shareholders": 291,
        "Total Cost of profits": 1348,
        "Profit after tax corporate income": 2582,
        "Volume": 9940000,
        "Close of Quarter": 6.8,
        "EPS": 2379.9,
        "Non-adjusted EPS": 2593,
        "PE": 2.6,
        "Book Price": 14.7
      }
    },
    {
      "quarter": "Q1 2011",
      "income status": {
        "Net sales": 174248,
        "Cost of goods sold": 162375,
        "Gross Profit": 11873,
        "Financial expenses": 3117,
        "Of which: Interest expense": 3048,
        "Cost of sales": 1115,
        "Enterprise cost management": 5348,
        "Total Operating Expenses": 9580,
        "Total revenue financing activities": 772,
        "Net profit from business activities": 3065,
        "Profit": 25,
        "Profit before tax": 3089,
        "Present corporate income tax expenses": 664,
        "Deferred income taxes expenses": 109,
        "The interests of minority shareholders": 459,
        "Total Cost of profits": 1232,
        "Profit after tax corporate income": 1858,
        "Volume": 9940000,
        "Close of Quarter": 8.9,
        "EPS": 2381.8,
        "Non-adjusted EPS": 2595,
        "PE": 3.4,
        "Book Price": 14.6
      }
    }
  ]
}