{
  "ticker": "BII",
  "data": [
    {
      "quarter": "Q4 2016",
      "income status": {
        "Net sales": 23599,
        "Cost of goods sold": 27791,
        "Gross Profit": -4192,
        "Financial expenses": 430,
        "Of which: Interest expense": -10,
        "Cost of sales": 1953,
        "Enterprise cost management": -1201,
        "Total Operating Expenses": 1182,
        "Total revenue financing activities": 1464,
        "Net profit from business activities": -3910,
        "Profit": 8620,
        "Profit before tax": 4710,
        "Present corporate income tax expenses": 81,
        "Deferred income taxes expenses": "N/A",
        "The interests of minority shareholders": -17,
        "Total Cost of profits": 64,
        "Profit after tax corporate income": 4647,
        "Volume": 57680000,
        "Close of Quarter": 2.2,
        "EPS": 157,
        "Non-adjusted EPS": 157,
        "PE": 14.0,
        "Book Price": 10.6
      }
    },
    {
      "quarter": "Q3 2016",
      "income status": {
        "Net sales": 72466,
        "Cost of goods sold": 62167,
        "Gross Profit": 10298,
        "Financial expenses": 2706,
        "Of which: Interest expense": 2669,
        "Cost of sales": 4302,
        "Enterprise cost management": 945,
        "Total Operating Expenses": 7953,
        "Total revenue financing activities": 640,
        "Net profit from business activities": 2985,
        "Profit": "N/A",
        "Profit before tax": 2985,
        "Present corporate income tax expenses": 81,
        "Deferred income taxes expenses": "N/A",
        "The interests of minority shareholders": -622,
        "Total Cost of profits": -541,
        "Profit after tax corporate income": 3527,
        "Volume": 57680000,
        "Close of Quarter": 17.2,
        "EPS": 98,
        "Non-adjusted EPS": 98,
        "PE": 175.5,
        "Book Price": 10.5
      }
    },
    {
      "quarter": "Q2 2016",
      "income status": {
        "Net sales": 12473,
        "Cost of goods sold": 5742,
        "Gross Profit": 6730,
        "Financial expenses": 1222,
        "Of which: Interest expense": 1142,
        "Cost of sales": -2491,
        "Enterprise cost management": 7341,
        "Total Operating Expenses": 6072,
        "Total revenue financing activities": 20,
        "Net profit from business activities": 678,
        "Profit": -1323,
        "Profit before tax": -646,
        "Present corporate income tax expenses": -18,
        "Deferred income taxes expenses": "N/A",
        "The interests of minority shareholders": -143,
        "Total Cost of profits": -161,
        "Profit after tax corporate income": -485,
        "Volume": 57680000,
        "Close of Quarter": 16.9,
        "EPS": 60,
        "Non-adjusted EPS": 60,
        "PE": 281.7,
        "Book Price": 10.4
      }
    },
    {
      "quarter": "Q1 2016",
      "income status": {
        "Net sales": 31900,
        "Cost of goods sold": 19369,
        "Gross Profit": 12531,
        "Financial expenses": 244,
        "Of which: Interest expense": 236,
        "Cost of sales": 6219,
        "Enterprise cost management": 3520,
        "Total Operating Expenses": 9983,
        "Total revenue financing activities": 19,
        "Net profit from business activities": 2567,
        "Profit": -130,
        "Profit before tax": 2437,
        "Present corporate income tax expenses": 1091,
        "Deferred income taxes expenses": "N/A",
        "The interests of minority shareholders": "N/A",
        "Total Cost of profits": 1091,
        "Profit after tax corporate income": 1346,
        "Volume": 57680000,
        "Close of Quarter": 13.2,
        "EPS": 71,
        "Non-adjusted EPS": 71,
        "PE": 185.9,
        "Book Price": 10.4
      }
    },
    {
      "quarter": "Q4 2015",
      "income status": {
        "Net sales": 40235,
        "Cost of goods sold": 31508,
        "Gross Profit": 8727,
        "Financial expenses": 160,
        "Of which: Interest expense": 160,
        "Cost of sales": 2424,
        "Enterprise cost management": 4530,
        "Total Operating Expenses": 7114,
        "Total revenue financing activities": 14,
        "Net profit from business activities": 1627,
        "Profit": 17,
        "Profit before tax": 1645,
        "Present corporate income tax expenses": 408,
        "Deferred income taxes expenses": "N/A",
        "The interests of minority shareholders": "N/A",
        "Total Cost of profits": 408,
        "Profit after tax corporate income": 1236,
        "Volume": 57680000,
        "Close of Quarter": 9.4,
        "EPS": 137,
        "Non-adjusted EPS": 137,
        "PE": 68.6,
        "Book Price": 10.4
      }
    },
    {
      "quarter": "Q3 2015",
      "income status": {
        "Net sales": 14729,
        "Cost of goods sold": 9573,
        "Gross Profit": 5156,
        "Financial expenses": 45,
        "Of which: Interest expense": 45,
        "Cost of sales": 637,
        "Enterprise cost management": 2756,
        "Total Operating Expenses": 3438,
        "Total revenue financing activities": 10,
        "Net profit from business activities": 1728,
        "Profit": "N/A",
        "Profit before tax": 1727,
        "Present corporate income tax expenses": 392,
        "Deferred income taxes expenses": "N/A",
        "The interests of minority shareholders": "N/A",
        "Total Cost of profits": 392,
        "Profit after tax corporate income": 1336,
        "Volume": 57680000,
        "Close of Quarter": 6.8,
        "EPS": 495,
        "Non-adjusted EPS": 495,
        "PE": 13.7,
        "Book Price": 10.3
      }
    },
    {
      "quarter": "Q2 2015",
      "income status": {
        "Net sales": 23814,
        "Cost of goods sold": -3071,
        "Gross Profit": 26885,
        "Financial expenses": 576,
        "Of which: Interest expense": 576,
        "Cost of sales": 1277,
        "Enterprise cost management": 6694,
        "Total Operating Expenses": 8547,
        "Total revenue financing activities": 70,
        "Net profit from business activities": 18407,
        "Profit": -16037,
        "Profit before tax": 2371,
        "Present corporate income tax expenses": 2200,
        "Deferred income taxes expenses": "N/A",
        "The interests of minority shareholders": "N/A",
        "Total Cost of profits": 2200,
        "Profit after tax corporate income": 170,
        "Volume": 32800000,
        "Close of Quarter": 7.4,
        "EPS": 512.9,
        "Non-adjusted EPS": 902,
        "PE": 8.2,
        "Book Price": 6.5
      }
    },
    {
      "quarter": "Q1 2015",
      "income status": {
        "Net sales": 31497,
        "Cost of goods sold": 22597,
        "Gross Profit": 8900,
        "Financial expenses": 220,
        "Of which: Interest expense": 220,
        "Cost of sales": "N/A",
        "Enterprise cost management": 1776,
        "Total Operating Expenses": 1996,
        "Total revenue financing activities": 60,
        "Net profit from business activities": 6964,
        "Profit": -193,
        "Profit before tax": 6771,
        "Present corporate income tax expenses": 1592,
        "Deferred income taxes expenses": "N/A",
        "The interests of minority shareholders": "N/A",
        "Total Cost of profits": 1592,
        "Profit after tax corporate income": 5179,
        "Volume": 32800000,
        "Close of Quarter": 8.4,
        "EPS": 589.1,
        "Non-adjusted EPS": 1036,
        "PE": 8.1,
        "Book Price": 6.7
      }
    },
    {
      "quarter": "Q4 2014",
      "income status": {
        "Net sales": 61174,
        "Cost of goods sold": 30562,
        "Gross Profit": 30613,
        "Financial expenses": 217,
        "Of which: Interest expense": 347,
        "Cost of sales": 223,
        "Enterprise cost management": 2528,
        "Total Operating Expenses": 2968,
        "Total revenue financing activities": 446,
        "Net profit from business activities": 28091,
        "Profit": "N/A",
        "Profit before tax": 28091,
        "Present corporate income tax expenses": 6196,
        "Deferred income taxes expenses": "N/A",
        "The interests of minority shareholders": "N/A",
        "Total Cost of profits": 6196,
        "Profit after tax corporate income": 21895,
        "Volume": 32800000,
        "Close of Quarter": 12.8,
        "EPS": 575.5,
        "Non-adjusted EPS": 1012,
        "PE": 12.7,
        "Book Price": 6.7
      }
    },
    {
      "quarter": "Q3 2014",
      "income status": {
        "Net sales": 12860,
        "Cost of goods sold": 9056,
        "Gross Profit": 3804,
        "Financial expenses": 178,
        "Of which: Interest expense": 178,
        "Cost of sales": 260,
        "Enterprise cost management": 1362,
        "Total Operating Expenses": 1800,
        "Total revenue financing activities": 1005,
        "Net profit from business activities": 3009,
        "Profit": "N/A",
        "Profit before tax": 3009,
        "Present corporate income tax expenses": 662,
        "Deferred income taxes expenses": "N/A",
        "The interests of minority shareholders": "N/A",
        "Total Cost of profits": 662,
        "Profit after tax corporate income": 2347,
        "Volume": 32800000,
        "Close of Quarter": 12.3,
        "EPS": 171.7,
        "Non-adjusted EPS": 302,
        "PE": 40.6,
        "Book Price": 6.3
      }
    },
    {
      "quarter": "Q2 2014",
      "income status": {
        "Net sales": 21481,
        "Cost of goods sold": 13310,
        "Gross Profit": 8171,
        "Financial expenses": 172,
        "Of which: Interest expense": 172,
        "Cost of sales": 250,
        "Enterprise cost management": 2244,
        "Total Operating Expenses": 2666,
        "Total revenue financing activities": 336,
        "Net profit from business activities": 5841,
        "Profit": "N/A",
        "Profit before tax": 5841,
        "Present corporate income tax expenses": 1285,
        "Deferred income taxes expenses": "N/A",
        "The interests of minority shareholders": "N/A",
        "Total Cost of profits": 1285,
        "Profit after tax corporate income": 4556,
        "Volume": 32800000,
        "Close of Quarter": "N/A",
        "EPS": 130.8,
        "Non-adjusted EPS": 230,
        "PE": "N/A",
        "Book Price": 6.3
      }
    },
    {
      "quarter": "Q1 2014",
      "income status": {
        "Net sales": 29001,
        "Cost of goods sold": 22185,
        "Gross Profit": 6815,
        "Financial expenses": 380,
        "Of which: Interest expense": 380,
        "Cost of sales": 207,
        "Enterprise cost management": 404,
        "Total Operating Expenses": 991,
        "Total revenue financing activities": 2,
        "Net profit from business activities": 5826,
        "Profit": -197,
        "Profit before tax": 5629,
        "Present corporate income tax expenses": 1238,
        "Deferred income taxes expenses": "N/A",
        "The interests of minority shareholders": "N/A",
        "Total Cost of profits": 1238,
        "Profit after tax corporate income": 4391,
        "Volume": 32800000,
        "Close of Quarter": "N/A",
        "EPS": 51.8,
        "Non-adjusted EPS": 91,
        "PE": "N/A",
        "Book Price": 6.1
      }
    },
    {
      "quarter": "Q3 2013",
      "income status": {
        "Net sales": "N/A",
        "Cost of goods sold": "N/A",
        "Gross Profit": "N/A",
        "Financial expenses": 197,
        "Of which: Interest expense": 197,
        "Cost of sales": "N/A",
        "Enterprise cost management": 468,
        "Total Operating Expenses": 665,
        "Total revenue financing activities": "N/A",
        "Net profit from business activities": -665,
        "Profit": -732,
        "Profit before tax": -1397,
        "Present corporate income tax expenses": "N/A",
        "Deferred income taxes expenses": "N/A",
        "The interests of minority shareholders": "N/A",
        "Total Cost of profits": 0,
        "Profit after tax corporate income": -1397,
        "Volume": 32800000,
        "Close of Quarter": "N/A",
        "EPS": -24.5,
        "Non-adjusted EPS": -43,
        "PE": "N/A",
        "Book Price": "N/A"
      }
    }
  ]
}