{
  "ticker": "CAN",
  "data": [
    {
      "quarter": "Q4 2016",
      "income status": {
        "Net sales": 126353,
        "Cost of goods sold": 104418,
        "Gross Profit": 21935,
        "Financial expenses": 1330,
        "Of which: Interest expense": 301,
        "Cost of sales": 15971,
        "Enterprise cost management": 6850,
        "Total Operating Expenses": 24151,
        "Total revenue financing activities": 567,
        "Net profit from business activities": -1650,
        "Profit": 343,
        "Profit before tax": -1307,
        "Present corporate income tax expenses": 392,
        "Deferred income taxes expenses": -591,
        "The interests of minority shareholders": "N/A",
        "Total Cost of profits": -199,
        "Profit after tax corporate income": -1107,
        "Volume": 5000000,
        "Close of Quarter": 23.5,
        "EPS": 125,
        "Non-adjusted EPS": 125,
        "PE": 187.8,
        "Book Price": 22.7
      }
    },
    {
      "quarter": "Q3 2016",
      "income status": {
        "Net sales": 102352,
        "Cost of goods sold": 83039,
        "Gross Profit": 19313,
        "Financial expenses": 704,
        "Of which: Interest expense": 267,
        "Cost of sales": 13184,
        "Enterprise cost management": 5445,
        "Total Operating Expenses": 19333,
        "Total revenue financing activities": 282,
        "Net profit from business activities": 262,
        "Profit": -30,
        "Profit before tax": 233,
        "Present corporate income tax expenses": 22,
        "Deferred income taxes expenses": "N/A",
        "The interests of minority shareholders": "N/A",
        "Total Cost of profits": 22,
        "Profit after tax corporate income": 211,
        "Volume": 5000000,
        "Close of Quarter": 28.4,
        "EPS": 1504,
        "Non-adjusted EPS": 1504,
        "PE": 18.9,
        "Book Price": 22.9
      }
    },
    {
      "quarter": "Q2 2016",
      "income status": {
        "Net sales": 111287,
        "Cost of goods sold": 88035,
        "Gross Profit": 23252,
        "Financial expenses": 525,
        "Of which: Interest expense": 183,
        "Cost of sales": 15366,
        "Enterprise cost management": 7163,
        "Total Operating Expenses": 23054,
        "Total revenue financing activities": 183,
        "Net profit from business activities": 382,
        "Profit": 168,
        "Profit before tax": 550,
        "Present corporate income tax expenses": 59,
        "Deferred income taxes expenses": "N/A",
        "The interests of minority shareholders": "N/A",
        "Total Cost of profits": 59,
        "Profit after tax corporate income": 491,
        "Volume": 5000000,
        "Close of Quarter": 31.3,
        "EPS": 2644,
        "Non-adjusted EPS": 2644,
        "PE": 11.8,
        "Book Price": 22.8
      }
    },
    {
      "quarter": "Q1 2016",
      "income status": {
        "Net sales": 82203,
        "Cost of goods sold": 61808,
        "Gross Profit": 20395,
        "Financial expenses": 59,
        "Of which: Interest expense": 134,
        "Cost of sales": 11871,
        "Enterprise cost management": 7204,
        "Total Operating Expenses": 19134,
        "Total revenue financing activities": 144,
        "Net profit from business activities": 1406,
        "Profit": 284,
        "Profit before tax": 1690,
        "Present corporate income tax expenses": 658,
        "Deferred income taxes expenses": "N/A",
        "The interests of minority shareholders": "N/A",
        "Total Cost of profits": 658,
        "Profit after tax corporate income": 1032,
        "Volume": 5000000,
        "Close of Quarter": 22.5,
        "EPS": 2730,
        "Non-adjusted EPS": 2730,
        "PE": 8.2,
        "Book Price": 24.4
      }
    },
    {
      "quarter": "Q4 2015",
      "income status": {
        "Net sales": 111602,
        "Cost of goods sold": 76093,
        "Gross Profit": 35509,
        "Financial expenses": 883,
        "Of which: Interest expense": 162,
        "Cost of sales": 15186,
        "Enterprise cost management": 12636,
        "Total Operating Expenses": 28705,
        "Total revenue financing activities": 204,
        "Net profit from business activities": 7008,
        "Profit": 520,
        "Profit before tax": 7528,
        "Present corporate income tax expenses": 1740,
        "Deferred income taxes expenses": "N/A",
        "The interests of minority shareholders": "N/A",
        "Total Cost of profits": 1740,
        "Profit after tax corporate income": 5788,
        "Volume": 5000000,
        "Close of Quarter": 23.7,
        "EPS": 2821,
        "Non-adjusted EPS": 2821,
        "PE": 8.4,
        "Book Price": 24.1
      }
    },
    {
      "quarter": "Q3 2015",
      "income status": {
        "Net sales": 120355,
        "Cost of goods sold": 90562,
        "Gross Profit": 29793,
        "Financial expenses": 342,
        "Of which: Interest expense": 182,
        "Cost of sales": 15296,
        "Enterprise cost management": 9465,
        "Total Operating Expenses": 25103,
        "Total revenue financing activities": 261,
        "Net profit from business activities": 4951,
        "Profit": 3593,
        "Profit before tax": 8544,
        "Present corporate income tax expenses": 2636,
        "Deferred income taxes expenses": "N/A",
        "The interests of minority shareholders": "N/A",
        "Total Cost of profits": 2636,
        "Profit after tax corporate income": 5908,
        "Volume": 5000000,
        "Close of Quarter": 23.3,
        "EPS": 1786,
        "Non-adjusted EPS": 1786,
        "PE": 13.1,
        "Book Price": 23.1
      }
    },
    {
      "quarter": "Q2 2015",
      "income status": {
        "Net sales": 100313,
        "Cost of goods sold": 79822,
        "Gross Profit": 20491,
        "Financial expenses": 165,
        "Of which: Interest expense": 168,
        "Cost of sales": 11717,
        "Enterprise cost management": 7608,
        "Total Operating Expenses": 19490,
        "Total revenue financing activities": 404,
        "Net profit from business activities": 1405,
        "Profit": 76,
        "Profit before tax": 1481,
        "Present corporate income tax expenses": 560,
        "Deferred income taxes expenses": "N/A",
        "The interests of minority shareholders": "N/A",
        "Total Cost of profits": 560,
        "Profit after tax corporate income": 921,
        "Volume": 5000000,
        "Close of Quarter": 36.1,
        "EPS": 1724,
        "Non-adjusted EPS": 1724,
        "PE": 20.9,
        "Book Price": 21.9
      }
    },
    {
      "quarter": "Q1 2015",
      "income status": {
        "Net sales": 99316,
        "Cost of goods sold": 77964,
        "Gross Profit": 21352,
        "Financial expenses": 152,
        "Of which: Interest expense": 53,
        "Cost of sales": 12570,
        "Enterprise cost management": 6866,
        "Total Operating Expenses": 19588,
        "Total revenue financing activities": 101,
        "Net profit from business activities": 1865,
        "Profit": 27,
        "Profit before tax": 1892,
        "Present corporate income tax expenses": 403,
        "Deferred income taxes expenses": "N/A",
        "The interests of minority shareholders": "N/A",
        "Total Cost of profits": 403,
        "Profit after tax corporate income": 1489,
        "Volume": 5000000,
        "Close of Quarter": 25.5,
        "EPS": 3040,
        "Non-adjusted EPS": 3040,
        "PE": 8.4,
        "Book Price": 23.4
      }
    },
    {
      "quarter": "Q4 2014",
      "income status": {
        "Net sales": 105932,
        "Cost of goods sold": 78579,
        "Gross Profit": 27352,
        "Financial expenses": -14,
        "Of which: Interest expense": 47,
        "Cost of sales": 15203,
        "Enterprise cost management": 10596,
        "Total Operating Expenses": 25785,
        "Total revenue financing activities": 219,
        "Net profit from business activities": 1786,
        "Profit": -201,
        "Profit before tax": 1585,
        "Present corporate income tax expenses": 975,
        "Deferred income taxes expenses": "N/A",
        "The interests of minority shareholders": "N/A",
        "Total Cost of profits": 975,
        "Profit after tax corporate income": 610,
        "Volume": 5000000,
        "Close of Quarter": 20.9,
        "EPS": 3675,
        "Non-adjusted EPS": 3675,
        "PE": 5.7,
        "Book Price": 23.3
      }
    },
    {
      "quarter": "Q3 2014",
      "income status": {
        "Net sales": 105580,
        "Cost of goods sold": 77444,
        "Gross Profit": 28136,
        "Financial expenses": 121,
        "Of which: Interest expense": 19,
        "Cost of sales": 11493,
        "Enterprise cost management": 9824,
        "Total Operating Expenses": 21438,
        "Total revenue financing activities": 193,
        "Net profit from business activities": 6892,
        "Profit": 338,
        "Profit before tax": 7230,
        "Present corporate income tax expenses": 1632,
        "Deferred income taxes expenses": "N/A",
        "The interests of minority shareholders": "N/A",
        "Total Cost of profits": 1632,
        "Profit after tax corporate income": 5598,
        "Volume": 5000000,
        "Close of Quarter": 19.6,
        "EPS": 4763,
        "Non-adjusted EPS": 4763,
        "PE": 4.1,
        "Book Price": 23.1
      }
    },
    {
      "quarter": "Q2 2014",
      "income status": {
        "Net sales": 120591,
        "Cost of goods sold": 90757,
        "Gross Profit": 29834,
        "Financial expenses": -242,
        "Of which: Interest expense": 247,
        "Cost of sales": 11053,
        "Enterprise cost management": 8878,
        "Total Operating Expenses": 19689,
        "Total revenue financing activities": 167,
        "Net profit from business activities": 10312,
        "Profit": -223,
        "Profit before tax": 10089,
        "Present corporate income tax expenses": 2588,
        "Deferred income taxes expenses": "N/A",
        "The interests of minority shareholders": "N/A",
        "Total Cost of profits": 2588,
        "Profit after tax corporate income": 7501,
        "Volume": 5000000,
        "Close of Quarter": 29.4,
        "EPS": 4751,
        "Non-adjusted EPS": 4751,
        "PE": 6.2,
        "Book Price": 22
      }
    },
    {
      "quarter": "Q1 2014",
      "income status": {
        "Net sales": 75190,
        "Cost of goods sold": 47975,
        "Gross Profit": 27215,
        "Financial expenses": 309,
        "Of which: Interest expense": 304,
        "Cost of sales": 12011,
        "Enterprise cost management": 9724,
        "Total Operating Expenses": 22044,
        "Total revenue financing activities": 20,
        "Net profit from business activities": 5190,
        "Profit": 42,
        "Profit before tax": 5232,
        "Present corporate income tax expenses": 569,
        "Deferred income taxes expenses": "N/A",
        "The interests of minority shareholders": "N/A",
        "Total Cost of profits": 569,
        "Profit after tax corporate income": 4664,
        "Volume": 5000000,
        "Close of Quarter": 21.1,
        "EPS": 3325,
        "Non-adjusted EPS": 3325,
        "PE": 6.4,
        "Book Price": 22.3
      }
    },
    {
      "quarter": "Q4 2013",
      "income status": {
        "Net sales": 84971,
        "Cost of goods sold": 55342,
        "Gross Profit": 29629,
        "Financial expenses": 378,
        "Of which: Interest expense": 154,
        "Cost of sales": 10055,
        "Enterprise cost management": 9656,
        "Total Operating Expenses": 20089,
        "Total revenue financing activities": 130,
        "Net profit from business activities": 9670,
        "Profit": -351,
        "Profit before tax": 9318,
        "Present corporate income tax expenses": 3269,
        "Deferred income taxes expenses": "N/A",
        "The interests of minority shareholders": "N/A",
        "Total Cost of profits": 3269,
        "Profit after tax corporate income": 6050,
        "Volume": 5000000,
        "Close of Quarter": 16.9,
        "EPS": 2519,
        "Non-adjusted EPS": 2519,
        "PE": 6.7,
        "Book Price": 21.3
      }
    },
    {
      "quarter": "Q3 2013",
      "income status": {
        "Net sales": 79750,
        "Cost of goods sold": 49817,
        "Gross Profit": 29932,
        "Financial expenses": 194,
        "Of which: Interest expense": 91,
        "Cost of sales": 11323,
        "Enterprise cost management": 10232,
        "Total Operating Expenses": 21749,
        "Total revenue financing activities": 23,
        "Net profit from business activities": 8206,
        "Profit": -233,
        "Profit before tax": 7973,
        "Present corporate income tax expenses": 2433,
        "Deferred income taxes expenses": "N/A",
        "The interests of minority shareholders": "N/A",
        "Total Cost of profits": 2433,
        "Profit after tax corporate income": 5540,
        "Volume": 5000000,
        "Close of Quarter": 23.7,
        "EPS": 1784,
        "Non-adjusted EPS": 1784,
        "PE": 13.3,
        "Book Price": 20.1
      }
    },
    {
      "quarter": "Q2 2013",
      "income status": {
        "Net sales": 115467,
        "Cost of goods sold": 88109,
        "Gross Profit": 27358,
        "Financial expenses": 1999,
        "Of which: Interest expense": 799,
        "Cost of sales": 13429,
        "Enterprise cost management": 11637,
        "Total Operating Expenses": 27065,
        "Total revenue financing activities": 116,
        "Net profit from business activities": 410,
        "Profit": 308,
        "Profit before tax": 718,
        "Present corporate income tax expenses": 348,
        "Deferred income taxes expenses": "N/A",
        "The interests of minority shareholders": "N/A",
        "Total Cost of profits": 348,
        "Profit after tax corporate income": 370,
        "Volume": 5000000,
        "Close of Quarter": 22.2,
        "EPS": 1061,
        "Non-adjusted EPS": 1061,
        "PE": 20.9,
        "Book Price": 19
      }
    },
    {
      "quarter": "Q1 2013",
      "income status": {
        "Net sales": 201996,
        "Cost of goods sold": 171438,
        "Gross Profit": 30558,
        "Financial expenses": 1954,
        "Of which: Interest expense": 1859,
        "Cost of sales": 16051,
        "Enterprise cost management": 11791,
        "Total Operating Expenses": 29796,
        "Total revenue financing activities": 42,
        "Net profit from business activities": 804,
        "Profit": 324,
        "Profit before tax": 1127,
        "Present corporate income tax expenses": 491,
        "Deferred income taxes expenses": "N/A",
        "The interests of minority shareholders": "N/A",
        "Total Cost of profits": 491,
        "Profit after tax corporate income": 636,
        "Volume": 5000000,
        "Close of Quarter": 24.5,
        "EPS": 1205,
        "Non-adjusted EPS": 1205,
        "PE": 20.4,
        "Book Price": 20.5
      }
    },
    {
      "quarter": "Q4 2012",
      "income status": {
        "Net sales": 194836,
        "Cost of goods sold": 167243,
        "Gross Profit": 27593,
        "Financial expenses": 2447,
        "Of which: Interest expense": 2638,
        "Cost of sales": 12964,
        "Enterprise cost management": 9200,
        "Total Operating Expenses": 24611,
        "Total revenue financing activities": 122,
        "Net profit from business activities": 3104,
        "Profit": 76,
        "Profit before tax": 3180,
        "Present corporate income tax expenses": 806,
        "Deferred income taxes expenses": "N/A",
        "The interests of minority shareholders": "N/A",
        "Total Cost of profits": 806,
        "Profit after tax corporate income": 2375,
        "Volume": 5000000,
        "Close of Quarter": 17.7,
        "EPS": 2260,
        "Non-adjusted EPS": 2260,
        "PE": 7.8,
        "Book Price": 20
      }
    },
    {
      "quarter": "Q3 2012",
      "income status": {
        "Net sales": 156215,
        "Cost of goods sold": 131227,
        "Gross Profit": 24989,
        "Financial expenses": 2691,
        "Of which: Interest expense": 2447,
        "Cost of sales": 11341,
        "Enterprise cost management": 9506,
        "Total Operating Expenses": 23538,
        "Total revenue financing activities": 30,
        "Net profit from business activities": 1481,
        "Profit": 35,
        "Profit before tax": 1516,
        "Present corporate income tax expenses": -409,
        "Deferred income taxes expenses": "N/A",
        "The interests of minority shareholders": "N/A",
        "Total Cost of profits": -409,
        "Profit after tax corporate income": 1925,
        "Volume": 5000000,
        "Close of Quarter": 18.4,
        "EPS": 5092,
        "Non-adjusted EPS": 5092,
        "PE": 3.6,
        "Book Price": 19.6
      }
    },
    {
      "quarter": "Q2 2012",
      "income status": {
        "Net sales": 149718,
        "Cost of goods sold": 122658,
        "Gross Profit": 27060,
        "Financial expenses": 2541,
        "Of which: Interest expense": 2859,
        "Cost of sales": 12767,
        "Enterprise cost management": 10043,
        "Total Operating Expenses": 25351,
        "Total revenue financing activities": 98,
        "Net profit from business activities": 1807,
        "Profit": 279,
        "Profit before tax": 2086,
        "Present corporate income tax expenses": 999,
        "Deferred income taxes expenses": "N/A",
        "The interests of minority shareholders": "N/A",
        "Total Cost of profits": 999,
        "Profit after tax corporate income": 1087,
        "Volume": 5000000,
        "Close of Quarter": 25.4,
        "EPS": 5907,
        "Non-adjusted EPS": 5907,
        "PE": 4.3,
        "Book Price": 19.2
      }
    },
    {
      "quarter": "Q1 2012",
      "income status": {
        "Net sales": 172110,
        "Cost of goods sold": 138049,
        "Gross Profit": 34061,
        "Financial expenses": 3242,
        "Of which: Interest expense": 3241,
        "Cost of sales": 13807,
        "Enterprise cost management": 8657,
        "Total Operating Expenses": 25706,
        "Total revenue financing activities": 80,
        "Net profit from business activities": 8434,
        "Profit": -356,
        "Profit before tax": 8078,
        "Present corporate income tax expenses": 2163,
        "Deferred income taxes expenses": "N/A",
        "The interests of minority shareholders": "N/A",
        "Total Cost of profits": 2163,
        "Profit after tax corporate income": 5915,
        "Volume": 5000000,
        "Close of Quarter": 23.0,
        "EPS": 6711,
        "Non-adjusted EPS": 6711,
        "PE": 3.4,
        "Book Price": 24.2
      }
    },
    {
      "quarter": "Q4 2011",
      "income status": {
        "Net sales": 240774,
        "Cost of goods sold": 201837,
        "Gross Profit": 38938,
        "Financial expenses": 4267,
        "Of which: Interest expense": 4409,
        "Cost of sales": 9374,
        "Enterprise cost management": 6515,
        "Total Operating Expenses": 20156,
        "Total revenue financing activities": 190,
        "Net profit from business activities": 18972,
        "Profit": -47,
        "Profit before tax": 18925,
        "Present corporate income tax expenses": 2394,
        "Deferred income taxes expenses": "N/A",
        "The interests of minority shareholders": "N/A",
        "Total Cost of profits": 2394,
        "Profit after tax corporate income": 16531,
        "Volume": 5000000,
        "Close of Quarter": 18,
        "EPS": 6447,
        "Non-adjusted EPS": 6447,
        "PE": 2.8,
        "Book Price": 23
      }
    },
    {
      "quarter": "Q3 2011",
      "income status": {
        "Net sales": 220855,
        "Cost of goods sold": 183708,
        "Gross Profit": 37147,
        "Financial expenses": 4006,
        "Of which: Interest expense": 3666,
        "Cost of sales": 14146,
        "Enterprise cost management": 10877,
        "Total Operating Expenses": 29029,
        "Total revenue financing activities": 150,
        "Net profit from business activities": 8269,
        "Profit": -194,
        "Profit before tax": 21131,
        "Present corporate income tax expenses": 2071,
        "Deferred income taxes expenses": "N/A",
        "The interests of minority shareholders": "N/A",
        "Total Cost of profits": 2071,
        "Profit after tax corporate income": 6004,
        "Volume": 5000000,
        "Close of Quarter": 16.9,
        "EPS": 4299,
        "Non-adjusted EPS": 4299,
        "PE": 3.9,
        "Book Price": 19.7
      }
    },
    {
      "quarter": "Q2 2011",
      "income status": {
        "Net sales": 205530,
        "Cost of goods sold": 171187,
        "Gross Profit": 34344,
        "Financial expenses": 3607,
        "Of which: Interest expense": 2585,
        "Cost of sales": 14773,
        "Enterprise cost management": 9617,
        "Total Operating Expenses": 27997,
        "Total revenue financing activities": 413,
        "Net profit from business activities": 6760,
        "Profit": 30,
        "Profit before tax": 6790,
        "Present corporate income tax expenses": 1687,
        "Deferred income taxes expenses": "N/A",
        "The interests of minority shareholders": "N/A",
        "Total Cost of profits": 1687,
        "Profit after tax corporate income": 5103,
        "Volume": 5000000,
        "Close of Quarter": 14.0,
        "EPS": 3817,
        "Non-adjusted EPS": 3817,
        "PE": 3.7,
        "Book Price": 20
      }
    },
    {
      "quarter": "Q1 2011",
      "income status": {
        "Net sales": 159963,
        "Cost of goods sold": 126452,
        "Gross Profit": 33511,
        "Financial expenses": 2659,
        "Of which: Interest expense": 2088,
        "Cost of sales": 12860,
        "Enterprise cost management": 11656,
        "Total Operating Expenses": 27175,
        "Total revenue financing activities": 227,
        "Net profit from business activities": 6563,
        "Profit": -297,
        "Profit before tax": 6266,
        "Present corporate income tax expenses": 1669,
        "Deferred income taxes expenses": "N/A",
        "The interests of minority shareholders": "N/A",
        "Total Cost of profits": 1669,
        "Profit after tax corporate income": 4597,
        "Volume": 5000000,
        "Close of Quarter": 16.7,
        "EPS": 3350,
        "Non-adjusted EPS": 3350,
        "PE": 5.0,
        "Book Price": 19.7
      }
    }
  ]
}