{
  "ticker": "HMH",
  "data": [
    {
      "quarter": "Q4 2016",
      "income status": {
        "Net sales": 31554,
        "Cost of goods sold": 26380,
        "Gross Profit": 5174,
        "Financial expenses": 86,
        "Of which: Interest expense": "N/A",
        "Cost of sales": "N/A",
        "Enterprise cost management": 2497,
        "Total Operating Expenses": 2583,
        "Total revenue financing activities": 5457,
        "Net profit from business activities": 11059,
        "Profit": -62,
        "Profit before tax": 10998,
        "Present corporate income tax expenses": 1637,
        "Deferred income taxes expenses": 3,
        "The interests of minority shareholders": "N/A",
        "Total Cost of profits": 1640,
        "Profit after tax corporate income": 9358,
        "Volume": 13168131,
        "Close of Quarter": 12.5,
        "EPS": 2325,
        "Non-adjusted EPS": 2325,
        "PE": 5.4,
        "Book Price": 20.1
      }
    },
    {
      "quarter": "Q3 2016",
      "income status": {
        "Net sales": 26635,
        "Cost of goods sold": 23076,
        "Gross Profit": 3559,
        "Financial expenses": 129,
        "Of which: Interest expense": "N/A",
        "Cost of sales": "N/A",
        "Enterprise cost management": 2449,
        "Total Operating Expenses": 2578,
        "Total revenue financing activities": 4161,
        "Net profit from business activities": 8679,
        "Profit": 1380,
        "Profit before tax": 10059,
        "Present corporate income tax expenses": 1370,
        "Deferred income taxes expenses": 3,
        "The interests of minority shareholders": -5,
        "Total Cost of profits": 1368,
        "Profit after tax corporate income": 8691,
        "Volume": 13168131,
        "Close of Quarter": 13.0,
        "EPS": 2286,
        "Non-adjusted EPS": 2286,
        "PE": 5.7,
        "Book Price": 20.6
      }
    },
    {
      "quarter": "Q2 2016",
      "income status": {
        "Net sales": 23562,
        "Cost of goods sold": 18056,
        "Gross Profit": 5506,
        "Financial expenses": 39,
        "Of which: Interest expense": "N/A",
        "Cost of sales": "N/A",
        "Enterprise cost management": 2460,
        "Total Operating Expenses": 2499,
        "Total revenue financing activities": 1240,
        "Net profit from business activities": 7324,
        "Profit": 231,
        "Profit before tax": 7555,
        "Present corporate income tax expenses": 737,
        "Deferred income taxes expenses": -59,
        "The interests of minority shareholders": 37,
        "Total Cost of profits": 715,
        "Profit after tax corporate income": 6840,
        "Volume": 13168131,
        "Close of Quarter": 13.7,
        "EPS": 2432,
        "Non-adjusted EPS": 2432,
        "PE": 5.6,
        "Book Price": 20
      }
    },
    {
      "quarter": "Q1 2016",
      "income status": {
        "Net sales": 25857,
        "Cost of goods sold": 20030,
        "Gross Profit": 5827,
        "Financial expenses": 13,
        "Of which: Interest expense": "N/A",
        "Cost of sales": "N/A",
        "Enterprise cost management": 2467,
        "Total Operating Expenses": 2480,
        "Total revenue financing activities": 282,
        "Net profit from business activities": 6299,
        "Profit": 279,
        "Profit before tax": 6578,
        "Present corporate income tax expenses": 907,
        "Deferred income taxes expenses": -84,
        "The interests of minority shareholders": 33,
        "Total Cost of profits": 856,
        "Profit after tax corporate income": 5722,
        "Volume": 13168131,
        "Close of Quarter": 13.4,
        "EPS": 2464,
        "Non-adjusted EPS": 2464,
        "PE": 5.5,
        "Book Price": 19.8
      }
    },
    {
      "quarter": "Q4 2015",
      "income status": {
        "Net sales": 34616,
        "Cost of goods sold": 27922,
        "Gross Profit": 6694,
        "Financial expenses": 22,
        "Of which: Interest expense": "N/A",
        "Cost of sales": "N/A",
        "Enterprise cost management": 2420,
        "Total Operating Expenses": 2442,
        "Total revenue financing activities": 1659,
        "Net profit from business activities": 9995,
        "Profit": 10,
        "Profit before tax": 10005,
        "Present corporate income tax expenses": 1131,
        "Deferred income taxes expenses": "N/A",
        "The interests of minority shareholders": 24,
        "Total Cost of profits": 1155,
        "Profit after tax corporate income": 8849,
        "Volume": 9968284,
        "Close of Quarter": 13.3,
        "EPS": 2540.5,
        "Non-adjusted EPS": 3356,
        "PE": 4.0,
        "Book Price": 19.5
      }
    },
    {
      "quarter": "Q3 2015",
      "income status": {
        "Net sales": 32180,
        "Cost of goods sold": 25567,
        "Gross Profit": 6613,
        "Financial expenses": 104,
        "Of which: Interest expense": "N/A",
        "Cost of sales": "N/A",
        "Enterprise cost management": 2006,
        "Total Operating Expenses": 2110,
        "Total revenue financing activities": 1373,
        "Net profit from business activities": 10908,
        "Profit": 1361,
        "Profit before tax": 12269,
        "Present corporate income tax expenses": 1618,
        "Deferred income taxes expenses": "N/A",
        "The interests of minority shareholders": 36,
        "Total Cost of profits": 1654,
        "Profit after tax corporate income": 10614,
        "Volume": 9968284,
        "Close of Quarter": 13.7,
        "EPS": 2492.1,
        "Non-adjusted EPS": 3292,
        "PE": 4.2,
        "Book Price": 17.6
      }
    },
    {
      "quarter": "Q2 2015",
      "income status": {
        "Net sales": 36629,
        "Cost of goods sold": 29081,
        "Gross Profit": 7549,
        "Financial expenses": 50,
        "Of which: Interest expense": "N/A",
        "Cost of sales": "N/A",
        "Enterprise cost management": 2233,
        "Total Operating Expenses": 2283,
        "Total revenue financing activities": 863,
        "Net profit from business activities": 8475,
        "Profit": 38,
        "Profit before tax": 8514,
        "Present corporate income tax expenses": 1285,
        "Deferred income taxes expenses": -53,
        "The interests of minority shareholders": 25,
        "Total Cost of profits": 1257,
        "Profit after tax corporate income": 7257,
        "Volume": 9968284,
        "Close of Quarter": 14.9,
        "EPS": 2277.8,
        "Non-adjusted EPS": 3009,
        "PE": 5.0,
        "Book Price": 16.8
      }
    },
    {
      "quarter": "Q1 2015",
      "income status": {
        "Net sales": 32390,
        "Cost of goods sold": 26148,
        "Gross Profit": 6242,
        "Financial expenses": 26,
        "Of which: Interest expense": "N/A",
        "Cost of sales": "N/A",
        "Enterprise cost management": 2214,
        "Total Operating Expenses": 2240,
        "Total revenue financing activities": 83,
        "Net profit from business activities": 7757,
        "Profit": "N/A",
        "Profit before tax": 7757,
        "Present corporate income tax expenses": 984,
        "Deferred income taxes expenses": "N/A",
        "The interests of minority shareholders": 37,
        "Total Cost of profits": 1021,
        "Profit after tax corporate income": 6736,
        "Volume": 9968284,
        "Close of Quarter": 17.0,
        "EPS": 2782.0,
        "Non-adjusted EPS": 3675,
        "PE": 4.6,
        "Book Price": 17.0
      }
    },
    {
      "quarter": "Q4 2014",
      "income status": {
        "Net sales": 31546,
        "Cost of goods sold": 25357,
        "Gross Profit": 6189,
        "Financial expenses": "N/A",
        "Of which: Interest expense": "N/A",
        "Cost of sales": "N/A",
        "Enterprise cost management": 2595,
        "Total Operating Expenses": 2595,
        "Total revenue financing activities": 1472,
        "Net profit from business activities": 8850,
        "Profit": 390,
        "Profit before tax": 9240,
        "Present corporate income tax expenses": 988,
        "Deferred income taxes expenses": "N/A",
        "The interests of minority shareholders": 39,
        "Total Cost of profits": 1027,
        "Profit after tax corporate income": 8213,
        "Volume": 9968284,
        "Close of Quarter": 18.3,
        "EPS": 3130.2,
        "Non-adjusted EPS": 4135,
        "PE": 4.4,
        "Book Price": 16.7
      }
    },
    {
      "quarter": "Q3 2014",
      "income status": {
        "Net sales": 37689,
        "Cost of goods sold": 30904,
        "Gross Profit": 6785,
        "Financial expenses": 169,
        "Of which: Interest expense": "N/A",
        "Cost of sales": "N/A",
        "Enterprise cost management": 2435,
        "Total Operating Expenses": 2604,
        "Total revenue financing activities": 777,
        "Net profit from business activities": 8935,
        "Profit": 28,
        "Profit before tax": 8963,
        "Present corporate income tax expenses": 1132,
        "Deferred income taxes expenses": "N/A",
        "The interests of minority shareholders": 40,
        "Total Cost of profits": 1172,
        "Profit after tax corporate income": 7791,
        "Volume": 9784900,
        "Close of Quarter": 16.4,
        "EPS": 3255.4,
        "Non-adjusted EPS": 4381,
        "PE": 3.7,
        "Book Price": 16.4
      }
    },
    {
      "quarter": "Q2 2014",
      "income status": {
        "Net sales": 18916,
        "Cost of goods sold": 11433,
        "Gross Profit": 7483,
        "Financial expenses": -70,
        "Of which: Interest expense": -88,
        "Cost of sales": "N/A",
        "Enterprise cost management": 2357,
        "Total Operating Expenses": 2287,
        "Total revenue financing activities": 810,
        "Net profit from business activities": 9301,
        "Profit": 7767,
        "Profit before tax": 17068,
        "Present corporate income tax expenses": 3120,
        "Deferred income taxes expenses": "N/A",
        "The interests of minority shareholders": 56,
        "Total Cost of profits": 3176,
        "Profit after tax corporate income": 13892,
        "Volume": 9784900,
        "Close of Quarter": 12.5,
        "EPS": 3424.8,
        "Non-adjusted EPS": 4609,
        "PE": 2.7,
        "Book Price": 15.8
      }
    },
    {
      "quarter": "Q1 2014",
      "income status": {
        "Net sales": 23532,
        "Cost of goods sold": 17600,
        "Gross Profit": 5932,
        "Financial expenses": 94,
        "Of which: Interest expense": 89,
        "Cost of sales": "N/A",
        "Enterprise cost management": 2129,
        "Total Operating Expenses": 2223,
        "Total revenue financing activities": 656,
        "Net profit from business activities": 9135,
        "Profit": 4013,
        "Profit before tax": 13148,
        "Present corporate income tax expenses": 1779,
        "Deferred income taxes expenses": "N/A",
        "The interests of minority shareholders": 51,
        "Total Cost of profits": 1830,
        "Profit after tax corporate income": 11318,
        "Volume": 9784900,
        "Close of Quarter": 14.7,
        "EPS": 3166.2,
        "Non-adjusted EPS": 4261,
        "PE": 3.5,
        "Book Price": 17.3
      }
    },
    {
      "quarter": "Q4 2013",
      "income status": {
        "Net sales": 23365,
        "Cost of goods sold": 17447,
        "Gross Profit": 5918,
        "Financial expenses": 2,
        "Of which: Interest expense": "N/A",
        "Cost of sales": "N/A",
        "Enterprise cost management": 2661,
        "Total Operating Expenses": 2663,
        "Total revenue financing activities": 612,
        "Net profit from business activities": 3867,
        "Profit": 301,
        "Profit before tax": 10961,
        "Present corporate income tax expenses": 1031,
        "Deferred income taxes expenses": "N/A",
        "The interests of minority shareholders": 61,
        "Total Cost of profits": 1092,
        "Profit after tax corporate income": 9869,
        "Volume": 9784900,
        "Close of Quarter": 12.0,
        "EPS": 2977.5,
        "Non-adjusted EPS": 4007,
        "PE": 3,
        "Book Price": 16.4
      }
    },
    {
      "quarter": "Q3 2013",
      "income status": {
        "Net sales": 23573,
        "Cost of goods sold": 16502,
        "Gross Profit": 7071,
        "Financial expenses": 72,
        "Of which: Interest expense": "N/A",
        "Cost of sales": "N/A",
        "Enterprise cost management": 2404,
        "Total Operating Expenses": 2476,
        "Total revenue financing activities": 476,
        "Net profit from business activities": 5072,
        "Profit": 90,
        "Profit before tax": 11199,
        "Present corporate income tax expenses": 1164,
        "Deferred income taxes expenses": "N/A",
        "The interests of minority shareholders": 18,
        "Total Cost of profits": 1182,
        "Profit after tax corporate income": 10016,
        "Volume": 9784900,
        "Close of Quarter": 10.0,
        "EPS": 3035.5,
        "Non-adjusted EPS": 4085,
        "PE": 2.4,
        "Book Price": 15.7
      }
    },
    {
      "quarter": "Q2 2013",
      "income status": {
        "Net sales": 31988,
        "Cost of goods sold": 22741,
        "Gross Profit": 9247,
        "Financial expenses": 3,
        "Of which: Interest expense": "N/A",
        "Cost of sales": "N/A",
        "Enterprise cost management": 2824,
        "Total Operating Expenses": 2827,
        "Total revenue financing activities": 476,
        "Net profit from business activities": 6896,
        "Profit": 335,
        "Profit before tax": 12540,
        "Present corporate income tax expenses": 2000,
        "Deferred income taxes expenses": "N/A",
        "The interests of minority shareholders": 46,
        "Total Cost of profits": 2046,
        "Profit after tax corporate income": 10493,
        "Volume": 9784900,
        "Close of Quarter": 9.4,
        "EPS": 3152.9,
        "Non-adjusted EPS": 4243,
        "PE": 2.2,
        "Book Price": 14.9
      }
    },
    {
      "quarter": "Q1 2013",
      "income status": {
        "Net sales": 27007,
        "Cost of goods sold": 19545,
        "Gross Profit": 7462,
        "Financial expenses": 27,
        "Of which: Interest expense": "N/A",
        "Cost of sales": "N/A",
        "Enterprise cost management": 2391,
        "Total Operating Expenses": 2418,
        "Total revenue financing activities": 962,
        "Net profit from business activities": 6006,
        "Profit": 226,
        "Profit before tax": 10373,
        "Present corporate income tax expenses": 1502,
        "Deferred income taxes expenses": "N/A",
        "The interests of minority shareholders": 44,
        "Total Cost of profits": 1546,
        "Profit after tax corporate income": 8827,
        "Volume": 9784900,
        "Close of Quarter": 9.1,
        "EPS": 3158.1,
        "Non-adjusted EPS": 4250,
        "PE": 2.1,
        "Book Price": 14.6
      }
    },
    {
      "quarter": "Q4 2012",
      "income status": {
        "Net sales": 25508,
        "Cost of goods sold": 18119,
        "Gross Profit": 7389,
        "Financial expenses": 2,
        "Of which: Interest expense": "N/A",
        "Cost of sales": "N/A",
        "Enterprise cost management": 3004,
        "Total Operating Expenses": 3006,
        "Total revenue financing activities": 1204,
        "Net profit from business activities": 5587,
        "Profit": 711,
        "Profit before tax": 12007,
        "Present corporate income tax expenses": 1138,
        "Deferred income taxes expenses": "N/A",
        "The interests of minority shareholders": 230,
        "Total Cost of profits": 1368,
        "Profit after tax corporate income": 10639,
        "Volume": 7142396,
        "Close of Quarter": 7.4,
        "EPS": 3006.0,
        "Non-adjusted EPS": 5542,
        "PE": 1.3,
        "Book Price": 14.4
      }
    },
    {
      "quarter": "Q3 2012",
      "income status": {
        "Net sales": 33166,
        "Cost of goods sold": 24004,
        "Gross Profit": 9162,
        "Financial expenses": 4,
        "Of which: Interest expense": 3,
        "Cost of sales": "N/A",
        "Enterprise cost management": 3097,
        "Total Operating Expenses": 3101,
        "Total revenue financing activities": 987,
        "Net profit from business activities": 7048,
        "Profit": -2,
        "Profit before tax": 12677,
        "Present corporate income tax expenses": 1079,
        "Deferred income taxes expenses": "N/A",
        "The interests of minority shareholders": 37,
        "Total Cost of profits": 1116,
        "Profit after tax corporate income": 11561,
        "Volume": 7142396,
        "Close of Quarter": 7.2,
        "EPS": 2713.6,
        "Non-adjusted EPS": 5003,
        "PE": 1.4,
        "Book Price": 13.5
      }
    },
    {
      "quarter": "Q2 2012",
      "income status": {
        "Net sales": 38335,
        "Cost of goods sold": 29718,
        "Gross Profit": 8617,
        "Financial expenses": 14,
        "Of which: Interest expense": 8,
        "Cost of sales": "N/A",
        "Enterprise cost management": 2799,
        "Total Operating Expenses": 2813,
        "Total revenue financing activities": 903,
        "Net profit from business activities": 6707,
        "Profit": 142,
        "Profit before tax": 11905,
        "Present corporate income tax expenses": 1220,
        "Deferred income taxes expenses": "N/A",
        "The interests of minority shareholders": 123,
        "Total Cost of profits": 1343,
        "Profit after tax corporate income": 10563,
        "Volume": 6964806,
        "Close of Quarter": 6.2,
        "EPS": 2720.2,
        "Non-adjusted EPS": 5143,
        "PE": 1.2,
        "Book Price": 12.9
      }
    },
    {
      "quarter": "Q1 2012",
      "income status": {
        "Net sales": 24263,
        "Cost of goods sold": 19158,
        "Gross Profit": 5106,
        "Financial expenses": 18,
        "Of which: Interest expense": "N/A",
        "Cost of sales": "N/A",
        "Enterprise cost management": 2653,
        "Total Operating Expenses": 2671,
        "Total revenue financing activities": 1747,
        "Net profit from business activities": 4181,
        "Profit": 105,
        "Profit before tax": 7839,
        "Present corporate income tax expenses": 1039,
        "Deferred income taxes expenses": "N/A",
        "The interests of minority shareholders": -20,
        "Total Cost of profits": 1019,
        "Profit after tax corporate income": 6820,
        "Volume": 6964806,
        "Close of Quarter": 5.6,
        "EPS": 2749.3,
        "Non-adjusted EPS": 5198,
        "PE": 1.1,
        "Book Price": 12.5
      }
    },
    {
      "quarter": "Q4 2011",
      "income status": {
        "Net sales": 27451,
        "Cost of goods sold": 22603,
        "Gross Profit": 4848,
        "Financial expenses": 93,
        "Of which: Interest expense": "N/A",
        "Cost of sales": "N/A",
        "Enterprise cost management": 2845,
        "Total Operating Expenses": 2938,
        "Total revenue financing activities": 2363,
        "Net profit from business activities": 4273,
        "Profit": -109,
        "Profit before tax": 44665,
        "Present corporate income tax expenses": 752,
        "Deferred income taxes expenses": "N/A",
        "The interests of minority shareholders": 95,
        "Total Cost of profits": 847,
        "Profit after tax corporate income": 6790,
        "Volume": 6964806,
        "Close of Quarter": 4.7,
        "EPS": 3025.4,
        "Non-adjusted EPS": 5720,
        "PE": 0.8,
        "Book Price": 12.1
      }
    },
    {
      "quarter": "Q3 2011",
      "income status": {
        "Net sales": 31179,
        "Cost of goods sold": 23810,
        "Gross Profit": 7369,
        "Financial expenses": 55,
        "Of which: Interest expense": 11,
        "Cost of sales": "N/A",
        "Enterprise cost management": 2673,
        "Total Operating Expenses": 2728,
        "Total revenue financing activities": 2114,
        "Net profit from business activities": 6756,
        "Profit": -3,
        "Profit before tax": 37028,
        "Present corporate income tax expenses": 136,
        "Deferred income taxes expenses": "N/A",
        "The interests of minority shareholders": "N/A",
        "Total Cost of profits": 136,
        "Profit after tax corporate income": 11647,
        "Volume": 5223690,
        "Close of Quarter": 4.9,
        "EPS": 3200.5,
        "Non-adjusted EPS": 8068,
        "PE": 0.6,
        "Book Price": 11.8
      }
    },
    {
      "quarter": "Q2 2011",
      "income status": {
        "Net sales": 32413,
        "Cost of goods sold": 24066,
        "Gross Profit": 8347,
        "Financial expenses": 139,
        "Of which: Interest expense": "N/A",
        "Cost of sales": "N/A",
        "Enterprise cost management": 2418,
        "Total Operating Expenses": 2557,
        "Total revenue financing activities": 1281,
        "Net profit from business activities": 7071,
        "Profit": 1015,
        "Profit before tax": 13078,
        "Present corporate income tax expenses": 2053,
        "Deferred income taxes expenses": "N/A",
        "The interests of minority shareholders": 79,
        "Total Cost of profits": 2132,
        "Profit after tax corporate income": 10945,
        "Volume": 5249290,
        "Close of Quarter": 3.8,
        "EPS": 3068.3,
        "Non-adjusted EPS": 7697,
        "PE": 0.5,
        "Book Price": 11.5
      }
    },
    {
      "quarter": "Q1 2011",
      "income status": {
        "Net sales": 25443,
        "Cost of goods sold": 18450,
        "Gross Profit": 6993,
        "Financial expenses": 14,
        "Of which: Interest expense": "N/A",
        "Cost of sales": "N/A",
        "Enterprise cost management": 2500,
        "Total Operating Expenses": 2514,
        "Total revenue financing activities": 1482,
        "Net profit from business activities": 5961,
        "Profit": 170,
        "Profit before tax": 12167,
        "Present corporate income tax expenses": 1578,
        "Deferred income taxes expenses": "N/A",
        "The interests of minority shareholders": 134,
        "Total Cost of profits": 1712,
        "Profit after tax corporate income": 10455,
        "Volume": 5249290,
        "Close of Quarter": 4.1,
        "EPS": 2916.0,
        "Non-adjusted EPS": 7315,
        "PE": 0.6,
        "Book Price": 11.5
      }
    }
  ]
}