{
  "ticker": "PTL",
  "data": [
    {
      "quarter": "Q4 2016",
      "income status": {
        "Net sales": 32334,
        "Cost of goods sold": 28127,
        "Gross Profit": 4207,
        "Financial expenses": 898,
        "Of which: Interest expense": 6699,
        "Cost of sales": 5600,
        "Enterprise cost management": 15240,
        "Total Operating Expenses": 21738,
        "Total revenue financing activities": 1092,
        "Net profit from business activities": -16439,
        "Profit": 53028,
        "Profit before tax": 36588,
        "Present corporate income tax expenses": "N/A",
        "Deferred income taxes expenses": "N/A",
        "The interests of minority shareholders": -128,
        "Total Cost of profits": -128,
        "Profit after tax corporate income": 36716,
        "Volume": 98865080,
        "Close of Quarter": 2.6,
        "EPS": 24,
        "Non-adjusted EPS": 24,
        "PE": 108.3,
        "Book Price": 10.2
      }
    },
    {
      "quarter": "Q3 2016",
      "income status": {
        "Net sales": 10449,
        "Cost of goods sold": 8098,
        "Gross Profit": 2350,
        "Financial expenses": 6414,
        "Of which: Interest expense": 6414,
        "Cost of sales": "N/A",
        "Enterprise cost management": 5084,
        "Total Operating Expenses": 11498,
        "Total revenue financing activities": 912,
        "Net profit from business activities": -8235,
        "Profit": 68,
        "Profit before tax": -8167,
        "Present corporate income tax expenses": "N/A",
        "Deferred income taxes expenses": "N/A",
        "The interests of minority shareholders": 68,
        "Total Cost of profits": 68,
        "Profit after tax corporate income": -8235,
        "Volume": 98865080,
        "Close of Quarter": 2.3,
        "EPS": 130,
        "Non-adjusted EPS": 130,
        "PE": 17.5,
        "Book Price": 9.9
      }
    },
    {
      "quarter": "Q2 2016",
      "income status": {
        "Net sales": 36867,
        "Cost of goods sold": 32655,
        "Gross Profit": 4213,
        "Financial expenses": 10739,
        "Of which: Interest expense": 10739,
        "Cost of sales": 3250,
        "Enterprise cost management": 8766,
        "Total Operating Expenses": 22755,
        "Total revenue financing activities": 1136,
        "Net profit from business activities": -17407,
        "Profit": -209,
        "Profit before tax": -17616,
        "Present corporate income tax expenses": "N/A",
        "Deferred income taxes expenses": "N/A",
        "The interests of minority shareholders": -644,
        "Total Cost of profits": -644,
        "Profit after tax corporate income": -16972,
        "Volume": 98865080,
        "Close of Quarter": 2.3,
        "EPS": 131,
        "Non-adjusted EPS": 131,
        "PE": 17.6,
        "Book Price": 10
      }
    },
    {
      "quarter": "Q1 2016",
      "income status": {
        "Net sales": 12470,
        "Cost of goods sold": 9201,
        "Gross Profit": 3268,
        "Financial expenses": 6777,
        "Of which: Interest expense": 6777,
        "Cost of sales": 63,
        "Enterprise cost management": 7293,
        "Total Operating Expenses": 14133,
        "Total revenue financing activities": 1011,
        "Net profit from business activities": -9853,
        "Profit": 499,
        "Profit before tax": -9354,
        "Present corporate income tax expenses": "N/A",
        "Deferred income taxes expenses": "N/A",
        "The interests of minority shareholders": -197,
        "Total Cost of profits": -197,
        "Profit after tax corporate income": -9157,
        "Volume": 98865080,
        "Close of Quarter": 2.1,
        "EPS": 125,
        "Non-adjusted EPS": 125,
        "PE": 16.8,
        "Book Price": 10.1
      }
    },
    {
      "quarter": "Q4 2015",
      "income status": {
        "Net sales": 460403,
        "Cost of goods sold": 398175,
        "Gross Profit": 62228,
        "Financial expenses": 9953,
        "Of which: Interest expense": 9550,
        "Cost of sales": 10766,
        "Enterprise cost management": -7417,
        "Total Operating Expenses": 13302,
        "Total revenue financing activities": 448,
        "Net profit from business activities": 49375,
        "Profit": 18243,
        "Profit before tax": 67618,
        "Present corporate income tax expenses": 14980,
        "Deferred income taxes expenses": "N/A",
        "The interests of minority shareholders": 5407,
        "Total Cost of profits": 20387,
        "Profit after tax corporate income": 47231,
        "Volume": 98865080,
        "Close of Quarter": 1.7,
        "EPS": 62,
        "Non-adjusted EPS": 62,
        "PE": 27.4,
        "Book Price": 10.3
      }
    },
    {
      "quarter": "Q3 2015",
      "income status": {
        "Net sales": 22706,
        "Cost of goods sold": 17963,
        "Gross Profit": 4742,
        "Financial expenses": 10365,
        "Of which: Interest expense": 10365,
        "Cost of sales": 179,
        "Enterprise cost management": 5562,
        "Total Operating Expenses": 16106,
        "Total revenue financing activities": 988,
        "Net profit from business activities": -10375,
        "Profit": 2209,
        "Profit before tax": -8166,
        "Present corporate income tax expenses": "N/A",
        "Deferred income taxes expenses": "N/A",
        "The interests of minority shareholders": -59,
        "Total Cost of profits": -59,
        "Profit after tax corporate income": -8107,
        "Volume": 98865080,
        "Close of Quarter": 1.7,
        "EPS": -245,
        "Non-adjusted EPS": -245,
        "PE": -6.9,
        "Book Price": 9.8
      }
    },
    {
      "quarter": "Q2 2015",
      "income status": {
        "Net sales": 15948,
        "Cost of goods sold": 17014,
        "Gross Profit": -1066,
        "Financial expenses": 10411,
        "Of which: Interest expense": 10411,
        "Cost of sales": 112,
        "Enterprise cost management": 7482,
        "Total Operating Expenses": 18005,
        "Total revenue financing activities": 616,
        "Net profit from business activities": -18456,
        "Profit": 483,
        "Profit before tax": -17973,
        "Present corporate income tax expenses": "N/A",
        "Deferred income taxes expenses": "N/A",
        "The interests of minority shareholders": -342,
        "Total Cost of profits": -342,
        "Profit after tax corporate income": -17631,
        "Volume": 98865080,
        "Close of Quarter": 2.3,
        "EPS": -161,
        "Non-adjusted EPS": -161,
        "PE": -14.3,
        "Book Price": 9.8
      }
    },
    {
      "quarter": "Q1 2015",
      "income status": {
        "Net sales": 7876,
        "Cost of goods sold": 6665,
        "Gross Profit": 1211,
        "Financial expenses": 10430,
        "Of which: Interest expense": 10430,
        "Cost of sales": "N/A",
        "Enterprise cost management": 10058,
        "Total Operating Expenses": 20488,
        "Total revenue financing activities": 634,
        "Net profit from business activities": -18643,
        "Profit": 3168,
        "Profit before tax": -15475,
        "Present corporate income tax expenses": "N/A",
        "Deferred income taxes expenses": "N/A",
        "The interests of minority shareholders": -103,
        "Total Cost of profits": -103,
        "Profit after tax corporate income": -15372,
        "Volume": 98865080,
        "Close of Quarter": 2.5,
        "EPS": 29,
        "Non-adjusted EPS": 29,
        "PE": 86.2,
        "Book Price": 10
      }
    },
    {
      "quarter": "Q4 2014",
      "income status": {
        "Net sales": 99583,
        "Cost of goods sold": 85910,
        "Gross Profit": 13673,
        "Financial expenses": 11156,
        "Of which: Interest expense": 11156,
        "Cost of sales": 12899,
        "Enterprise cost management": 12431,
        "Total Operating Expenses": 36486,
        "Total revenue financing activities": 609,
        "Net profit from business activities": -22205,
        "Profit": 38814,
        "Profit before tax": 16609,
        "Present corporate income tax expenses": "N/A",
        "Deferred income taxes expenses": "N/A",
        "The interests of minority shareholders": -283,
        "Total Cost of profits": -283,
        "Profit after tax corporate income": 16892,
        "Volume": 98865080,
        "Close of Quarter": 3.1,
        "EPS": 29,
        "Non-adjusted EPS": 29,
        "PE": 106.9,
        "Book Price": 10.2
      }
    },
    {
      "quarter": "Q3 2014",
      "income status": {
        "Net sales": 9679,
        "Cost of goods sold": 7442,
        "Gross Profit": 2237,
        "Financial expenses": 11098,
        "Of which: Interest expense": 11098,
        "Cost of sales": "N/A",
        "Enterprise cost management": 1940,
        "Total Operating Expenses": 13038,
        "Total revenue financing activities": 416,
        "Net profit from business activities": -10385,
        "Profit": 10490,
        "Profit before tax": 105,
        "Present corporate income tax expenses": "N/A",
        "Deferred income taxes expenses": "N/A",
        "The interests of minority shareholders": -138,
        "Total Cost of profits": -138,
        "Profit after tax corporate income": 243,
        "Volume": 98865080,
        "Close of Quarter": 4,
        "EPS": -841,
        "Non-adjusted EPS": -841,
        "PE": -4.8,
        "Book Price": 10
      }
    },
    {
      "quarter": "Q2 2014",
      "income status": {
        "Net sales": 27385,
        "Cost of goods sold": 29940,
        "Gross Profit": -2555,
        "Financial expenses": 11639,
        "Of which: Interest expense": 11997,
        "Cost of sales": 2650,
        "Enterprise cost management": 3807,
        "Total Operating Expenses": 18096,
        "Total revenue financing activities": 796,
        "Net profit from business activities": -19855,
        "Profit": 20750,
        "Profit before tax": 895,
        "Present corporate income tax expenses": "N/A",
        "Deferred income taxes expenses": "N/A",
        "The interests of minority shareholders": -242,
        "Total Cost of profits": -242,
        "Profit after tax corporate income": 1137,
        "Volume": 98865080,
        "Close of Quarter": 3,
        "EPS": -1073,
        "Non-adjusted EPS": -1073,
        "PE": -2.8,
        "Book Price": 10
      }
    },
    {
      "quarter": "Q1 2014",
      "income status": {
        "Net sales": 19733,
        "Cost of goods sold": 16573,
        "Gross Profit": 3160,
        "Financial expenses": 13542,
        "Of which: Interest expense": 13167,
        "Cost of sales": 1261,
        "Enterprise cost management": 4846,
        "Total Operating Expenses": 19649,
        "Total revenue financing activities": 846,
        "Net profit from business activities": -15643,
        "Profit": 209,
        "Profit before tax": -15433,
        "Present corporate income tax expenses": "N/A",
        "Deferred income taxes expenses": "N/A",
        "The interests of minority shareholders": "N/A",
        "Total Cost of profits": 0,
        "Profit after tax corporate income": -15433,
        "Volume": 98865080,
        "Close of Quarter": 4.9,
        "EPS": -1522,
        "Non-adjusted EPS": -1522,
        "PE": -3.2,
        "Book Price": 10
      }
    },
    {
      "quarter": "Q4 2013",
      "income status": {
        "Net sales": 8898,
        "Cost of goods sold": 28176,
        "Gross Profit": -19278,
        "Financial expenses": 14165,
        "Of which: Interest expense": 14491,
        "Cost of sales": 2184,
        "Enterprise cost management": 30745,
        "Total Operating Expenses": 47094,
        "Total revenue financing activities": 235,
        "Net profit from business activities": -66136,
        "Profit": -3202,
        "Profit before tax": -69338,
        "Present corporate income tax expenses": "N/A",
        "Deferred income taxes expenses": "N/A",
        "The interests of minority shareholders": -278,
        "Total Cost of profits": -278,
        "Profit after tax corporate income": -69060,
        "Volume": 98865080,
        "Close of Quarter": 2.9,
        "EPS": -1368,
        "Non-adjusted EPS": -1368,
        "PE": -2.1,
        "Book Price": 8.8
      }
    },
    {
      "quarter": "Q3 2013",
      "income status": {
        "Net sales": 24300,
        "Cost of goods sold": 24088,
        "Gross Profit": 212,
        "Financial expenses": 13704,
        "Of which: Interest expense": 13645,
        "Cost of sales": 4177,
        "Enterprise cost management": 5863,
        "Total Operating Expenses": 23744,
        "Total revenue financing activities": 212,
        "Net profit from business activities": -23319,
        "Profit": 413,
        "Profit before tax": -22906,
        "Present corporate income tax expenses": "N/A",
        "Deferred income taxes expenses": "N/A",
        "The interests of minority shareholders": -162,
        "Total Cost of profits": -162,
        "Profit after tax corporate income": -22744,
        "Volume": 98865080,
        "Close of Quarter": 1.9,
        "EPS": -427,
        "Non-adjusted EPS": -427,
        "PE": -4.5,
        "Book Price": 9.5
      }
    },
    {
      "quarter": "Q2 2013",
      "income status": {
        "Net sales": 5371,
        "Cost of goods sold": 9434,
        "Gross Profit": -4063,
        "Financial expenses": 19019,
        "Of which: Interest expense": 18990,
        "Cost of sales": 3040,
        "Enterprise cost management": 6746,
        "Total Operating Expenses": 28805,
        "Total revenue financing activities": 1604,
        "Net profit from business activities": -31264,
        "Profit": -12301,
        "Profit before tax": -43566,
        "Present corporate income tax expenses": -196,
        "Deferred income taxes expenses": "N/A",
        "The interests of minority shareholders": -130,
        "Total Cost of profits": -326,
        "Profit after tax corporate income": -43240,
        "Volume": 98865080,
        "Close of Quarter": 2.7,
        "EPS": -190,
        "Non-adjusted EPS": -190,
        "PE": -14.2,
        "Book Price": 9.7
      }
    },
    {
      "quarter": "Q1 2013",
      "income status": {
        "Net sales": 433845,
        "Cost of goods sold": 403528,
        "Gross Profit": 30317,
        "Financial expenses": 21244,
        "Of which: Interest expense": 21126,
        "Cost of sales": 478,
        "Enterprise cost management": 3789,
        "Total Operating Expenses": 25511,
        "Total revenue financing activities": 2130,
        "Net profit from business activities": 6935,
        "Profit": -7168,
        "Profit before tax": -233,
        "Present corporate income tax expenses": 196,
        "Deferred income taxes expenses": "N/A",
        "The interests of minority shareholders": -225,
        "Total Cost of profits": -29,
        "Profit after tax corporate income": -204,
        "Volume": 98865080,
        "Close of Quarter": 3.4,
        "EPS": 41,
        "Non-adjusted EPS": 41,
        "PE": 82.9,
        "Book Price": 10.2
      }
    },
    {
      "quarter": "Q4 2012",
      "income status": {
        "Net sales": 206706,
        "Cost of goods sold": 193664,
        "Gross Profit": 13042,
        "Financial expenses": 12563,
        "Of which: Interest expense": 12177,
        "Cost of sales": 2579,
        "Enterprise cost management": -1097,
        "Total Operating Expenses": 14045,
        "Total revenue financing activities": 1952,
        "Net profit from business activities": 950,
        "Profit": 26913,
        "Profit before tax": 27863,
        "Present corporate income tax expenses": 4254,
        "Deferred income taxes expenses": "N/A",
        "The interests of minority shareholders": -339,
        "Total Cost of profits": 3915,
        "Profit after tax corporate income": 23947,
        "Volume": 98865080,
        "Close of Quarter": 3,
        "EPS": 48,
        "Non-adjusted EPS": 48,
        "PE": 62.5,
        "Book Price": 10.2
      }
    },
    {
      "quarter": "Q3 2012",
      "income status": {
        "Net sales": 30134,
        "Cost of goods sold": 26975,
        "Gross Profit": 3159,
        "Financial expenses": 2392,
        "Of which: Interest expense": 2392,
        "Cost of sales": 437,
        "Enterprise cost management": 4073,
        "Total Operating Expenses": 6902,
        "Total revenue financing activities": 1424,
        "Net profit from business activities": -2318,
        "Profit": 2870,
        "Profit before tax": 552,
        "Present corporate income tax expenses": "N/A",
        "Deferred income taxes expenses": "N/A",
        "The interests of minority shareholders": -130,
        "Total Cost of profits": -130,
        "Profit after tax corporate income": 682,
        "Volume": 98865080,
        "Close of Quarter": 2.4,
        "EPS": 66,
        "Non-adjusted EPS": 66,
        "PE": 36.4,
        "Book Price": 10
      }
    },
    {
      "quarter": "Q2 2012",
      "income status": {
        "Net sales": 76196,
        "Cost of goods sold": 82081,
        "Gross Profit": -5884,
        "Financial expenses": 12338,
        "Of which: Interest expense": 12778,
        "Cost of sales": 492,
        "Enterprise cost management": 11389,
        "Total Operating Expenses": 24219,
        "Total revenue financing activities": 1659,
        "Net profit from business activities": -28444,
        "Profit": 6972,
        "Profit before tax": -21472,
        "Present corporate income tax expenses": -704,
        "Deferred income taxes expenses": "N/A",
        "The interests of minority shareholders": -401,
        "Total Cost of profits": -1105,
        "Profit after tax corporate income": -20367,
        "Volume": 98865080,
        "Close of Quarter": 4.7,
        "EPS": 84,
        "Non-adjusted EPS": 84,
        "PE": 56.0,
        "Book Price": 10
      }
    },
    {
      "quarter": "Q1 2012",
      "income status": {
        "Net sales": 32731,
        "Cost of goods sold": 26336,
        "Gross Profit": 6395,
        "Financial expenses": 1268,
        "Of which: Interest expense": "N/A",
        "Cost of sales": 457,
        "Enterprise cost management": 5681,
        "Total Operating Expenses": 7406,
        "Total revenue financing activities": 744,
        "Net profit from business activities": -267,
        "Profit": 1049,
        "Profit before tax": 782,
        "Present corporate income tax expenses": 704,
        "Deferred income taxes expenses": "N/A",
        "The interests of minority shareholders": -410,
        "Total Cost of profits": 294,
        "Profit after tax corporate income": 489,
        "Volume": 98865080,
        "Close of Quarter": 5.2,
        "EPS": 353,
        "Non-adjusted EPS": 353,
        "PE": 14.7,
        "Book Price": 10.3
      }
    },
    {
      "quarter": "Q4 2011",
      "income status": {
        "Net sales": 237363,
        "Cost of goods sold": 215074,
        "Gross Profit": 22289,
        "Financial expenses": 21461,
        "Of which: Interest expense": "N/A",
        "Cost of sales": 900,
        "Enterprise cost management": -34367,
        "Total Operating Expenses": -12006,
        "Total revenue financing activities": 1989,
        "Net profit from business activities": 36284,
        "Profit": 753,
        "Profit before tax": 37037,
        "Present corporate income tax expenses": 13208,
        "Deferred income taxes expenses": -3170,
        "The interests of minority shareholders": 1324,
        "Total Cost of profits": 11362,
        "Profit after tax corporate income": 25674,
        "Volume": 98865080,
        "Close of Quarter": 4,
        "EPS": 447,
        "Non-adjusted EPS": 447,
        "PE": 9.0,
        "Book Price": 11.1
      }
    },
    {
      "quarter": "Q3 2011",
      "income status": {
        "Net sales": 68150,
        "Cost of goods sold": 51298,
        "Gross Profit": 16853,
        "Financial expenses": 5352,
        "Of which: Interest expense": "N/A",
        "Cost of sales": 1195,
        "Enterprise cost management": 10313,
        "Total Operating Expenses": 16860,
        "Total revenue financing activities": 2932,
        "Net profit from business activities": 2925,
        "Profit": 393,
        "Profit before tax": 26064,
        "Present corporate income tax expenses": 2152,
        "Deferred income taxes expenses": -393,
        "The interests of minority shareholders": -952,
        "Total Cost of profits": 807,
        "Profit after tax corporate income": 2510,
        "Volume": 99083210,
        "Close of Quarter": 7.2,
        "EPS": 1294.9,
        "Non-adjusted EPS": 1292,
        "PE": 5.6,
        "Book Price": 11.3
      }
    },
    {
      "quarter": "Q2 2011",
      "income status": {
        "Net sales": 245854,
        "Cost of goods sold": 181096,
        "Gross Profit": 64759,
        "Financial expenses": 18640,
        "Of which: Interest expense": "N/A",
        "Cost of sales": 979,
        "Enterprise cost management": 49717,
        "Total Operating Expenses": 69336,
        "Total revenue financing activities": 14707,
        "Net profit from business activities": 10130,
        "Profit": 235,
        "Profit before tax": 10364,
        "Present corporate income tax expenses": 3484,
        "Deferred income taxes expenses": 227,
        "The interests of minority shareholders": 468,
        "Total Cost of profits": 4179,
        "Profit after tax corporate income": 6186,
        "Volume": 100000000,
        "Close of Quarter": 7.6,
        "EPS": 1759.0,
        "Non-adjusted EPS": 1739,
        "PE": 4.4,
        "Book Price": 11.3
      }
    },
    {
      "quarter": "Q1 2011",
      "income status": {
        "Net sales": 97048,
        "Cost of goods sold": 79636,
        "Gross Profit": 17412,
        "Financial expenses": 3935,
        "Of which: Interest expense": 3935,
        "Cost of sales": 788,
        "Enterprise cost management": 4939,
        "Total Operating Expenses": 9662,
        "Total revenue financing activities": 4216,
        "Net profit from business activities": 11967,
        "Profit": 415,
        "Profit before tax": 12382,
        "Present corporate income tax expenses": 2949,
        "Deferred income taxes expenses": -281,
        "The interests of minority shareholders": -95,
        "Total Cost of profits": 2573,
        "Profit after tax corporate income": 9809,
        "Volume": 100000000,
        "Close of Quarter": 8.3,
        "EPS": 1812.6,
        "Non-adjusted EPS": 1792,
        "PE": 4.6,
        "Book Price": 12.4
      }
    }
  ]
}