{
  "ticker": "DLR",
  "data": [
    {
      "quarter": "Q4 2016",
      "income status": {
        "Net sales": 15643,
        "Cost of goods sold": 15117,
        "Gross Profit": 527,
        "Financial expenses": 233,
        "Of which: Interest expense": 233,
        "Cost of sales": 149,
        "Enterprise cost management": 2361,
        "Total Operating Expenses": 2743,
        "Total revenue financing activities": 39,
        "Net profit from business activities": -2167,
        "Profit": 87,
        "Profit before tax": -2080,
        "Present corporate income tax expenses": 1,
        "Deferred income taxes expenses": "N/A",
        "The interests of minority shareholders": "N/A",
        "Total Cost of profits": 1,
        "Profit after tax corporate income": -2081,
        "Volume": 4500000,
        "Close of Quarter": 9.4,
        "EPS": -1932,
        "Non-adjusted EPS": -1932,
        "PE": -4.9,
        "Book Price": 8.3
      }
    },
    {
      "quarter": "Q3 2016",
      "income status": {
        "Net sales": 14792,
        "Cost of goods sold": 12756,
        "Gross Profit": 2035,
        "Financial expenses": 90,
        "Of which: Interest expense": 90,
        "Cost of sales": 330,
        "Enterprise cost management": 1653,
        "Total Operating Expenses": 2073,
        "Total revenue financing activities": 14,
        "Net profit from business activities": -25,
        "Profit": -29,
        "Profit before tax": -53,
        "Present corporate income tax expenses": 94,
        "Deferred income taxes expenses": "N/A",
        "The interests of minority shareholders": "N/A",
        "Total Cost of profits": 94,
        "Profit after tax corporate income": -147,
        "Volume": 4500000,
        "Close of Quarter": 9.6,
        "EPS": -292,
        "Non-adjusted EPS": -292,
        "PE": -32.9,
        "Book Price": 8.8
      }
    },
    {
      "quarter": "Q2 2016",
      "income status": {
        "Net sales": 16644,
        "Cost of goods sold": 16838,
        "Gross Profit": -194,
        "Financial expenses": 1128,
        "Of which: Interest expense": 1128,
        "Cost of sales": 181,
        "Enterprise cost management": 2438,
        "Total Operating Expenses": 3747,
        "Total revenue financing activities": 57,
        "Net profit from business activities": -3888,
        "Profit": -74,
        "Profit before tax": -3962,
        "Present corporate income tax expenses": 2,
        "Deferred income taxes expenses": "N/A",
        "The interests of minority shareholders": "N/A",
        "Total Cost of profits": 2,
        "Profit after tax corporate income": -3964,
        "Volume": 4500000,
        "Close of Quarter": 8,
        "EPS": -597,
        "Non-adjusted EPS": -597,
        "PE": -13.4,
        "Book Price": 8.8
      }
    },
    {
      "quarter": "Q1 2016",
      "income status": {
        "Net sales": 9624,
        "Cost of goods sold": 9397,
        "Gross Profit": 226,
        "Financial expenses": 171,
        "Of which: Interest expense": 171,
        "Cost of sales": 208,
        "Enterprise cost management": 2110,
        "Total Operating Expenses": 2489,
        "Total revenue financing activities": 21,
        "Net profit from business activities": -2242,
        "Profit": -258,
        "Profit before tax": -2500,
        "Present corporate income tax expenses": "N/A",
        "Deferred income taxes expenses": "N/A",
        "The interests of minority shareholders": "N/A",
        "Total Cost of profits": 0,
        "Profit after tax corporate income": -2500,
        "Volume": 4500000,
        "Close of Quarter": 7,
        "EPS": -71,
        "Non-adjusted EPS": -71,
        "PE": -98.6,
        "Book Price": 9.7
      }
    },
    {
      "quarter": "Q4 2015",
      "income status": {
        "Net sales": 81128,
        "Cost of goods sold": 78589,
        "Gross Profit": 2539,
        "Financial expenses": 857,
        "Of which: Interest expense": 857,
        "Cost of sales": 469,
        "Enterprise cost management": 4091,
        "Total Operating Expenses": 5417,
        "Total revenue financing activities": 55,
        "Net profit from business activities": -2789,
        "Profit": 8054,
        "Profit before tax": 5265,
        "Present corporate income tax expenses": "N/A",
        "Deferred income taxes expenses": -32,
        "The interests of minority shareholders": "N/A",
        "Total Cost of profits": -32,
        "Profit after tax corporate income": 5297,
        "Volume": 4500000,
        "Close of Quarter": 11.8,
        "EPS": 390,
        "Non-adjusted EPS": 390,
        "PE": 30.3,
        "Book Price": 10.9
      }
    },
    {
      "quarter": "Q3 2015",
      "income status": {
        "Net sales": 7685,
        "Cost of goods sold": 6586,
        "Gross Profit": 1099,
        "Financial expenses": 418,
        "Of which: Interest expense": 418,
        "Cost of sales": 252,
        "Enterprise cost management": 1895,
        "Total Operating Expenses": 2565,
        "Total revenue financing activities": 15,
        "Net profit from business activities": -1451,
        "Profit": -69,
        "Profit before tax": -1520,
        "Present corporate income tax expenses": "N/A",
        "Deferred income taxes expenses": "N/A",
        "The interests of minority shareholders": "N/A",
        "Total Cost of profits": 0,
        "Profit after tax corporate income": -1520,
        "Volume": 4500000,
        "Close of Quarter": 11.4,
        "EPS": -1383,
        "Non-adjusted EPS": -1383,
        "PE": -8.2,
        "Book Price": 9.2
      }
    },
    {
      "quarter": "Q2 2015",
      "income status": {
        "Net sales": 17264,
        "Cost of goods sold": 15036,
        "Gross Profit": 2227,
        "Financial expenses": 389,
        "Of which: Interest expense": 389,
        "Cost of sales": 555,
        "Enterprise cost management": 2854,
        "Total Operating Expenses": 3798,
        "Total revenue financing activities": 25,
        "Net profit from business activities": -1569,
        "Profit": 2,
        "Profit before tax": -1568,
        "Present corporate income tax expenses": 1,
        "Deferred income taxes expenses": 29,
        "The interests of minority shareholders": "N/A",
        "Total Cost of profits": 30,
        "Profit after tax corporate income": -1597,
        "Volume": 4500000,
        "Close of Quarter": 8.2,
        "EPS": -1560,
        "Non-adjusted EPS": -1560,
        "PE": -5.3,
        "Book Price": 9.6
      }
    },
    {
      "quarter": "Q1 2015",
      "income status": {
        "Net sales": 15298,
        "Cost of goods sold": 13246,
        "Gross Profit": 2052,
        "Financial expenses": 64,
        "Of which: Interest expense": 64,
        "Cost of sales": 335,
        "Enterprise cost management": 1919,
        "Total Operating Expenses": 2318,
        "Total revenue financing activities": 41,
        "Net profit from business activities": -225,
        "Profit": -268,
        "Profit before tax": -493,
        "Present corporate income tax expenses": 44,
        "Deferred income taxes expenses": -115,
        "The interests of minority shareholders": "N/A",
        "Total Cost of profits": -71,
        "Profit after tax corporate income": -423,
        "Volume": 4500000,
        "Close of Quarter": 7.2,
        "EPS": -2011,
        "Non-adjusted EPS": -2011,
        "PE": -3.6,
        "Book Price": 10.5
      }
    },
    {
      "quarter": "Q4 2014",
      "income status": {
        "Net sales": 15989,
        "Cost of goods sold": 14780,
        "Gross Profit": 1210,
        "Financial expenses": 1018,
        "Of which: Interest expense": 1018,
        "Cost of sales": 316,
        "Enterprise cost management": 2646,
        "Total Operating Expenses": 3980,
        "Total revenue financing activities": 37,
        "Net profit from business activities": -2709,
        "Profit": 66,
        "Profit before tax": -2642,
        "Present corporate income tax expenses": 137,
        "Deferred income taxes expenses": -95,
        "The interests of minority shareholders": "N/A",
        "Total Cost of profits": 42,
        "Profit after tax corporate income": -2684,
        "Volume": 4500000,
        "Close of Quarter": 5.8,
        "EPS": -2281,
        "Non-adjusted EPS": -2281,
        "PE": -2.5,
        "Book Price": 10.6
      }
    },
    {
      "quarter": "Q3 2014",
      "income status": {
        "Net sales": 11533,
        "Cost of goods sold": 10457,
        "Gross Profit": 1076,
        "Financial expenses": 400,
        "Of which: Interest expense": 400,
        "Cost of sales": 239,
        "Enterprise cost management": 2287,
        "Total Operating Expenses": 2926,
        "Total revenue financing activities": 29,
        "Net profit from business activities": -1820,
        "Profit": -554,
        "Profit before tax": -2374,
        "Present corporate income tax expenses": "N/A",
        "Deferred income taxes expenses": -59,
        "The interests of minority shareholders": "N/A",
        "Total Cost of profits": -59,
        "Profit after tax corporate income": -2315,
        "Volume": 4500000,
        "Close of Quarter": 6.9,
        "EPS": -1474,
        "Non-adjusted EPS": -1474,
        "PE": -4.7,
        "Book Price": 11.1
      }
    },
    {
      "quarter": "Q2 2014",
      "income status": {
        "Net sales": 13459,
        "Cost of goods sold": 12099,
        "Gross Profit": 1360,
        "Financial expenses": 928,
        "Of which: Interest expense": 928,
        "Cost of sales": 149,
        "Enterprise cost management": 3832,
        "Total Operating Expenses": 4909,
        "Total revenue financing activities": 33,
        "Net profit from business activities": -3510,
        "Profit": -212,
        "Profit before tax": -3722,
        "Present corporate income tax expenses": -31,
        "Deferred income taxes expenses": -66,
        "The interests of minority shareholders": "N/A",
        "Total Cost of profits": -97,
        "Profit after tax corporate income": -3626,
        "Volume": 4500000,
        "Close of Quarter": 7.2,
        "EPS": -1369,
        "Non-adjusted EPS": -1369,
        "PE": -5.3,
        "Book Price": 11.7
      }
    },
    {
      "quarter": "Q1 2014",
      "income status": {
        "Net sales": 11970,
        "Cost of goods sold": 11161,
        "Gross Profit": 809,
        "Financial expenses": 359,
        "Of which: Interest expense": 359,
        "Cost of sales": 191,
        "Enterprise cost management": 1954,
        "Total Operating Expenses": 2504,
        "Total revenue financing activities": 134,
        "Net profit from business activities": -1561,
        "Profit": -136,
        "Profit before tax": -1698,
        "Present corporate income tax expenses": 31,
        "Deferred income taxes expenses": -90,
        "The interests of minority shareholders": "N/A",
        "Total Cost of profits": -59,
        "Profit after tax corporate income": -1638,
        "Volume": 4500000,
        "Close of Quarter": 7.8,
        "EPS": -1196,
        "Non-adjusted EPS": -1196,
        "PE": -6.5,
        "Book Price": 12.5
      }
    },
    {
      "quarter": "Q4 2013",
      "income status": {
        "Net sales": 103351,
        "Cost of goods sold": 99228,
        "Gross Profit": 4122,
        "Financial expenses": 938,
        "Of which: Interest expense": 938,
        "Cost of sales": 233,
        "Enterprise cost management": 2102,
        "Total Operating Expenses": 3273,
        "Total revenue financing activities": 28,
        "Net profit from business activities": 877,
        "Profit": 52,
        "Profit before tax": 967,
        "Present corporate income tax expenses": 22,
        "Deferred income taxes expenses": "N/A",
        "The interests of minority shareholders": "N/A",
        "Total Cost of profits": 22,
        "Profit after tax corporate income": 944,
        "Volume": 4500000,
        "Close of Quarter": 8.4,
        "EPS": -1379,
        "Non-adjusted EPS": -1379,
        "PE": -6.1,
        "Book Price": 13
      }
    },
    {
      "quarter": "Q3 2013",
      "income status": {
        "Net sales": 5174,
        "Cost of goods sold": 4679,
        "Gross Profit": 495,
        "Financial expenses": 200,
        "Of which: Interest expense": 200,
        "Cost of sales": 533,
        "Enterprise cost management": 1692,
        "Total Operating Expenses": 2425,
        "Total revenue financing activities": 26,
        "Net profit from business activities": -1904,
        "Profit": 62,
        "Profit before tax": -1842,
        "Present corporate income tax expenses": "N/A",
        "Deferred income taxes expenses": "N/A",
        "The interests of minority shareholders": "N/A",
        "Total Cost of profits": 0,
        "Profit after tax corporate income": -1842,
        "Volume": 4500000,
        "Close of Quarter": 6.8,
        "EPS": -593,
        "Non-adjusted EPS": -593,
        "PE": -11.5,
        "Book Price": 12.8
      }
    },
    {
      "quarter": "Q2 2013",
      "income status": {
        "Net sales": 22942,
        "Cost of goods sold": 21692,
        "Gross Profit": 1250,
        "Financial expenses": 1113,
        "Of which: Interest expense": 1113,
        "Cost of sales": 215,
        "Enterprise cost management": 2804,
        "Total Operating Expenses": 4132,
        "Total revenue financing activities": 60,
        "Net profit from business activities": -2822,
        "Profit": 153,
        "Profit before tax": -2668,
        "Present corporate income tax expenses": 177,
        "Deferred income taxes expenses": "N/A",
        "The interests of minority shareholders": "N/A",
        "Total Cost of profits": 177,
        "Profit after tax corporate income": -2845,
        "Volume": 4500000,
        "Close of Quarter": 7.1,
        "EPS": -540,
        "Non-adjusted EPS": -540,
        "PE": -13.1,
        "Book Price": 13.2
      }
    },
    {
      "quarter": "Q1 2013",
      "income status": {
        "Net sales": 13069,
        "Cost of goods sold": 12298,
        "Gross Profit": 771,
        "Financial expenses": 896,
        "Of which: Interest expense": 896,
        "Cost of sales": 62,
        "Enterprise cost management": 2177,
        "Total Operating Expenses": 3135,
        "Total revenue financing activities": 51,
        "Net profit from business activities": -2312,
        "Profit": -138,
        "Profit before tax": -2450,
        "Present corporate income tax expenses": 11,
        "Deferred income taxes expenses": "N/A",
        "The interests of minority shareholders": "N/A",
        "Total Cost of profits": 11,
        "Profit after tax corporate income": -2462,
        "Volume": 4500000,
        "Close of Quarter": 7.9,
        "EPS": -197,
        "Non-adjusted EPS": -197,
        "PE": -40.0,
        "Book Price": 14
      }
    },
    {
      "quarter": "Q4 2012",
      "income status": {
        "Net sales": 159377,
        "Cost of goods sold": 151965,
        "Gross Profit": 7412,
        "Financial expenses": 570,
        "Of which: Interest expense": 570,
        "Cost of sales": 8,
        "Enterprise cost management": 1920,
        "Total Operating Expenses": 2498,
        "Total revenue financing activities": 86,
        "Net profit from business activities": 4999,
        "Profit": 42,
        "Profit before tax": 5049,
        "Present corporate income tax expenses": 655,
        "Deferred income taxes expenses": -85,
        "The interests of minority shareholders": "N/A",
        "Total Cost of profits": 570,
        "Profit after tax corporate income": 4479,
        "Volume": 4500000,
        "Close of Quarter": 7.8,
        "EPS": 354,
        "Non-adjusted EPS": 354,
        "PE": 22.0,
        "Book Price": 14.7
      }
    },
    {
      "quarter": "Q3 2012",
      "income status": {
        "Net sales": 8545,
        "Cost of goods sold": 8015,
        "Gross Profit": 530,
        "Financial expenses": 514,
        "Of which: Interest expense": 514,
        "Cost of sales": 38,
        "Enterprise cost management": 1628,
        "Total Operating Expenses": 2180,
        "Total revenue financing activities": 43,
        "Net profit from business activities": -1606,
        "Profit": -3,
        "Profit before tax": -1610,
        "Present corporate income tax expenses": -7,
        "Deferred income taxes expenses": "N/A",
        "The interests of minority shareholders": "N/A",
        "Total Cost of profits": -7,
        "Profit after tax corporate income": -1603,
        "Volume": 4500000,
        "Close of Quarter": 8.4,
        "EPS": 644,
        "Non-adjusted EPS": 644,
        "PE": 13.1,
        "Book Price": 13.7
      }
    },
    {
      "quarter": "Q2 2012",
      "income status": {
        "Net sales": 28684,
        "Cost of goods sold": 26556,
        "Gross Profit": 2128,
        "Financial expenses": 987,
        "Of which: Interest expense": 987,
        "Cost of sales": 44,
        "Enterprise cost management": 2609,
        "Total Operating Expenses": 3640,
        "Total revenue financing activities": 61,
        "Net profit from business activities": -1451,
        "Profit": 26,
        "Profit before tax": -1426,
        "Present corporate income tax expenses": -56,
        "Deferred income taxes expenses": -68,
        "The interests of minority shareholders": "N/A",
        "Total Cost of profits": -124,
        "Profit after tax corporate income": -1302,
        "Volume": 4500000,
        "Close of Quarter": 9.9,
        "EPS": 973,
        "Non-adjusted EPS": 973,
        "PE": 10.2,
        "Book Price": 14.1
      }
    },
    {
      "quarter": "Q1 2012",
      "income status": {
        "Net sales": 32161,
        "Cost of goods sold": 29686,
        "Gross Profit": 2475,
        "Financial expenses": 767,
        "Of which: Interest expense": 767,
        "Cost of sales": 40,
        "Enterprise cost management": 1696,
        "Total Operating Expenses": 2503,
        "Total revenue financing activities": 95,
        "Net profit from business activities": 68,
        "Profit": 24,
        "Profit before tax": 67,
        "Present corporate income tax expenses": 56,
        "Deferred income taxes expenses": -7,
        "The interests of minority shareholders": "N/A",
        "Total Cost of profits": 49,
        "Profit after tax corporate income": 18,
        "Volume": 4500000,
        "Close of Quarter": 15.0,
        "EPS": 1406,
        "Non-adjusted EPS": 1406,
        "PE": 10.6,
        "Book Price": 15.7
      }
    },
    {
      "quarter": "Q4 2011",
      "income status": {
        "Net sales": 50521,
        "Cost of goods sold": 37391,
        "Gross Profit": 13130,
        "Financial expenses": 1011,
        "Of which: Interest expense": 1011,
        "Cost of sales": 327,
        "Enterprise cost management": 4309,
        "Total Operating Expenses": 5647,
        "Total revenue financing activities": 196,
        "Net profit from business activities": 7679,
        "Profit": 7,
        "Profit before tax": 7712,
        "Present corporate income tax expenses": 1928,
        "Deferred income taxes expenses": "N/A",
        "The interests of minority shareholders": "N/A",
        "Total Cost of profits": 1928,
        "Profit after tax corporate income": 5784,
        "Volume": 4500000,
        "Close of Quarter": 12.2,
        "EPS": 1727,
        "Non-adjusted EPS": 1727,
        "PE": 7.1,
        "Book Price": 15.9
      }
    },
    {
      "quarter": "Q3 2011",
      "income status": {
        "Net sales": 50322,
        "Cost of goods sold": 46126,
        "Gross Profit": 4197,
        "Financial expenses": 1375,
        "Of which: Interest expense": 1375,
        "Cost of sales": 40,
        "Enterprise cost management": 3174,
        "Total Operating Expenses": 4589,
        "Total revenue financing activities": 80,
        "Net profit from business activities": -313,
        "Profit": 184,
        "Profit before tax": -121,
        "Present corporate income tax expenses": "N/A",
        "Deferred income taxes expenses": "N/A",
        "The interests of minority shareholders": "N/A",
        "Total Cost of profits": 0,
        "Profit after tax corporate income": -121,
        "Volume": 4500000,
        "Close of Quarter": 16.7,
        "EPS": 2245,
        "Non-adjusted EPS": 2245,
        "PE": 7.4,
        "Book Price": 14.5
      }
    },
    {
      "quarter": "Q2 2011",
      "income status": {
        "Net sales": 44021,
        "Cost of goods sold": 38313,
        "Gross Profit": 5708,
        "Financial expenses": 1364,
        "Of which: Interest expense": 1364,
        "Cost of sales": 594,
        "Enterprise cost management": 2604,
        "Total Operating Expenses": 4562,
        "Total revenue financing activities": 143,
        "Net profit from business activities": 1289,
        "Profit": -429,
        "Profit before tax": 861,
        "Present corporate income tax expenses": 215,
        "Deferred income taxes expenses": "N/A",
        "The interests of minority shareholders": "N/A",
        "Total Cost of profits": 215,
        "Profit after tax corporate income": 645,
        "Volume": 4500000,
        "Close of Quarter": 18.2,
        "EPS": 2347,
        "Non-adjusted EPS": 2347,
        "PE": 7.8,
        "Book Price": 14.9
      }
    },
    {
      "quarter": "Q1 2011",
      "income status": {
        "Net sales": 37752,
        "Cost of goods sold": 33146,
        "Gross Profit": 4606,
        "Financial expenses": 1311,
        "Of which: Interest expense": 1311,
        "Cost of sales": 187,
        "Enterprise cost management": 1745,
        "Total Operating Expenses": 3243,
        "Total revenue financing activities": 132,
        "Net profit from business activities": 1496,
        "Profit": 457,
        "Profit before tax": 1953,
        "Present corporate income tax expenses": 488,
        "Deferred income taxes expenses": "N/A",
        "The interests of minority shareholders": "N/A",
        "Total Cost of profits": 488,
        "Profit after tax corporate income": 1465,
        "Volume": 4500000,
        "Close of Quarter": 24.9,
        "EPS": 2356,
        "Non-adjusted EPS": 2356,
        "PE": 10.6,
        "Book Price": 15.9
      }
    }
  ]
}