{
  "ticker": "PBP",
  "data": [
    {
      "quarter": "Q4 2016",
      "income status": {
        "Net sales": 41426,
        "Cost of goods sold": 32935,
        "Gross Profit": 8490,
        "Financial expenses": 737,
        "Of which: Interest expense": 700,
        "Cost of sales": 1498,
        "Enterprise cost management": 3791,
        "Total Operating Expenses": 6026,
        "Total revenue financing activities": 5,
        "Net profit from business activities": 2470,
        "Profit": 91,
        "Profit before tax": 2561,
        "Present corporate income tax expenses": 312,
        "Deferred income taxes expenses": "N/A",
        "The interests of minority shareholders": "N/A",
        "Total Cost of profits": 312,
        "Profit after tax corporate income": 2249,
        "Volume": 4081249,
        "Close of Quarter": 10.5,
        "EPS": 2256,
        "Non-adjusted EPS": 2256,
        "PE": 4.6,
        "Book Price": 13.5
      }
    },
    {
      "quarter": "Q3 2016",
      "income status": {
        "Net sales": 38579,
        "Cost of goods sold": 32553,
        "Gross Profit": 6026,
        "Financial expenses": 612,
        "Of which: Interest expense": 612,
        "Cost of sales": 838,
        "Enterprise cost management": 2380,
        "Total Operating Expenses": 3830,
        "Total revenue financing activities": 11,
        "Net profit from business activities": 2208,
        "Profit": "N/A",
        "Profit before tax": 2208,
        "Present corporate income tax expenses": 221,
        "Deferred income taxes expenses": "N/A",
        "The interests of minority shareholders": "N/A",
        "Total Cost of profits": 221,
        "Profit after tax corporate income": 1987,
        "Volume": 4081249,
        "Close of Quarter": 11.3,
        "EPS": 1863,
        "Non-adjusted EPS": 1863,
        "PE": 6.1,
        "Book Price": 12.9
      }
    },
    {
      "quarter": "Q2 2016",
      "income status": {
        "Net sales": 40481,
        "Cost of goods sold": 33871,
        "Gross Profit": 6610,
        "Financial expenses": 745,
        "Of which: Interest expense": 745,
        "Cost of sales": 981,
        "Enterprise cost management": 3072,
        "Total Operating Expenses": 4798,
        "Total revenue financing activities": 8,
        "Net profit from business activities": 1820,
        "Profit": "N/A",
        "Profit before tax": 1820,
        "Present corporate income tax expenses": 182,
        "Deferred income taxes expenses": "N/A",
        "The interests of minority shareholders": "N/A",
        "Total Cost of profits": 182,
        "Profit after tax corporate income": 1638,
        "Volume": 3265000,
        "Close of Quarter": 12.7,
        "EPS": 1760.8,
        "Non-adjusted EPS": 2201,
        "PE": 5.8,
        "Book Price": 12.4
      }
    },
    {
      "quarter": "Q1 2016",
      "income status": {
        "Net sales": 32814,
        "Cost of goods sold": 26478,
        "Gross Profit": 6336,
        "Financial expenses": 629,
        "Of which: Interest expense": 629,
        "Cost of sales": 446,
        "Enterprise cost management": 1563,
        "Total Operating Expenses": 2638,
        "Total revenue financing activities": 6,
        "Net profit from business activities": 3703,
        "Profit": "N/A",
        "Profit before tax": 3703,
        "Present corporate income tax expenses": 370,
        "Deferred income taxes expenses": "N/A",
        "The interests of minority shareholders": "N/A",
        "Total Cost of profits": 370,
        "Profit after tax corporate income": 3333,
        "Volume": 3265000,
        "Close of Quarter": 11.5,
        "EPS": 2305.6,
        "Non-adjusted EPS": 2882,
        "PE": 4.0,
        "Book Price": 12.4
      }
    },
    {
      "quarter": "Q4 2015",
      "income status": {
        "Net sales": 40820,
        "Cost of goods sold": 35718,
        "Gross Profit": 5102,
        "Financial expenses": 756,
        "Of which: Interest expense": 756,
        "Cost of sales": 923,
        "Enterprise cost management": 2719,
        "Total Operating Expenses": 4398,
        "Total revenue financing activities": 13,
        "Net profit from business activities": 717,
        "Profit": "N/A",
        "Profit before tax": 717,
        "Present corporate income tax expenses": 72,
        "Deferred income taxes expenses": "N/A",
        "The interests of minority shareholders": "N/A",
        "Total Cost of profits": 72,
        "Profit after tax corporate income": 646,
        "Volume": 3265000,
        "Close of Quarter": 11.4,
        "EPS": 2192,
        "Non-adjusted EPS": 2740,
        "PE": 4.2,
        "Book Price": 11.6
      }
    },
    {
      "quarter": "Q3 2015",
      "income status": {
        "Net sales": 25083,
        "Cost of goods sold": 20102,
        "Gross Profit": 4981,
        "Financial expenses": 688,
        "Of which: Interest expense": 688,
        "Cost of sales": 537,
        "Enterprise cost management": 2022,
        "Total Operating Expenses": 3247,
        "Total revenue financing activities": 8,
        "Net profit from business activities": 1742,
        "Profit": "N/A",
        "Profit before tax": 1742,
        "Present corporate income tax expenses": 174,
        "Deferred income taxes expenses": "N/A",
        "The interests of minority shareholders": "N/A",
        "Total Cost of profits": 174,
        "Profit after tax corporate income": 1568,
        "Volume": 3265000,
        "Close of Quarter": 11.5,
        "EPS": 1636,
        "Non-adjusted EPS": 2045,
        "PE": 5.6,
        "Book Price": 11.4
      }
    },
    {
      "quarter": "Q2 2015",
      "income status": {
        "Net sales": 47020,
        "Cost of goods sold": 39019,
        "Gross Profit": 8002,
        "Financial expenses": 817,
        "Of which: Interest expense": 817,
        "Cost of sales": 620,
        "Enterprise cost management": 2307,
        "Total Operating Expenses": 3744,
        "Total revenue financing activities": 36,
        "Net profit from business activities": 4292,
        "Profit": "N/A",
        "Profit before tax": 4292,
        "Present corporate income tax expenses": 429,
        "Deferred income taxes expenses": "N/A",
        "The interests of minority shareholders": "N/A",
        "Total Cost of profits": 429,
        "Profit after tax corporate income": 3863,
        "Volume": 3265000,
        "Close of Quarter": 11.3,
        "EPS": 2175.2,
        "Non-adjusted EPS": 2719,
        "PE": 4.2,
        "Book Price": 11.0
      }
    },
    {
      "quarter": "Q1 2015",
      "income status": {
        "Net sales": 31553,
        "Cost of goods sold": 25819,
        "Gross Profit": 5735,
        "Financial expenses": 721,
        "Of which: Interest expense": 721,
        "Cost of sales": 462,
        "Enterprise cost management": 1428,
        "Total Operating Expenses": 2611,
        "Total revenue financing activities": 66,
        "Net profit from business activities": 3189,
        "Profit": "N/A",
        "Profit before tax": 3189,
        "Present corporate income tax expenses": 319,
        "Deferred income taxes expenses": "N/A",
        "The interests of minority shareholders": "N/A",
        "Total Cost of profits": 319,
        "Profit after tax corporate income": 2870,
        "Volume": 3265000,
        "Close of Quarter": 11.8,
        "EPS": 2494.4,
        "Non-adjusted EPS": 3118,
        "PE": 3.8,
        "Book Price": 12.1
      }
    },
    {
      "quarter": "Q4 2014",
      "income status": {
        "Net sales": 40100,
        "Cost of goods sold": 38478,
        "Gross Profit": 1622,
        "Financial expenses": 925,
        "Of which: Interest expense": 921,
        "Cost of sales": 724,
        "Enterprise cost management": 1930,
        "Total Operating Expenses": 3579,
        "Total revenue financing activities": 144,
        "Net profit from business activities": -1812,
        "Profit": 8,
        "Profit before tax": -1804,
        "Present corporate income tax expenses": -180,
        "Deferred income taxes expenses": "N/A",
        "The interests of minority shareholders": "N/A",
        "Total Cost of profits": -180,
        "Profit after tax corporate income": -1623,
        "Volume": 3265000,
        "Close of Quarter": "N/A",
        "EPS": 2509.6,
        "Non-adjusted EPS": 3137,
        "PE": "N/A",
        "Book Price": 11.4
      }
    },
    {
      "quarter": "Q3 2014",
      "income status": {
        "Net sales": 32792,
        "Cost of goods sold": 25496,
        "Gross Profit": 7296,
        "Financial expenses": 1093,
        "Of which: Interest expense": 1093,
        "Cost of sales": 461,
        "Enterprise cost management": 1661,
        "Total Operating Expenses": 3215,
        "Total revenue financing activities": 87,
        "Net profit from business activities": 4167,
        "Profit": 20,
        "Profit before tax": 4187,
        "Present corporate income tax expenses": 419,
        "Deferred income taxes expenses": "N/A",
        "The interests of minority shareholders": "N/A",
        "Total Cost of profits": 419,
        "Profit after tax corporate income": 3768,
        "Volume": 3265000,
        "Close of Quarter": "N/A",
        "EPS": 2907.2,
        "Non-adjusted EPS": 3634,
        "PE": "N/A",
        "Book Price": 11.8
      }
    },
    {
      "quarter": "Q2 2014",
      "income status": {
        "Net sales": 46162,
        "Cost of goods sold": 37437,
        "Gross Profit": 8725,
        "Financial expenses": 1124,
        "Of which: Interest expense": 1124,
        "Cost of sales": 434,
        "Enterprise cost management": 1456,
        "Total Operating Expenses": 3014,
        "Total revenue financing activities": 33,
        "Net profit from business activities": 5744,
        "Profit": -6,
        "Profit before tax": 5738,
        "Present corporate income tax expenses": 574,
        "Deferred income taxes expenses": "N/A",
        "The interests of minority shareholders": "N/A",
        "Total Cost of profits": 574,
        "Profit after tax corporate income": 5164,
        "Volume": 3265000,
        "Close of Quarter": "N/A",
        "EPS": 1984,
        "Non-adjusted EPS": 2480,
        "PE": "N/A",
        "Book Price": 10.9
      }
    },
    {
      "quarter": "Q1 2014",
      "income status": {
        "Net sales": 37860,
        "Cost of goods sold": 32007,
        "Gross Profit": 5853,
        "Financial expenses": 1190,
        "Of which: Interest expense": 1190,
        "Cost of sales": 307,
        "Enterprise cost management": 1177,
        "Total Operating Expenses": 2674,
        "Total revenue financing activities": 13,
        "Net profit from business activities": 3191,
        "Profit": 66,
        "Profit before tax": 3257,
        "Present corporate income tax expenses": 326,
        "Deferred income taxes expenses": "N/A",
        "The interests of minority shareholders": "N/A",
        "Total Cost of profits": 326,
        "Profit after tax corporate income": 2932,
        "Volume": 3265000,
        "Close of Quarter": "N/A",
        "EPS": 718.4,
        "Non-adjusted EPS": 898,
        "PE": "N/A",
        "Book Price": 9.8
      }
    }
  ]
}