{
  "ticker": "SHA",
  "data": [
    {
      "quarter": "Q4 2016",
      "income status": {
        "Net sales": 197447,
        "Cost of goods sold": 167500,
        "Gross Profit": 29947,
        "Financial expenses": 2958,
        "Of which: Interest expense": 2834,
        "Cost of sales": 11363,
        "Enterprise cost management": 3842,
        "Total Operating Expenses": 18163,
        "Total revenue financing activities": 674,
        "Net profit from business activities": 12459,
        "Profit": 222,
        "Profit before tax": 12681,
        "Present corporate income tax expenses": 897,
        "Deferred income taxes expenses": -11,
        "The interests of minority shareholders": "N/A",
        "Total Cost of profits": 886,
        "Profit after tax corporate income": 11795,
        "Volume": 20160000,
        "Close of Quarter": 8.8,
        "EPS": 2087,
        "Non-adjusted EPS": 2087,
        "PE": 4.2,
        "Book Price": 13.2
      }
    },
    {
      "quarter": "Q3 2016",
      "income status": {
        "Net sales": 190650,
        "Cost of goods sold": 163644,
        "Gross Profit": 27005,
        "Financial expenses": 2555,
        "Of which: Interest expense": 2446,
        "Cost of sales": 10804,
        "Enterprise cost management": 3848,
        "Total Operating Expenses": 17207,
        "Total revenue financing activities": 171,
        "Net profit from business activities": 9969,
        "Profit": -8,
        "Profit before tax": 9961,
        "Present corporate income tax expenses": 759,
        "Deferred income taxes expenses": -26,
        "The interests of minority shareholders": "N/A",
        "Total Cost of profits": 733,
        "Profit after tax corporate income": 9228,
        "Volume": 18000000,
        "Close of Quarter": 8,
        "EPS": 1902.7,
        "Non-adjusted EPS": 2131,
        "PE": 3.8,
        "Book Price": 12.6
      }
    },
    {
      "quarter": "Q2 2016",
      "income status": {
        "Net sales": 143343,
        "Cost of goods sold": 113530,
        "Gross Profit": 29813,
        "Financial expenses": 2704,
        "Of which: Interest expense": 2658,
        "Cost of sales": 8864,
        "Enterprise cost management": 4522,
        "Total Operating Expenses": 16090,
        "Total revenue financing activities": 546,
        "Net profit from business activities": 14269,
        "Profit": -57,
        "Profit before tax": 14212,
        "Present corporate income tax expenses": 985,
        "Deferred income taxes expenses": 48,
        "The interests of minority shareholders": "N/A",
        "Total Cost of profits": 1033,
        "Profit after tax corporate income": 13179,
        "Volume": 18000000,
        "Close of Quarter": 8.5,
        "EPS": 1792.0,
        "Non-adjusted EPS": 2007,
        "PE": 4.2,
        "Book Price": 12.1
      }
    },
    {
      "quarter": "Q1 2016",
      "income status": {
        "Net sales": 128249,
        "Cost of goods sold": 101514,
        "Gross Profit": 26734,
        "Financial expenses": 2438,
        "Of which: Interest expense": 2438,
        "Cost of sales": 12175,
        "Enterprise cost management": 3957,
        "Total Operating Expenses": 18570,
        "Total revenue financing activities": 133,
        "Net profit from business activities": 8297,
        "Profit": -131,
        "Profit before tax": 8166,
        "Present corporate income tax expenses": 336,
        "Deferred income taxes expenses": -40,
        "The interests of minority shareholders": "N/A",
        "Total Cost of profits": 296,
        "Profit after tax corporate income": 7870,
        "Volume": 18000000,
        "Close of Quarter": 8.9,
        "EPS": 1648.2,
        "Non-adjusted EPS": 1846,
        "PE": 4.8,
        "Book Price": 11.5
      }
    },
    {
      "quarter": "Q4 2015",
      "income status": {
        "Net sales": 125338,
        "Cost of goods sold": 97757,
        "Gross Profit": 27580,
        "Financial expenses": 2797,
        "Of which: Interest expense": 2725,
        "Cost of sales": 12389,
        "Enterprise cost management": 3742,
        "Total Operating Expenses": 18928,
        "Total revenue financing activities": 96,
        "Net profit from business activities": 8749,
        "Profit": 29,
        "Profit before tax": 8778,
        "Present corporate income tax expenses": 701,
        "Deferred income taxes expenses": "N/A",
        "The interests of minority shareholders": "N/A",
        "Total Cost of profits": 701,
        "Profit after tax corporate income": 8077,
        "Volume": 18000000,
        "Close of Quarter": 9.6,
        "EPS": 1411.6,
        "Non-adjusted EPS": 1581,
        "PE": 6.1,
        "Book Price": 11.2
      }
    },
    {
      "quarter": "Q3 2015",
      "income status": {
        "Net sales": 129770,
        "Cost of goods sold": 106502,
        "Gross Profit": 23268,
        "Financial expenses": 1540,
        "Of which: Interest expense": 1532,
        "Cost of sales": 8902,
        "Enterprise cost management": 4116,
        "Total Operating Expenses": 14558,
        "Total revenue financing activities": 175,
        "Net profit from business activities": 8885,
        "Profit": 92,
        "Profit before tax": 8977,
        "Present corporate income tax expenses": 1975,
        "Deferred income taxes expenses": "N/A",
        "The interests of minority shareholders": "N/A",
        "Total Cost of profits": 1975,
        "Profit after tax corporate income": 7002,
        "Volume": 8000000,
        "Close of Quarter": 9.5,
        "EPS": 1130.2,
        "Non-adjusted EPS": 2848,
        "PE": 3.3,
        "Book Price": 5.9
      }
    },
    {
      "quarter": "Q2 2015",
      "income status": {
        "Net sales": 149635,
        "Cost of goods sold": 115537,
        "Gross Profit": 34098,
        "Financial expenses": 1316,
        "Of which: Interest expense": 1305,
        "Cost of sales": 15738,
        "Enterprise cost management": 4106,
        "Total Operating Expenses": 21160,
        "Total revenue financing activities": 184,
        "Net profit from business activities": 13121,
        "Profit": 52,
        "Profit before tax": 13172,
        "Present corporate income tax expenses": 2889,
        "Deferred income taxes expenses": "N/A",
        "The interests of minority shareholders": "N/A",
        "Total Cost of profits": 2889,
        "Profit after tax corporate income": 10283,
        "Volume": 8000000,
        "Close of Quarter": 10.3,
        "EPS": 931.8,
        "Non-adjusted EPS": 2348,
        "PE": 4.4,
        "Book Price": 5.6
      }
    },
    {
      "quarter": "Q1 2015",
      "income status": {
        "Net sales": 103452,
        "Cost of goods sold": 86109,
        "Gross Profit": 17343,
        "Financial expenses": 1157,
        "Of which: Interest expense": 1157,
        "Cost of sales": 9303,
        "Enterprise cost management": 2970,
        "Total Operating Expenses": 13430,
        "Total revenue financing activities": 20,
        "Net profit from business activities": 3932,
        "Profit": 51,
        "Profit before tax": 3984,
        "Present corporate income tax expenses": 885,
        "Deferred income taxes expenses": "N/A",
        "The interests of minority shareholders": "N/A",
        "Total Cost of profits": 885,
        "Profit after tax corporate income": 3099,
        "Volume": 8000000,
        "Close of Quarter": 6.4,
        "EPS": 576.2,
        "Non-adjusted EPS": 1452,
        "PE": 4.4,
        "Book Price": 5.2
      }
    },
    {
      "quarter": "Q4 2014",
      "income status": {
        "Net sales": 131713,
        "Cost of goods sold": 116382,
        "Gross Profit": 15331,
        "Financial expenses": 1186,
        "Of which: Interest expense": 1108,
        "Cost of sales": 7663,
        "Enterprise cost management": 2890,
        "Total Operating Expenses": 11739,
        "Total revenue financing activities": 20,
        "Net profit from business activities": 3612,
        "Profit": -421,
        "Profit before tax": 3190,
        "Present corporate income tax expenses": 792,
        "Deferred income taxes expenses": "N/A",
        "The interests of minority shareholders": "N/A",
        "Total Cost of profits": 792,
        "Profit after tax corporate income": 2398,
        "Volume": 8000000,
        "Close of Quarter": 6.0,
        "EPS": 516.3,
        "Non-adjusted EPS": 1301,
        "PE": 4.6,
        "Book Price": 5.1
      }
    },
    {
      "quarter": "Q3 2014",
      "income status": {
        "Net sales": 102352,
        "Cost of goods sold": 88385,
        "Gross Profit": 13968,
        "Financial expenses": 1044,
        "Of which: Interest expense": 1044,
        "Cost of sales": 6997,
        "Enterprise cost management": 2222,
        "Total Operating Expenses": 10263,
        "Total revenue financing activities": 12,
        "Net profit from business activities": 3717,
        "Profit": 137,
        "Profit before tax": 3854,
        "Present corporate income tax expenses": 848,
        "Deferred income taxes expenses": "N/A",
        "The interests of minority shareholders": "N/A",
        "Total Cost of profits": 848,
        "Profit after tax corporate income": 3006,
        "Volume": 8000000,
        "Close of Quarter": 4.5,
        "EPS": 433.3,
        "Non-adjusted EPS": 1092,
        "PE": 4.1,
        "Book Price": 5
      }
    },
    {
      "quarter": "Q2 2014",
      "income status": {
        "Net sales": 131200,
        "Cost of goods sold": 113098,
        "Gross Profit": 18102,
        "Financial expenses": 823,
        "Of which: Interest expense": 823,
        "Cost of sales": 8903,
        "Enterprise cost management": 4438,
        "Total Operating Expenses": 14164,
        "Total revenue financing activities": 13,
        "Net profit from business activities": 3951,
        "Profit": 38,
        "Profit before tax": 3989,
        "Present corporate income tax expenses": 878,
        "Deferred income taxes expenses": "N/A",
        "The interests of minority shareholders": "N/A",
        "Total Cost of profits": 878,
        "Profit after tax corporate income": 3111,
        "Volume": 8000000,
        "Close of Quarter": 3.6,
        "EPS": 342.5,
        "Non-adjusted EPS": 863,
        "PE": 4.2,
        "Book Price": 4.8
      }
    },
    {
      "quarter": "Q1 2014",
      "income status": {
        "Net sales": 77379,
        "Cost of goods sold": 65774,
        "Gross Profit": 11605,
        "Financial expenses": 1126,
        "Of which: Interest expense": 1126,
        "Cost of sales": 5395,
        "Enterprise cost management": 2674,
        "Total Operating Expenses": 9195,
        "Total revenue financing activities": 14,
        "Net profit from business activities": 2423,
        "Profit": 3,
        "Profit before tax": 2426,
        "Present corporate income tax expenses": 534,
        "Deferred income taxes expenses": "N/A",
        "The interests of minority shareholders": "N/A",
        "Total Cost of profits": 534,
        "Profit after tax corporate income": 1892,
        "Volume": 8000000,
        "Close of Quarter": 4.6,
        "EPS": 276.2,
        "Non-adjusted EPS": 696,
        "PE": 6.6,
        "Book Price": 4.8
      }
    },
    {
      "quarter": "Q4 2013",
      "income status": {
        "Net sales": 92360,
        "Cost of goods sold": 79886,
        "Gross Profit": 12475,
        "Financial expenses": 1234,
        "Of which: Interest expense": 1205,
        "Cost of sales": 7411,
        "Enterprise cost management": 3049,
        "Total Operating Expenses": 11694,
        "Total revenue financing activities": 212,
        "Net profit from business activities": 992,
        "Profit": 11,
        "Profit before tax": 1003,
        "Present corporate income tax expenses": 278,
        "Deferred income taxes expenses": "N/A",
        "The interests of minority shareholders": "N/A",
        "Total Cost of profits": 278,
        "Profit after tax corporate income": 726,
        "Volume": 8000000,
        "Close of Quarter": 4.6,
        "EPS": 286.9,
        "Non-adjusted EPS": 723,
        "PE": 6.4,
        "Book Price": 4.7
      }
    },
    {
      "quarter": "Q3 2013",
      "income status": {
        "Net sales": 91682,
        "Cost of goods sold": 80516,
        "Gross Profit": 11166,
        "Financial expenses": 1095,
        "Of which: Interest expense": 1087,
        "Cost of sales": 6215,
        "Enterprise cost management": 2757,
        "Total Operating Expenses": 10067,
        "Total revenue financing activities": 576,
        "Net profit from business activities": 1675,
        "Profit": 10,
        "Profit before tax": 1685,
        "Present corporate income tax expenses": 515,
        "Deferred income taxes expenses": "N/A",
        "The interests of minority shareholders": "N/A",
        "Total Cost of profits": 515,
        "Profit after tax corporate income": 1171,
        "Volume": 8000000,
        "Close of Quarter": 3.3,
        "EPS": 367.9,
        "Non-adjusted EPS": 927,
        "PE": 3.6,
        "Book Price": 4.7
      }
    },
    {
      "quarter": "Q2 2013",
      "income status": {
        "Net sales": 78173,
        "Cost of goods sold": 68251,
        "Gross Profit": 9922,
        "Financial expenses": 1179,
        "Of which: Interest expense": 1179,
        "Cost of sales": 4934,
        "Enterprise cost management": 2353,
        "Total Operating Expenses": 8466,
        "Total revenue financing activities": 888,
        "Net profit from business activities": 2344,
        "Profit": 23,
        "Profit before tax": 2367,
        "Present corporate income tax expenses": 592,
        "Deferred income taxes expenses": "N/A",
        "The interests of minority shareholders": "N/A",
        "Total Cost of profits": 592,
        "Profit after tax corporate income": 1775,
        "Volume": 8000000,
        "Close of Quarter": 3.4,
        "EPS": 383.3,
        "Non-adjusted EPS": 966,
        "PE": 3.6,
        "Book Price": 4.6
      }
    },
    {
      "quarter": "Q1 2013",
      "income status": {
        "Net sales": 81875,
        "Cost of goods sold": 69208,
        "Gross Profit": 12667,
        "Financial expenses": 1386,
        "Of which: Interest expense": 1385,
        "Cost of sales": 6304,
        "Enterprise cost management": 2779,
        "Total Operating Expenses": 10469,
        "Total revenue financing activities": 605,
        "Net profit from business activities": 2804,
        "Profit": 7,
        "Profit before tax": 2811,
        "Present corporate income tax expenses": 703,
        "Deferred income taxes expenses": "N/A",
        "The interests of minority shareholders": "N/A",
        "Total Cost of profits": 703,
        "Profit after tax corporate income": 2108,
        "Volume": 8000000,
        "Close of Quarter": 5.9,
        "EPS": 295.2,
        "Non-adjusted EPS": 744,
        "PE": 7.9,
        "Book Price": 4.6
      }
    },
    {
      "quarter": "Q4 2012",
      "income status": {
        "Net sales": 99388,
        "Cost of goods sold": 87917,
        "Gross Profit": 11471,
        "Financial expenses": 1259,
        "Of which: Interest expense": 1259,
        "Cost of sales": 4718,
        "Enterprise cost management": 2635,
        "Total Operating Expenses": 8612,
        "Total revenue financing activities": 22,
        "Net profit from business activities": 2880,
        "Profit": 60,
        "Profit before tax": 2941,
        "Present corporate income tax expenses": 579,
        "Deferred income taxes expenses": "N/A",
        "The interests of minority shareholders": "N/A",
        "Total Cost of profits": 579,
        "Profit after tax corporate income": 2361,
        "Volume": 8000000,
        "Close of Quarter": "N/A",
        "EPS": 190.9,
        "Non-adjusted EPS": 481,
        "PE": "N/A",
        "Book Price": 4.4
      }
    },
    {
      "quarter": "Q3 2012",
      "income status": {
        "Net sales": 90045,
        "Cost of goods sold": 76622,
        "Gross Profit": 13423,
        "Financial expenses": 1610,
        "Of which: Interest expense": 1603,
        "Cost of sales": 5048,
        "Enterprise cost management": 2841,
        "Total Operating Expenses": 9499,
        "Total revenue financing activities": 15,
        "Net profit from business activities": 3941,
        "Profit": -2143,
        "Profit before tax": 1798,
        "Present corporate income tax expenses": 315,
        "Deferred income taxes expenses": "N/A",
        "The interests of minority shareholders": "N/A",
        "Total Cost of profits": 315,
        "Profit after tax corporate income": 1483,
        "Volume": 8000000,
        "Close of Quarter": "N/A",
        "EPS": 73.4,
        "Non-adjusted EPS": 185,
        "PE": "N/A",
        "Book Price": 4.3
      }
    }
  ]
}