{
  "ticker": "DIG",
  "data": [
    {
      "quarter": "Q4 2016",
      "income status": {
        "Net sales": 347117,
        "Cost of goods sold": 205597,
        "Gross Profit": 141521,
        "Financial expenses": 36784,
        "Of which: Interest expense": 7043,
        "Cost of sales": 18748,
        "Enterprise cost management": 26649,
        "Total Operating Expenses": 82181,
        "Total revenue financing activities": 8424,
        "Net profit from business activities": 63806,
        "Profit": 2225,
        "Profit before tax": 66031,
        "Present corporate income tax expenses": 18846,
        "Deferred income taxes expenses": 23,
        "The interests of minority shareholders": 4327,
        "Total Cost of profits": 23196,
        "Profit after tax corporate income": 42835,
        "Volume": 231694819,
        "Close of Quarter": 7.7,
        "EPS": 346.3,
        "Non-adjusted EPS": 356,
        "PE": 21.5,
        "Book Price": 11.9
      }
    },
    {
      "quarter": "Q3 2016",
      "income status": {
        "Net sales": 340406,
        "Cost of goods sold": 251972,
        "Gross Profit": 88435,
        "Financial expenses": 4175,
        "Of which: Interest expense": 4167,
        "Cost of sales": 22046,
        "Enterprise cost management": 20215,
        "Total Operating Expenses": 46436,
        "Total revenue financing activities": 3297,
        "Net profit from business activities": 46880,
        "Profit": 1893,
        "Profit before tax": 48773,
        "Present corporate income tax expenses": 8693,
        "Deferred income taxes expenses": 23,
        "The interests of minority shareholders": 1249,
        "Total Cost of profits": 9965,
        "Profit after tax corporate income": 38808,
        "Volume": 231694819,
        "Close of Quarter": 7.1,
        "EPS": 85.6,
        "Non-adjusted EPS": 88,
        "PE": 80.9,
        "Book Price": 11.3
      }
    },
    {
      "quarter": "Q2 2016",
      "income status": {
        "Net sales": 198100,
        "Cost of goods sold": 149606,
        "Gross Profit": 48495,
        "Financial expenses": 705,
        "Of which: Interest expense": 1612,
        "Cost of sales": 18194,
        "Enterprise cost management": 16120,
        "Total Operating Expenses": 35019,
        "Total revenue financing activities": 5795,
        "Net profit from business activities": -4809,
        "Profit": 833,
        "Profit before tax": -3976,
        "Present corporate income tax expenses": 3324,
        "Deferred income taxes expenses": 23,
        "The interests of minority shareholders": 1447,
        "Total Cost of profits": 4794,
        "Profit after tax corporate income": -8770,
        "Volume": 214533793,
        "Close of Quarter": 8.3,
        "EPS": -9.0,
        "Non-adjusted EPS": -10,
        "PE": -830,
        "Book Price": 11.1
      }
    },
    {
      "quarter": "Q1 2016",
      "income status": {
        "Net sales": 289554,
        "Cost of goods sold": 246512,
        "Gross Profit": 43042,
        "Financial expenses": 3324,
        "Of which: Interest expense": 2829,
        "Cost of sales": 15987,
        "Enterprise cost management": 16702,
        "Total Operating Expenses": 36013,
        "Total revenue financing activities": 3883,
        "Net profit from business activities": 11971,
        "Profit": 555,
        "Profit before tax": 12526,
        "Present corporate income tax expenses": 1982,
        "Deferred income taxes expenses": 23,
        "The interests of minority shareholders": 875,
        "Total Cost of profits": 2880,
        "Profit after tax corporate income": 9646,
        "Volume": 214533793,
        "Close of Quarter": 6.7,
        "EPS": 84.7,
        "Non-adjusted EPS": 94,
        "PE": 71.0,
        "Book Price": 11.2
      }
    },
    {
      "quarter": "Q4 2015",
      "income status": {
        "Net sales": 186047,
        "Cost of goods sold": 135565,
        "Gross Profit": 50482,
        "Financial expenses": 14558,
        "Of which: Interest expense": 7050,
        "Cost of sales": 23021,
        "Enterprise cost management": 28834,
        "Total Operating Expenses": 66413,
        "Total revenue financing activities": 12496,
        "Net profit from business activities": -2746,
        "Profit": -13356,
        "Profit before tax": -16102,
        "Present corporate income tax expenses": 1938,
        "Deferred income taxes expenses": 101,
        "The interests of minority shareholders": 1128,
        "Total Cost of profits": 3167,
        "Profit after tax corporate income": -19269,
        "Volume": 214533793,
        "Close of Quarter": 8.4,
        "EPS": 45.9,
        "Non-adjusted EPS": 51,
        "PE": 165.3,
        "Book Price": 11.1
      }
    },
    {
      "quarter": "Q3 2015",
      "income status": {
        "Net sales": 167550,
        "Cost of goods sold": 124881,
        "Gross Profit": 42669,
        "Financial expenses": -1772,
        "Of which: Interest expense": -2908,
        "Cost of sales": 21514,
        "Enterprise cost management": 18225,
        "Total Operating Expenses": 37967,
        "Total revenue financing activities": 13564,
        "Net profit from business activities": 18820,
        "Profit": 1612,
        "Profit before tax": 20431,
        "Present corporate income tax expenses": 2286,
        "Deferred income taxes expenses": "N/A",
        "The interests of minority shareholders": 1882,
        "Total Cost of profits": 4168,
        "Profit after tax corporate income": 16264,
        "Volume": 198643620,
        "Close of Quarter": 10.4,
        "EPS": 205.2,
        "Non-adjusted EPS": 246,
        "PE": 42.2,
        "Book Price": 11.3
      }
    },
    {
      "quarter": "Q2 2015",
      "income status": {
        "Net sales": 200260,
        "Cost of goods sold": 153769,
        "Gross Profit": 46491,
        "Financial expenses": -7666,
        "Of which: Interest expense": 2215,
        "Cost of sales": 22870,
        "Enterprise cost management": 16205,
        "Total Operating Expenses": 31409,
        "Total revenue financing activities": 12729,
        "Net profit from business activities": 24476,
        "Profit": -1489,
        "Profit before tax": 22987,
        "Present corporate income tax expenses": 4384,
        "Deferred income taxes expenses": 4546,
        "The interests of minority shareholders": 623,
        "Total Cost of profits": 9553,
        "Profit after tax corporate income": 13434,
        "Volume": 178743620,
        "Close of Quarter": 10.3,
        "EPS": 178.6,
        "Non-adjusted EPS": 238,
        "PE": 43.2,
        "Book Price": 10.2
      }
    },
    {
      "quarter": "Q1 2015",
      "income status": {
        "Net sales": 110659,
        "Cost of goods sold": 85264,
        "Gross Profit": 25395,
        "Financial expenses": 2815,
        "Of which: Interest expense": 1303,
        "Cost of sales": 15177,
        "Enterprise cost management": 12095,
        "Total Operating Expenses": 30087,
        "Total revenue financing activities": 8009,
        "Net profit from business activities": 1497,
        "Profit": 276,
        "Profit before tax": 1774,
        "Present corporate income tax expenses": 1338,
        "Deferred income taxes expenses": "N/A",
        "The interests of minority shareholders": -55,
        "Total Cost of profits": 1283,
        "Profit after tax corporate income": 491,
        "Volume": 178743620,
        "Close of Quarter": 10.3,
        "EPS": 115.6,
        "Non-adjusted EPS": 154,
        "PE": 66.8,
        "Book Price": 10.4
      }
    },
    {
      "quarter": "Q4 2014",
      "income status": {
        "Net sales": 256461,
        "Cost of goods sold": 203327,
        "Gross Profit": 53133,
        "Financial expenses": 3642,
        "Of which: Interest expense": 1687,
        "Cost of sales": 16694,
        "Enterprise cost management": 16015,
        "Total Operating Expenses": 36351,
        "Total revenue financing activities": 8855,
        "Net profit from business activities": 20863,
        "Profit": 4327,
        "Profit before tax": 25190,
        "Present corporate income tax expenses": 5105,
        "Deferred income taxes expenses": "N/A",
        "The interests of minority shareholders": 1420,
        "Total Cost of profits": 6525,
        "Profit after tax corporate income": 18665,
        "Volume": 178743620,
        "Close of Quarter": 11.2,
        "EPS": 180.9,
        "Non-adjusted EPS": 241,
        "PE": 46.6,
        "Book Price": 10.3
      }
    },
    {
      "quarter": "Q3 2014",
      "income status": {
        "Net sales": 119968,
        "Cost of goods sold": 90577,
        "Gross Profit": 29391,
        "Financial expenses": -381,
        "Of which: Interest expense": 2347,
        "Cost of sales": 14414,
        "Enterprise cost management": 12349,
        "Total Operating Expenses": 26382,
        "Total revenue financing activities": 9417,
        "Net profit from business activities": 12271,
        "Profit": 31,
        "Profit before tax": 12302,
        "Present corporate income tax expenses": 1885,
        "Deferred income taxes expenses": "N/A",
        "The interests of minority shareholders": 545,
        "Total Cost of profits": 2430,
        "Profit after tax corporate income": 9871,
        "Volume": 178743620,
        "Close of Quarter": 12.9,
        "EPS": 189.1,
        "Non-adjusted EPS": 252,
        "PE": 51.0,
        "Book Price": 10.2
      }
    },
    {
      "quarter": "Q2 2014",
      "income status": {
        "Net sales": 137050,
        "Cost of goods sold": 109915,
        "Gross Profit": 27135,
        "Financial expenses": 9803,
        "Of which: Interest expense": 3340,
        "Cost of sales": 14738,
        "Enterprise cost management": 12004,
        "Total Operating Expenses": 36545,
        "Total revenue financing activities": 3947,
        "Net profit from business activities": -3494,
        "Profit": 5662,
        "Profit before tax": 2168,
        "Present corporate income tax expenses": 470,
        "Deferred income taxes expenses": 1542,
        "The interests of minority shareholders": 1699,
        "Total Cost of profits": 3711,
        "Profit after tax corporate income": -1543,
        "Volume": 142995587,
        "Close of Quarter": 10.8,
        "EPS": 154.3,
        "Non-adjusted EPS": 257,
        "PE": 42.2,
        "Book Price": 10.2
      }
    },
    {
      "quarter": "Q1 2014",
      "income status": {
        "Net sales": 182865,
        "Cost of goods sold": 142625,
        "Gross Profit": 40239,
        "Financial expenses": -6865,
        "Of which: Interest expense": 3048,
        "Cost of sales": 14363,
        "Enterprise cost management": 12222,
        "Total Operating Expenses": 19720,
        "Total revenue financing activities": 2695,
        "Net profit from business activities": 22841,
        "Profit": -1187,
        "Profit before tax": 21654,
        "Present corporate income tax expenses": 5856,
        "Deferred income taxes expenses": "N/A",
        "The interests of minority shareholders": -341,
        "Total Cost of profits": 5515,
        "Profit after tax corporate income": 16139,
        "Volume": 142995587,
        "Close of Quarter": 12.4,
        "EPS": 225.1,
        "Non-adjusted EPS": 375,
        "PE": 33.1,
        "Book Price": 10.2
      }
    },
    {
      "quarter": "Q4 2013",
      "income status": {
        "Net sales": 182425,
        "Cost of goods sold": 139617,
        "Gross Profit": 42809,
        "Financial expenses": 15994,
        "Of which: Interest expense": 3328,
        "Cost of sales": 14411,
        "Enterprise cost management": 15202,
        "Total Operating Expenses": 45607,
        "Total revenue financing activities": 16083,
        "Net profit from business activities": 13285,
        "Profit": 10542,
        "Profit before tax": 23827,
        "Present corporate income tax expenses": 7653,
        "Deferred income taxes expenses": -3870,
        "The interests of minority shareholders": -605,
        "Total Cost of profits": 3178,
        "Profit after tax corporate income": 20649,
        "Volume": 142995587,
        "Close of Quarter": 8.5,
        "EPS": 190.9,
        "Non-adjusted EPS": 318,
        "PE": 26.7,
        "Book Price": 9.9
      }
    },
    {
      "quarter": "Q3 2013",
      "income status": {
        "Net sales": 202577,
        "Cost of goods sold": 170486,
        "Gross Profit": 32091,
        "Financial expenses": 3382,
        "Of which: Interest expense": 2821,
        "Cost of sales": 19343,
        "Enterprise cost management": 14829,
        "Total Operating Expenses": 37554,
        "Total revenue financing activities": 6184,
        "Net profit from business activities": 720,
        "Profit": 649,
        "Profit before tax": 1745,
        "Present corporate income tax expenses": "N/A",
        "Deferred income taxes expenses": 794,
        "The interests of minority shareholders": -537,
        "Total Cost of profits": 257,
        "Profit after tax corporate income": 1488,
        "Volume": 139371037,
        "Close of Quarter": 6.4,
        "EPS": 17.0,
        "Non-adjusted EPS": 29,
        "PE": 220,
        "Book Price": 9.8
      }
    },
    {
      "quarter": "Q2 2013",
      "income status": {
        "Net sales": 152968,
        "Cost of goods sold": 116164,
        "Gross Profit": 36804,
        "Financial expenses": 11774,
        "Of which: Interest expense": 12890,
        "Cost of sales": 20261,
        "Enterprise cost management": 15971,
        "Total Operating Expenses": 48006,
        "Total revenue financing activities": 1814,
        "Net profit from business activities": -9387,
        "Profit": 4504,
        "Profit before tax": 13213,
        "Present corporate income tax expenses": -51,
        "Deferred income taxes expenses": 1831,
        "The interests of minority shareholders": -3864,
        "Total Cost of profits": -2084,
        "Profit after tax corporate income": 15297,
        "Volume": 139371037,
        "Close of Quarter": 7.1,
        "EPS": "N/A",
        "Non-adjusted EPS": " ",
        "PE": "N/A",
        "Book Price": 9.8
      }
    },
    {
      "quarter": "Q1 2013",
      "income status": {
        "Net sales": 176129,
        "Cost of goods sold": 131618,
        "Gross Profit": 44511,
        "Financial expenses": 6106,
        "Of which: Interest expense": 5827,
        "Cost of sales": 17652,
        "Enterprise cost management": 15469,
        "Total Operating Expenses": 39227,
        "Total revenue financing activities": 2896,
        "Net profit from business activities": 8179,
        "Profit": 580,
        "Profit before tax": 9212,
        "Present corporate income tax expenses": 5278,
        "Deferred income taxes expenses": "N/A",
        "The interests of minority shareholders": -4108,
        "Total Cost of profits": 1170,
        "Profit after tax corporate income": 8042,
        "Volume": 139371037,
        "Close of Quarter": 8.6,
        "EPS": "",
        "Non-adjusted EPS": "N/A",
        "PE": 176.3,
        "Book Price": 9.8
      }
    },
    {
      "quarter": "Q4 2012",
      "income status": {
        "Net sales": 228146,
        "Cost of goods sold": 194016,
        "Gross Profit": 34130,
        "Financial expenses": 48204,
        "Of which: Interest expense": 20691,
        "Cost of sales": 20661,
        "Enterprise cost management": 20857,
        "Total Operating Expenses": 89722,
        "Total revenue financing activities": 9149,
        "Net profit from business activities": -46443,
        "Profit": 1528,
        "Profit before tax": -43122,
        "Present corporate income tax expenses": -10402,
        "Deferred income taxes expenses": -808,
        "The interests of minority shareholders": -11073,
        "Total Cost of profits": -22283,
        "Profit after tax corporate income": -20840,
        "Volume": 126373268,
        "Close of Quarter": 8.8,
        "EPS": "",
        "Non-adjusted EPS": 28.7,
        "PE": 47.7,
        "Book Price": 10.3
      }
    },
    {
      "quarter": "Q3 2012",
      "income status": {
        "Net sales": 175870,
        "Cost of goods sold": 138472,
        "Gross Profit": 37398,
        "Financial expenses": 13227,
        "Of which: Interest expense": 12643,
        "Cost of sales": 21578,
        "Enterprise cost management": 17423,
        "Total Operating Expenses": 52228,
        "Total revenue financing activities": 7702,
        "Net profit from business activities": -7129,
        "Profit": 134,
        "Profit before tax": -5037,
        "Present corporate income tax expenses": 559,
        "Deferred income taxes expenses": "N/A",
        "The interests of minority shareholders": -3135,
        "Total Cost of profits": -2576,
        "Profit after tax corporate income": -2461,
        "Volume": 126373268,
        "Close of Quarter": 6.9,
        "EPS": 49,
        "Non-adjusted EPS": 97.6,
        "PE": 21.1,
        "Book Price": 10.2
      }
    },
    {
      "quarter": "Q2 2012",
      "income status": {
        "Net sales": 191529,
        "Cost of goods sold": 128961,
        "Gross Profit": 62568,
        "Financial expenses": -3322,
        "Of which: Interest expense": 13724,
        "Cost of sales": 18034,
        "Enterprise cost management": 17407,
        "Total Operating Expenses": 32119,
        "Total revenue financing activities": -6982,
        "Net profit from business activities": 23466,
        "Profit": -685,
        "Profit before tax": 22085,
        "Present corporate income tax expenses": 1553,
        "Deferred income taxes expenses": 489,
        "The interests of minority shareholders": -2100,
        "Total Cost of profits": -58,
        "Profit after tax corporate income": 22144,
        "Volume": 126373268,
        "Close of Quarter": 9.5,
        "EPS": 184,
        "Non-adjusted EPS": 172.4,
        "PE": 9.4,
        "Book Price": 10.2
      }
    },
    {
      "quarter": "Q1 2012",
      "income status": {
        "Net sales": 189811,
        "Cost of goods sold": 143480,
        "Gross Profit": 46331,
        "Financial expenses": 6570,
        "Of which: Interest expense": 6442,
        "Cost of sales": 17296,
        "Enterprise cost management": 17299,
        "Total Operating Expenses": 41165,
        "Total revenue financing activities": 27552,
        "Net profit from business activities": 32718,
        "Profit": -105,
        "Profit before tax": 32205,
        "Present corporate income tax expenses": 10005,
        "Deferred income taxes expenses": "N/A",
        "The interests of minority shareholders": -2208,
        "Total Cost of profits": 7797,
        "Profit after tax corporate income": 24408,
        "Volume": 126373268,
        "Close of Quarter": 9.7,
        "EPS": 325,
        "Non-adjusted EPS": 536.9,
        "PE": 11.7,
        "Book Price": 10.2
      }
    },
    {
      "quarter": "Q4 2011",
      "income status": {
        "Net sales": 287144,
        "Cost of goods sold": 223556,
        "Gross Profit": 63587,
        "Financial expenses": 38066,
        "Of which: Interest expense": "N/A",
        "Cost of sales": 17598,
        "Enterprise cost management": 91806,
        "Total Operating Expenses": 147470,
        "Total revenue financing activities": 78951,
        "Net profit from business activities": -4932,
        "Profit": 710,
        "Profit before tax": -4221,
        "Present corporate income tax expenses": 1745,
        "Deferred income taxes expenses": "N/A",
        "The interests of minority shareholders": -2985,
        "Total Cost of profits": -1240,
        "Profit after tax corporate income": -2981,
        "Volume": 129997818,
        "Close of Quarter": 6.1,
        "EPS": 1012,
        "Non-adjusted EPS": 439.8,
        "PE": 7.6,
        "Book Price": 10.0
      }
    },
    {
      "quarter": "Q3 2011",
      "income status": {
        "Net sales": 275664,
        "Cost of goods sold": 191231,
        "Gross Profit": 84433,
        "Financial expenses": 17083,
        "Of which: Interest expense": 13661,
        "Cost of sales": 20993,
        "Enterprise cost management": 15898,
        "Total Operating Expenses": 53974,
        "Total revenue financing activities": 19493,
        "Net profit from business activities": 49952,
        "Profit": 62113,
        "Profit before tax": 112418,
        "Present corporate income tax expenses": 28438,
        "Deferred income taxes expenses": "N/A",
        "The interests of minority shareholders": -330,
        "Total Cost of profits": 28108,
        "Profit after tax corporate income": 84309,
        "Volume": 97828450,
        "Close of Quarter": 8.8,
        "EPS": 829,
        "Non-adjusted EPS": 436.1,
        "PE": 3.4,
        "Book Price": 10.2
      }
    },
    {
      "quarter": "Q2 2011",
      "income status": {
        "Net sales": 124588,
        "Cost of goods sold": 74061,
        "Gross Profit": 50527,
        "Financial expenses": 33378,
        "Of which: Interest expense": 12875,
        "Cost of sales": 13495,
        "Enterprise cost management": 14614,
        "Total Operating Expenses": 61487,
        "Total revenue financing activities": 16019,
        "Net profit from business activities": 5059,
        "Profit": -1071,
        "Profit before tax": -2298,
        "Present corporate income tax expenses": -638,
        "Deferred income taxes expenses": 185,
        "The interests of minority shareholders": -834,
        "Total Cost of profits": -1287,
        "Profit after tax corporate income": -1011,
        "Volume": 97828450,
        "Close of Quarter": 8.0,
        "EPS": 799,
        "Non-adjusted EPS": 1076.5,
        "PE": 1.9,
        "Book Price": 9.9
      }
    },
    {
      "quarter": "Q1 2011",
      "income status": {
        "Net sales": 164408,
        "Cost of goods sold": 113817,
        "Gross Profit": 50591,
        "Financial expenses": 5439,
        "Of which: Interest expense": "N/A",
        "Cost of sales": 16362,
        "Enterprise cost management": 18808,
        "Total Operating Expenses": 40609,
        "Total revenue financing activities": 21328,
        "Net profit from business activities": 31311,
        "Profit": -350,
        "Profit before tax": 31235,
        "Present corporate income tax expenses": 8146,
        "Deferred income taxes expenses": "N/A",
        "The interests of minority shareholders": -398,
        "Total Cost of profits": 7748,
        "Profit after tax corporate income": 23487,
        "Volume": 97828450,
        "Close of Quarter": 11.7,
        "EPS": 2621,
        "Non-adjusted EPS": 1718.4,
        "PE": 2.4,
        "Book Price": 9.9
      }
    }
  ]
}