{
  "ticker": "VHC",
  "data": [
    {
      "quarter": "Q4 2016",
      "income status": {
        "Net sales": 1743203,
        "Cost of goods sold": 1531894,
        "Gross Profit": 211309,
        "Financial expenses": 17944,
        "Of which: Interest expense": 14232,
        "Cost of sales": 61723,
        "Enterprise cost management": 37720,
        "Total Operating Expenses": 117387,
        "Total revenue financing activities": 39756,
        "Net profit from business activities": 133677,
        "Profit": -2623,
        "Profit before tax": 131053,
        "Present corporate income tax expenses": 22992,
        "Deferred income taxes expenses": 10789,
        "The interests of minority shareholders": -28,
        "Total Cost of profits": 33753,
        "Profit after tax corporate income": 97300,
        "Volume": 92403943,
        "Close of Quarter": 57.8,
        "EPS": 6002,
        "Non-adjusted EPS": 6002,
        "PE": 9.6,
        "Book Price": 25.8
      }
    },
    {
      "quarter": "Q3 2016",
      "income status": {
        "Net sales": 1879070,
        "Cost of goods sold": 1624967,
        "Gross Profit": 254104,
        "Financial expenses": 19129,
        "Of which: Interest expense": 17516,
        "Cost of sales": 61197,
        "Enterprise cost management": 28849,
        "Total Operating Expenses": 109175,
        "Total revenue financing activities": 18693,
        "Net profit from business activities": 163622,
        "Profit": -4932,
        "Profit before tax": 158690,
        "Present corporate income tax expenses": 26204,
        "Deferred income taxes expenses": 1128,
        "The interests of minority shareholders": -598,
        "Total Cost of profits": 26734,
        "Profit after tax corporate income": 131957,
        "Volume": 92403943,
        "Close of Quarter": 57.6,
        "EPS": 5712,
        "Non-adjusted EPS": 5712,
        "PE": 10.1,
        "Book Price": 25.8
      }
    },
    {
      "quarter": "Q2 2016",
      "income status": {
        "Net sales": 2080432,
        "Cost of goods sold": 1712962,
        "Gross Profit": 367471,
        "Financial expenses": 25344,
        "Of which: Interest expense": 26621,
        "Cost of sales": 79605,
        "Enterprise cost management": 23104,
        "Total Operating Expenses": 128053,
        "Total revenue financing activities": 19011,
        "Net profit from business activities": 258428,
        "Profit": -4617,
        "Profit before tax": 253811,
        "Present corporate income tax expenses": 44179,
        "Deferred income taxes expenses": -14468,
        "The interests of minority shareholders": -52,
        "Total Cost of profits": 29659,
        "Profit after tax corporate income": 224152,
        "Volume": 92403943,
        "Close of Quarter": 44.6,
        "EPS": 4934,
        "Non-adjusted EPS": 4934,
        "PE": 9.0,
        "Book Price": 24.4
      }
    },
    {
      "quarter": "Q1 2016",
      "income status": {
        "Net sales": 1600841,
        "Cost of goods sold": 1362830,
        "Gross Profit": 238011,
        "Financial expenses": 30158,
        "Of which: Interest expense": 9782,
        "Cost of sales": 63852,
        "Enterprise cost management": 30057,
        "Total Operating Expenses": 124067,
        "Total revenue financing activities": 9280,
        "Net profit from business activities": 123223,
        "Profit": 3866,
        "Profit before tax": 127089,
        "Present corporate income tax expenses": 21472,
        "Deferred income taxes expenses": 5086,
        "The interests of minority shareholders": -685,
        "Total Cost of profits": 25873,
        "Profit after tax corporate income": 101217,
        "Volume": 92403943,
        "Close of Quarter": 25.9,
        "EPS": 3473,
        "Non-adjusted EPS": 3473,
        "PE": 7.5,
        "Book Price": 23.7
      }
    },
    {
      "quarter": "Q4 2015",
      "income status": {
        "Net sales": 1838306,
        "Cost of goods sold": 1641871,
        "Gross Profit": 196436,
        "Financial expenses": 42030,
        "Of which: Interest expense": 20709,
        "Cost of sales": 70860,
        "Enterprise cost management": 22125,
        "Total Operating Expenses": 135015,
        "Total revenue financing activities": 23994,
        "Net profit from business activities": 85414,
        "Profit": -125,
        "Profit before tax": 85289,
        "Present corporate income tax expenses": 15170,
        "Deferred income taxes expenses": -365,
        "The interests of minority shareholders": -45,
        "Total Cost of profits": 14760,
        "Profit after tax corporate income": 70530,
        "Volume": 92403943,
        "Close of Quarter": 27.5,
        "EPS": 3490,
        "Non-adjusted EPS": 3490,
        "PE": 7.9,
        "Book Price": 22.6
      }
    },
    {
      "quarter": "Q3 2015",
      "income status": {
        "Net sales": 1449229,
        "Cost of goods sold": 1263300,
        "Gross Profit": 185929,
        "Financial expenses": 92052,
        "Of which: Interest expense": 10254,
        "Cost of sales": 61636,
        "Enterprise cost management": 27249,
        "Total Operating Expenses": 180937,
        "Total revenue financing activities": 71191,
        "Net profit from business activities": 76183,
        "Profit": -561,
        "Profit before tax": 75622,
        "Present corporate income tax expenses": 15153,
        "Deferred income taxes expenses": 1348,
        "The interests of minority shareholders": -938,
        "Total Cost of profits": 15563,
        "Profit after tax corporate income": 60060,
        "Volume": 92403943,
        "Close of Quarter": 34.4,
        "EPS": 3173,
        "Non-adjusted EPS": 3173,
        "PE": 10.8,
        "Book Price": 21.8
      }
    },
    {
      "quarter": "Q2 2015",
      "income status": {
        "Net sales": 1703577,
        "Cost of goods sold": 1479320,
        "Gross Profit": 224257,
        "Financial expenses": 55894,
        "Of which: Interest expense": -4136,
        "Cost of sales": 63838,
        "Enterprise cost management": 32786,
        "Total Operating Expenses": 152518,
        "Total revenue financing activities": 34251,
        "Net profit from business activities": 105990,
        "Profit": -1321,
        "Profit before tax": 104669,
        "Present corporate income tax expenses": 15435,
        "Deferred income taxes expenses": 541,
        "The interests of minority shareholders": -416,
        "Total Cost of profits": 15560,
        "Profit after tax corporate income": 89109,
        "Volume": 92403943,
        "Close of Quarter": 35.4,
        "EPS": 5489,
        "Non-adjusted EPS": 5489,
        "PE": 6.5,
        "Book Price": 21.2
      }
    },
    {
      "quarter": "Q1 2015",
      "income status": {
        "Net sales": 1504433,
        "Cost of goods sold": 1316651,
        "Gross Profit": 187782,
        "Financial expenses": 16185,
        "Of which: Interest expense": 11719,
        "Cost of sales": 53403,
        "Enterprise cost management": 30012,
        "Total Operating Expenses": 99600,
        "Total revenue financing activities": 38374,
        "Net profit from business activities": 126556,
        "Profit": 65,
        "Profit before tax": 126621,
        "Present corporate income tax expenses": 20292,
        "Deferred income taxes expenses": 4001,
        "The interests of minority shareholders": -500,
        "Total Cost of profits": 23793,
        "Profit after tax corporate income": 102828,
        "Volume": 92403943,
        "Close of Quarter": 34.6,
        "EPS": 5201,
        "Non-adjusted EPS": 5201,
        "PE": 6.7,
        "Book Price": 21.4
      }
    },
    {
      "quarter": "Q4 2014",
      "income status": {
        "Net sales": 1996051,
        "Cost of goods sold": 1796921,
        "Gross Profit": 199130,
        "Financial expenses": 26004,
        "Of which: Interest expense": 16933,
        "Cost of sales": 59887,
        "Enterprise cost management": 79145,
        "Total Operating Expenses": 165036,
        "Total revenue financing activities": 31397,
        "Net profit from business activities": 65490,
        "Profit": -1075,
        "Profit before tax": 64414,
        "Present corporate income tax expenses": 21580,
        "Deferred income taxes expenses": 2019,
        "The interests of minority shareholders": -426,
        "Total Cost of profits": 23173,
        "Profit after tax corporate income": 41240,
        "Volume": 92403943,
        "Close of Quarter": 34.8,
        "EPS": 4511,
        "Non-adjusted EPS": 4511,
        "PE": 7.7,
        "Book Price": 20.3
      }
    },
    {
      "quarter": "Q3 2014",
      "income status": {
        "Net sales": 1693093,
        "Cost of goods sold": 1405146,
        "Gross Profit": 287947,
        "Financial expenses": 13772,
        "Of which: Interest expense": 9763,
        "Cost of sales": 72890,
        "Enterprise cost management": 25889,
        "Total Operating Expenses": 112551,
        "Total revenue financing activities": 194668,
        "Net profit from business activities": 370065,
        "Profit": -5211,
        "Profit before tax": 364854,
        "Present corporate income tax expenses": 77263,
        "Deferred income taxes expenses": 3880,
        "The interests of minority shareholders": 9695,
        "Total Cost of profits": 90838,
        "Profit after tax corporate income": 274016,
        "Volume": 60403953,
        "Close of Quarter": 33.0,
        "EPS": 4182.3,
        "Non-adjusted EPS": 6398,
        "PE": 5.2,
        "Book Price": 19.1
      }
    },
    {
      "quarter": "Q2 2014",
      "income status": {
        "Net sales": 1454220,
        "Cost of goods sold": 1277213,
        "Gross Profit": 177007,
        "Financial expenses": 12388,
        "Of which: Interest expense": 6025,
        "Cost of sales": 64164,
        "Enterprise cost management": 25238,
        "Total Operating Expenses": 101790,
        "Total revenue financing activities": 10431,
        "Net profit from business activities": 85648,
        "Profit": -915,
        "Profit before tax": 84732,
        "Present corporate income tax expenses": 18927,
        "Deferred income taxes expenses": -2852,
        "The interests of minority shareholders": 6190,
        "Total Cost of profits": 22265,
        "Profit after tax corporate income": 62467,
        "Volume": 60206163,
        "Close of Quarter": 25.2,
        "EPS": 1860.8,
        "Non-adjusted EPS": 2856,
        "PE": 8.8,
        "Book Price": 17.0
      }
    },
    {
      "quarter": "Q1 2014",
      "income status": {
        "Net sales": 1156314,
        "Cost of goods sold": 1030471,
        "Gross Profit": 125843,
        "Financial expenses": 8363,
        "Of which: Interest expense": 8357,
        "Cost of sales": 48420,
        "Enterprise cost management": 22335,
        "Total Operating Expenses": 79118,
        "Total revenue financing activities": 4549,
        "Net profit from business activities": 51273,
        "Profit": -1300,
        "Profit before tax": 49973,
        "Present corporate income tax expenses": 8415,
        "Deferred income taxes expenses": -5983,
        "The interests of minority shareholders": 8451,
        "Total Cost of profits": 10883,
        "Profit after tax corporate income": 39089,
        "Volume": 60206163,
        "Close of Quarter": 16.7,
        "EPS": 1617.2,
        "Non-adjusted EPS": 2482,
        "PE": 6.7,
        "Book Price": 17.5
      }
    },
    {
      "quarter": "Q4 2013",
      "income status": {
        "Net sales": 1390932,
        "Cost of goods sold": 1217601,
        "Gross Profit": 173331,
        "Financial expenses": 16537,
        "Of which: Interest expense": 16562,
        "Cost of sales": 75897,
        "Enterprise cost management": 68517,
        "Total Operating Expenses": 160951,
        "Total revenue financing activities": 13493,
        "Net profit from business activities": 25873,
        "Profit": 3726,
        "Profit before tax": 29598,
        "Present corporate income tax expenses": 4007,
        "Deferred income taxes expenses": 7409,
        "The interests of minority shareholders": 7296,
        "Total Cost of profits": 18712,
        "Profit after tax corporate income": 10886,
        "Volume": 60206163,
        "Close of Quarter": 13.7,
        "EPS": 1737.7,
        "Non-adjusted EPS": 2667,
        "PE": 5.1,
        "Book Price": 15.9
      }
    },
    {
      "quarter": "Q3 2013",
      "income status": {
        "Net sales": 1293630,
        "Cost of goods sold": 1125817,
        "Gross Profit": 167813,
        "Financial expenses": 36053,
        "Of which: Interest expense": 26680,
        "Cost of sales": 59703,
        "Enterprise cost management": 26468,
        "Total Operating Expenses": 122224,
        "Total revenue financing activities": 28101,
        "Net profit from business activities": 73690,
        "Profit": 6013,
        "Profit before tax": 79704,
        "Present corporate income tax expenses": 14208,
        "Deferred income taxes expenses": 31,
        "The interests of minority shareholders": 5984,
        "Total Cost of profits": 20223,
        "Profit after tax corporate income": 59481,
        "Volume": 60206163,
        "Close of Quarter": 12.8,
        "EPS": 2068.7,
        "Non-adjusted EPS": 3175,
        "PE": 4.0,
        "Book Price": 15.8
      }
    },
    {
      "quarter": "Q2 2013",
      "income status": {
        "Net sales": 1344196,
        "Cost of goods sold": 1213234,
        "Gross Profit": 130961,
        "Financial expenses": 21572,
        "Of which: Interest expense": 18622,
        "Cost of sales": 57206,
        "Enterprise cost management": 20729,
        "Total Operating Expenses": 99507,
        "Total revenue financing activities": 26214,
        "Net profit from business activities": 57668,
        "Profit": -1468,
        "Profit before tax": 56199,
        "Present corporate income tax expenses": 14237,
        "Deferred income taxes expenses": 831,
        "The interests of minority shareholders": 1154,
        "Total Cost of profits": 16222,
        "Profit after tax corporate income": 39977,
        "Volume": 46312523,
        "Close of Quarter": 15.5,
        "EPS": 1950.2,
        "Non-adjusted EPS": 3891,
        "PE": 4.0,
        "Book Price": 15.1
      }
    },
    {
      "quarter": "Q1 2013",
      "income status": {
        "Net sales": 1073475,
        "Cost of goods sold": 942856,
        "Gross Profit": 130619,
        "Financial expenses": 16552,
        "Of which: Interest expense": 15850,
        "Cost of sales": 53830,
        "Enterprise cost management": 19642,
        "Total Operating Expenses": 90024,
        "Total revenue financing activities": 25407,
        "Net profit from business activities": 66002,
        "Profit": -509,
        "Profit before tax": 65493,
        "Present corporate income tax expenses": 11538,
        "Deferred income taxes expenses": 196,
        "The interests of minority shareholders": 3550,
        "Total Cost of profits": 15284,
        "Profit after tax corporate income": 50208,
        "Volume": 46312523,
        "Close of Quarter": 11.6,
        "EPS": 2270.4,
        "Non-adjusted EPS": 4530,
        "PE": 2.6,
        "Book Price": 14.9
      }
    },
    {
      "quarter": "Q4 2012",
      "income status": {
        "Net sales": 1114864,
        "Cost of goods sold": 984692,
        "Gross Profit": 130172,
        "Financial expenses": 17877,
        "Of which: Interest expense": 17811,
        "Cost of sales": 61947,
        "Enterprise cost management": 30264,
        "Total Operating Expenses": 110088,
        "Total revenue financing activities": 35313,
        "Net profit from business activities": 55396,
        "Profit": 378,
        "Profit before tax": 55775,
        "Present corporate income tax expenses": 11427,
        "Deferred income taxes expenses": 331,
        "The interests of minority shareholders": 2502,
        "Total Cost of profits": 14260,
        "Profit after tax corporate income": 41515,
        "Volume": 45952523,
        "Close of Quarter": 11.2,
        "EPS": 2259.7,
        "Non-adjusted EPS": 4544,
        "PE": 2.5,
        "Book Price": 14.4
      }
    },
    {
      "quarter": "Q3 2012",
      "income status": {
        "Net sales": 1162131,
        "Cost of goods sold": 1028395,
        "Gross Profit": 133736,
        "Financial expenses": 13245,
        "Of which: Interest expense": 11793,
        "Cost of sales": 59355,
        "Enterprise cost management": 19376,
        "Total Operating Expenses": 91976,
        "Total revenue financing activities": 22859,
        "Net profit from business activities": 64619,
        "Profit": 203,
        "Profit before tax": 64822,
        "Present corporate income tax expenses": 12073,
        "Deferred income taxes expenses": -873,
        "The interests of minority shareholders": 5119,
        "Total Cost of profits": 16319,
        "Profit after tax corporate income": 48503,
        "Volume": 45952523,
        "Close of Quarter": 12.3,
        "EPS": 2632.7,
        "Non-adjusted EPS": 5294,
        "PE": 2.3,
        "Book Price": 14.4
      }
    },
    {
      "quarter": "Q2 2012",
      "income status": {
        "Net sales": 978690,
        "Cost of goods sold": 827549,
        "Gross Profit": 151141,
        "Financial expenses": 11121,
        "Of which: Interest expense": 10039,
        "Cost of sales": 50687,
        "Enterprise cost management": 17382,
        "Total Operating Expenses": 79190,
        "Total revenue financing activities": 15459,
        "Net profit from business activities": 87411,
        "Profit": 5455,
        "Profit before tax": 92866,
        "Present corporate income tax expenses": 14717,
        "Deferred income taxes expenses": -41,
        "The interests of minority shareholders": 8635,
        "Total Cost of profits": 23311,
        "Profit after tax corporate income": 69555,
        "Volume": 45952523,
        "Close of Quarter": 17.6,
        "EPS": 3009.2,
        "Non-adjusted EPS": 6051,
        "PE": 2.9,
        "Book Price": 13.9
      }
    },
    {
      "quarter": "Q1 2012",
      "income status": {
        "Net sales": 954540,
        "Cost of goods sold": 819145,
        "Gross Profit": 135394,
        "Financial expenses": 24739,
        "Of which: Interest expense": 20388,
        "Cost of sales": 41963,
        "Enterprise cost management": 15832,
        "Total Operating Expenses": 82534,
        "Total revenue financing activities": 12259,
        "Net profit from business activities": 65119,
        "Profit": -439,
        "Profit before tax": 64680,
        "Present corporate income tax expenses": 9395,
        "Deferred income taxes expenses": 572,
        "The interests of minority shareholders": 5456,
        "Total Cost of profits": 15423,
        "Profit after tax corporate income": 49257,
        "Volume": 45952523,
        "Close of Quarter": 15.6,
        "EPS": 3578.1,
        "Non-adjusted EPS": 7195,
        "PE": 2.2,
        "Book Price": 14.0
      }
    },
    {
      "quarter": "Q4 2011",
      "income status": {
        "Net sales": 1134663,
        "Cost of goods sold": 973981,
        "Gross Profit": 160681,
        "Financial expenses": 32145,
        "Of which: Interest expense": 18321,
        "Cost of sales": 45511,
        "Enterprise cost management": 14020,
        "Total Operating Expenses": 91676,
        "Total revenue financing activities": 21971,
        "Net profit from business activities": 90977,
        "Profit": 1011,
        "Profit before tax": 456690,
        "Present corporate income tax expenses": 9958,
        "Deferred income taxes expenses": 797,
        "The interests of minority shareholders": 5291,
        "Total Cost of profits": 16046,
        "Profit after tax corporate income": 75942,
        "Volume": 45952523,
        "Close of Quarter": 12.0,
        "EPS": 3942.1,
        "Non-adjusted EPS": 7927,
        "PE": 1.5,
        "Book Price": 13.1
      }
    },
    {
      "quarter": "Q3 2011",
      "income status": {
        "Net sales": 1131034,
        "Cost of goods sold": 952458,
        "Gross Profit": 178576,
        "Financial expenses": 20537,
        "Of which: Interest expense": 15942,
        "Cost of sales": 45047,
        "Enterprise cost management": 17310,
        "Total Operating Expenses": 82894,
        "Total revenue financing activities": 9969,
        "Net profit from business activities": 105651,
        "Profit": 716,
        "Profit before tax": 364702,
        "Present corporate income tax expenses": 20763,
        "Deferred income taxes expenses": 1976,
        "The interests of minority shareholders": 332,
        "Total Cost of profits": 23071,
        "Profit after tax corporate income": 83296,
        "Volume": 45952523,
        "Close of Quarter": 13.7,
        "EPS": 3579.6,
        "Non-adjusted EPS": 7198,
        "PE": 1.9,
        "Book Price": 13.0
      }
    },
    {
      "quarter": "Q2 2011",
      "income status": {
        "Net sales": 923697,
        "Cost of goods sold": 722614,
        "Gross Profit": 201083,
        "Financial expenses": 33720,
        "Of which: Interest expense": 17982,
        "Cost of sales": 42810,
        "Enterprise cost management": 12157,
        "Total Operating Expenses": 88687,
        "Total revenue financing activities": 39484,
        "Net profit from business activities": 151879,
        "Profit": -1414,
        "Profit before tax": 150465,
        "Present corporate income tax expenses": 24256,
        "Deferred income taxes expenses": -1079,
        "The interests of minority shareholders": 5134,
        "Total Cost of profits": 28311,
        "Profit after tax corporate income": 122153,
        "Volume": 45952523,
        "Close of Quarter": 12.3,
        "EPS": 3353.8,
        "Non-adjusted EPS": 6744,
        "PE": 1.8,
        "Book Price": 12.0
      }
    },
    {
      "quarter": "Q1 2011",
      "income status": {
        "Net sales": 936162,
        "Cost of goods sold": 778615,
        "Gross Profit": 157547,
        "Financial expenses": 24059,
        "Of which: Interest expense": 15252,
        "Cost of sales": 42575,
        "Enterprise cost management": 11459,
        "Total Operating Expenses": 78093,
        "Total revenue financing activities": 29330,
        "Net profit from business activities": 108784,
        "Profit": -897,
        "Profit before tax": 107887,
        "Present corporate income tax expenses": 18186,
        "Deferred income taxes expenses": -150,
        "The interests of minority shareholders": 6998,
        "Total Cost of profits": 25034,
        "Profit after tax corporate income": 82853,
        "Volume": 45952523,
        "Close of Quarter": 9.5,
        "EPS": 2747.6,
        "Non-adjusted EPS": 5525,
        "PE": 1.7,
        "Book Price": 11.0
      }
    }
  ]
}