{
  "ticker": "VNT",
  "data": [
    {
      "quarter": "Q4 2016",
      "income status": {
        "Net sales": 197302,
        "Cost of goods sold": 176726,
        "Gross Profit": 20577,
        "Financial expenses": 4516,
        "Of which: Interest expense": 3600,
        "Cost of sales": "N/A",
        "Enterprise cost management": 10703,
        "Total Operating Expenses": 15219,
        "Total revenue financing activities": 1146,
        "Net profit from business activities": 6504,
        "Profit": 372,
        "Profit before tax": 6876,
        "Present corporate income tax expenses": 1272,
        "Deferred income taxes expenses": "N/A",
        "The interests of minority shareholders": "N/A",
        "Total Cost of profits": 1272,
        "Profit after tax corporate income": 5603,
        "Volume": 8529890,
        "Close of Quarter": 29,
        "EPS": 2567,
        "Non-adjusted EPS": 2567,
        "PE": 11.3,
        "Book Price": 15.5
      }
    },
    {
      "quarter": "Q3 2016",
      "income status": {
        "Net sales": 174742,
        "Cost of goods sold": 160936,
        "Gross Profit": 13806,
        "Financial expenses": 2497,
        "Of which: Interest expense": 2190,
        "Cost of sales": "N/A",
        "Enterprise cost management": 6439,
        "Total Operating Expenses": 8936,
        "Total revenue financing activities": 802,
        "Net profit from business activities": 5672,
        "Profit": 32,
        "Profit before tax": 5704,
        "Present corporate income tax expenses": 1097,
        "Deferred income taxes expenses": "N/A",
        "The interests of minority shareholders": "N/A",
        "Total Cost of profits": 1097,
        "Profit after tax corporate income": 4607,
        "Volume": 8529890,
        "Close of Quarter": 30.9,
        "EPS": 2527,
        "Non-adjusted EPS": 2527,
        "PE": 12.2,
        "Book Price": 15.9
      }
    },
    {
      "quarter": "Q2 2016",
      "income status": {
        "Net sales": 161389,
        "Cost of goods sold": 145807,
        "Gross Profit": 15582,
        "Financial expenses": 2633,
        "Of which: Interest expense": 2255,
        "Cost of sales": "N/A",
        "Enterprise cost management": 7435,
        "Total Operating Expenses": 10068,
        "Total revenue financing activities": 1035,
        "Net profit from business activities": 6549,
        "Profit": 614,
        "Profit before tax": 7163,
        "Present corporate income tax expenses": 1337,
        "Deferred income taxes expenses": "N/A",
        "The interests of minority shareholders": "N/A",
        "Total Cost of profits": 1337,
        "Profit after tax corporate income": 5826,
        "Volume": 8529890,
        "Close of Quarter": 31.3,
        "EPS": 2825,
        "Non-adjusted EPS": 2825,
        "PE": 11.1,
        "Book Price": 15.4
      }
    },
    {
      "quarter": "Q1 2016",
      "income status": {
        "Net sales": 147399,
        "Cost of goods sold": 132908,
        "Gross Profit": 14491,
        "Financial expenses": 2174,
        "Of which: Interest expense": 1893,
        "Cost of sales": "N/A",
        "Enterprise cost management": 6083,
        "Total Operating Expenses": 8257,
        "Total revenue financing activities": 778,
        "Net profit from business activities": 7013,
        "Profit": 319,
        "Profit before tax": 7332,
        "Present corporate income tax expenses": 1469,
        "Deferred income taxes expenses": "N/A",
        "The interests of minority shareholders": "N/A",
        "Total Cost of profits": 1469,
        "Profit after tax corporate income": 5863,
        "Volume": 8529890,
        "Close of Quarter": 32.8,
        "EPS": 3146,
        "Non-adjusted EPS": 3146,
        "PE": 10.4,
        "Book Price": 16.3
      }
    },
    {
      "quarter": "Q4 2015",
      "income status": {
        "Net sales": 217737,
        "Cost of goods sold": 203019,
        "Gross Profit": 14718,
        "Financial expenses": 2351,
        "Of which: Interest expense": 1812,
        "Cost of sales": "N/A",
        "Enterprise cost management": 7676,
        "Total Operating Expenses": 10027,
        "Total revenue financing activities": 1745,
        "Net profit from business activities": 6437,
        "Profit": 231,
        "Profit before tax": 6668,
        "Present corporate income tax expenses": 1412,
        "Deferred income taxes expenses": "N/A",
        "The interests of minority shareholders": "N/A",
        "Total Cost of profits": 1412,
        "Profit after tax corporate income": 5255,
        "Volume": 8529890,
        "Close of Quarter": 37.1,
        "EPS": 3389,
        "Non-adjusted EPS": 3389,
        "PE": 10.9,
        "Book Price": 15.6
      }
    },
    {
      "quarter": "Q3 2015",
      "income status": {
        "Net sales": 202651,
        "Cost of goods sold": 184149,
        "Gross Profit": 18502,
        "Financial expenses": 3438,
        "Of which: Interest expense": 1618,
        "Cost of sales": "N/A",
        "Enterprise cost management": 7720,
        "Total Operating Expenses": 11158,
        "Total revenue financing activities": 1622,
        "Net profit from business activities": 8965,
        "Profit": 105,
        "Profit before tax": 9070,
        "Present corporate income tax expenses": 1921,
        "Deferred income taxes expenses": "N/A",
        "The interests of minority shareholders": "N/A",
        "Total Cost of profits": 1921,
        "Profit after tax corporate income": 7149,
        "Volume": 8529890,
        "Close of Quarter": 31.9,
        "EPS": 3465,
        "Non-adjusted EPS": 3465,
        "PE": 9.2,
        "Book Price": 15
      }
    },
    {
      "quarter": "Q2 2015",
      "income status": {
        "Net sales": 189563,
        "Cost of goods sold": 174055,
        "Gross Profit": 15508,
        "Financial expenses": 797,
        "Of which: Interest expense": "N/A",
        "Cost of sales": "N/A",
        "Enterprise cost management": 6314,
        "Total Operating Expenses": 7111,
        "Total revenue financing activities": 2014,
        "Net profit from business activities": 10412,
        "Profit": 322,
        "Profit before tax": 10733,
        "Present corporate income tax expenses": 2162,
        "Deferred income taxes expenses": "N/A",
        "The interests of minority shareholders": "N/A",
        "Total Cost of profits": 2162,
        "Profit after tax corporate income": 8571,
        "Volume": 5686600,
        "Close of Quarter": 36.5,
        "EPS": 3412.7,
        "Non-adjusted EPS": 5119,
        "PE": 7.1,
        "Book Price": 15.1
      }
    },
    {
      "quarter": "Q1 2015",
      "income status": {
        "Net sales": 169064,
        "Cost of goods sold": 153696,
        "Gross Profit": 15369,
        "Financial expenses": 394,
        "Of which: Interest expense": "N/A",
        "Cost of sales": "N/A",
        "Enterprise cost management": 6228,
        "Total Operating Expenses": 6622,
        "Total revenue financing activities": 1282,
        "Net profit from business activities": 10029,
        "Profit": 145,
        "Profit before tax": 10174,
        "Present corporate income tax expenses": 2242,
        "Deferred income taxes expenses": "N/A",
        "The interests of minority shareholders": "N/A",
        "Total Cost of profits": 2242,
        "Profit after tax corporate income": 7933,
        "Volume": 5416600,
        "Close of Quarter": 30.8,
        "EPS": 3410.7,
        "Non-adjusted EPS": 5371,
        "PE": 5.7,
        "Book Price": 14.6
      }
    },
    {
      "quarter": "Q4 2014",
      "income status": {
        "Net sales": 215078,
        "Cost of goods sold": 197322,
        "Gross Profit": 17756,
        "Financial expenses": 427,
        "Of which: Interest expense": "N/A",
        "Cost of sales": "N/A",
        "Enterprise cost management": 8952,
        "Total Operating Expenses": 9379,
        "Total revenue financing activities": 2297,
        "Net profit from business activities": 10674,
        "Profit": -992,
        "Profit before tax": 9682,
        "Present corporate income tax expenses": 3781,
        "Deferred income taxes expenses": "N/A",
        "The interests of minority shareholders": "N/A",
        "Total Cost of profits": 3781,
        "Profit after tax corporate income": 5901,
        "Volume": 5416600,
        "Close of Quarter": 28.7,
        "EPS": 3339.5,
        "Non-adjusted EPS": 5259,
        "PE": 5.5,
        "Book Price": 14.0
      }
    },
    {
      "quarter": "Q3 2014",
      "income status": {
        "Net sales": 187840,
        "Cost of goods sold": 175593,
        "Gross Profit": 12248,
        "Financial expenses": 321,
        "Of which: Interest expense": "N/A",
        "Cost of sales": "N/A",
        "Enterprise cost management": 4958,
        "Total Operating Expenses": 5279,
        "Total revenue financing activities": 2226,
        "Net profit from business activities": 9194,
        "Profit": -126,
        "Profit before tax": 9067,
        "Present corporate income tax expenses": 2364,
        "Deferred income taxes expenses": "N/A",
        "The interests of minority shareholders": "N/A",
        "Total Cost of profits": 2364,
        "Profit after tax corporate income": 6703,
        "Volume": 5416600,
        "Close of Quarter": 22.8,
        "EPS": 3317.3,
        "Non-adjusted EPS": 5224,
        "PE": 4.4,
        "Book Price": 13.3
      }
    },
    {
      "quarter": "Q2 2014",
      "income status": {
        "Net sales": 165797,
        "Cost of goods sold": 152331,
        "Gross Profit": 13466,
        "Financial expenses": 587,
        "Of which: Interest expense": "N/A",
        "Cost of sales": "N/A",
        "Enterprise cost management": 6353,
        "Total Operating Expenses": 6940,
        "Total revenue financing activities": 3840,
        "Net profit from business activities": 10366,
        "Profit": 346,
        "Profit before tax": 10712,
        "Present corporate income tax expenses": 2154,
        "Deferred income taxes expenses": "N/A",
        "The interests of minority shareholders": "N/A",
        "Total Cost of profits": 2154,
        "Profit after tax corporate income": 8558,
        "Volume": 5416600,
        "Close of Quarter": 20.3,
        "EPS": 3372.6,
        "Non-adjusted EPS": 5311,
        "PE": 3.8,
        "Book Price": 13.1
      }
    },
    {
      "quarter": "Q1 2014",
      "income status": {
        "Net sales": 133903,
        "Cost of goods sold": 122901,
        "Gross Profit": 11002,
        "Financial expenses": 95,
        "Of which: Interest expense": "N/A",
        "Cost of sales": "N/A",
        "Enterprise cost management": 3560,
        "Total Operating Expenses": 3655,
        "Total revenue financing activities": 1820,
        "Net profit from business activities": 9167,
        "Profit": 190,
        "Profit before tax": 9357,
        "Present corporate income tax expenses": 2036,
        "Deferred income taxes expenses": "N/A",
        "The interests of minority shareholders": "N/A",
        "Total Cost of profits": 2036,
        "Profit after tax corporate income": 7322,
        "Volume": 5416600,
        "Close of Quarter": 18.0,
        "EPS": 3215.1,
        "Non-adjusted EPS": 5063,
        "PE": 3.6,
        "Book Price": 13.3
      }
    },
    {
      "quarter": "Q4 2013",
      "income status": {
        "Net sales": 143002,
        "Cost of goods sold": 132986,
        "Gross Profit": 10016,
        "Financial expenses": -252,
        "Of which: Interest expense": "N/A",
        "Cost of sales": "N/A",
        "Enterprise cost management": 4784,
        "Total Operating Expenses": 4532,
        "Total revenue financing activities": 1933,
        "Net profit from business activities": 7416,
        "Profit": 200,
        "Profit before tax": 7617,
        "Present corporate income tax expenses": 1904,
        "Deferred income taxes expenses": "N/A",
        "The interests of minority shareholders": "N/A",
        "Total Cost of profits": 1904,
        "Profit after tax corporate income": 5712,
        "Volume": 5416600,
        "Close of Quarter": 14.8,
        "EPS": 3170.0,
        "Non-adjusted EPS": 4992,
        "PE": 3.0,
        "Book Price": 13.1
      }
    },
    {
      "quarter": "Q3 2013",
      "income status": {
        "Net sales": 149342,
        "Cost of goods sold": 138856,
        "Gross Profit": 10486,
        "Financial expenses": 390,
        "Of which: Interest expense": "N/A",
        "Cost of sales": "N/A",
        "Enterprise cost management": 4107,
        "Total Operating Expenses": 4497,
        "Total revenue financing activities": 3066,
        "Net profit from business activities": 9055,
        "Profit": 396,
        "Profit before tax": 9452,
        "Present corporate income tax expenses": 2274,
        "Deferred income taxes expenses": "N/A",
        "The interests of minority shareholders": "N/A",
        "Total Cost of profits": 2274,
        "Profit after tax corporate income": 7177,
        "Volume": 5416600,
        "Close of Quarter": 13.1,
        "EPS": 3227.8,
        "Non-adjusted EPS": 5083,
        "PE": 2.6,
        "Book Price": 12.4
      }
    },
    {
      "quarter": "Q2 2013",
      "income status": {
        "Net sales": 158039,
        "Cost of goods sold": 146462,
        "Gross Profit": 11577,
        "Financial expenses": 716,
        "Of which: Interest expense": "N/A",
        "Cost of sales": "N/A",
        "Enterprise cost management": 5186,
        "Total Operating Expenses": 5902,
        "Total revenue financing activities": 3484,
        "Net profit from business activities": 9159,
        "Profit": 258,
        "Profit before tax": 9417,
        "Present corporate income tax expenses": 2203,
        "Deferred income taxes expenses": "N/A",
        "The interests of minority shareholders": "N/A",
        "Total Cost of profits": 2203,
        "Profit after tax corporate income": 7214,
        "Volume": 5416600,
        "Close of Quarter": 12.4,
        "EPS": 3069.0,
        "Non-adjusted EPS": 4833,
        "PE": 2.6,
        "Book Price": 12.2
      }
    },
    {
      "quarter": "Q1 2013",
      "income status": {
        "Net sales": 168967,
        "Cost of goods sold": 162733,
        "Gross Profit": 6233,
        "Financial expenses": 301,
        "Of which: Interest expense": "N/A",
        "Cost of sales": "N/A",
        "Enterprise cost management": 4081,
        "Total Operating Expenses": 4382,
        "Total revenue financing activities": 2317,
        "Net profit from business activities": 4169,
        "Profit": 5081,
        "Profit before tax": 9249,
        "Present corporate income tax expenses": 2312,
        "Deferred income taxes expenses": "N/A",
        "The interests of minority shareholders": "N/A",
        "Total Cost of profits": 2312,
        "Profit after tax corporate income": 6937,
        "Volume": 5416600,
        "Close of Quarter": 9.6,
        "EPS": 3137.6,
        "Non-adjusted EPS": 4941,
        "PE": 1.9,
        "Book Price": 11.4
      }
    },
    {
      "quarter": "Q4 2012",
      "income status": {
        "Net sales": 154325,
        "Cost of goods sold": 143882,
        "Gross Profit": 10443,
        "Financial expenses": 228,
        "Of which: Interest expense": "N/A",
        "Cost of sales": "N/A",
        "Enterprise cost management": 7472,
        "Total Operating Expenses": 7700,
        "Total revenue financing activities": 4838,
        "Net profit from business activities": 7581,
        "Profit": -31,
        "Profit before tax": 7550,
        "Present corporate income tax expenses": 1345,
        "Deferred income taxes expenses": "N/A",
        "The interests of minority shareholders": "N/A",
        "Total Cost of profits": 1345,
        "Profit after tax corporate income": 6205,
        "Volume": 5416600,
        "Close of Quarter": 8.5,
        "EPS": 3185.9,
        "Non-adjusted EPS": 5017,
        "PE": 1.7,
        "Book Price": 11.7
      }
    },
    {
      "quarter": "Q3 2012",
      "income status": {
        "Net sales": 131881,
        "Cost of goods sold": 122008,
        "Gross Profit": 9873,
        "Financial expenses": 327,
        "Of which: Interest expense": "N/A",
        "Cost of sales": "N/A",
        "Enterprise cost management": 4252,
        "Total Operating Expenses": 4579,
        "Total revenue financing activities": 2063,
        "Net profit from business activities": 7358,
        "Profit": -82,
        "Profit before tax": 7276,
        "Present corporate income tax expenses": 1454,
        "Deferred income taxes expenses": "N/A",
        "The interests of minority shareholders": "N/A",
        "Total Cost of profits": 1454,
        "Profit after tax corporate income": 5822,
        "Volume": 5416600,
        "Close of Quarter": 7.9,
        "EPS": 3127.4,
        "Non-adjusted EPS": 4925,
        "PE": 1.6,
        "Book Price": 11.6
      }
    },
    {
      "quarter": "Q2 2012",
      "income status": {
        "Net sales": 137655,
        "Cost of goods sold": 126734,
        "Gross Profit": 10921,
        "Financial expenses": -156,
        "Of which: Interest expense": "N/A",
        "Cost of sales": "N/A",
        "Enterprise cost management": 4137,
        "Total Operating Expenses": 3981,
        "Total revenue financing activities": 2710,
        "Net profit from business activities": 9650,
        "Profit": 148,
        "Profit before tax": 9798,
        "Present corporate income tax expenses": 1997,
        "Deferred income taxes expenses": "N/A",
        "The interests of minority shareholders": "N/A",
        "Total Cost of profits": 1997,
        "Profit after tax corporate income": 7801,
        "Volume": 5416600,
        "Close of Quarter": 6.2,
        "EPS": 3149.0,
        "Non-adjusted EPS": 4959,
        "PE": 1.3,
        "Book Price": 10.9
      }
    },
    {
      "quarter": "Q1 2012",
      "income status": {
        "Net sales": 115728,
        "Cost of goods sold": 106855,
        "Gross Profit": 8873,
        "Financial expenses": 915,
        "Of which: Interest expense": "N/A",
        "Cost of sales": "N/A",
        "Enterprise cost management": 3340,
        "Total Operating Expenses": 4255,
        "Total revenue financing activities": 4932,
        "Net profit from business activities": 9550,
        "Profit": 35,
        "Profit before tax": 9586,
        "Present corporate income tax expenses": 2236,
        "Deferred income taxes expenses": "N/A",
        "The interests of minority shareholders": "N/A",
        "Total Cost of profits": 2236,
        "Profit after tax corporate income": 7349,
        "Volume": 5416600,
        "Close of Quarter": 5.8,
        "EPS": 2877.3,
        "Non-adjusted EPS": 4531,
        "PE": 1.3,
        "Book Price": 11.4
      }
    },
    {
      "quarter": "Q4 2011",
      "income status": {
        "Net sales": 139267,
        "Cost of goods sold": 129127,
        "Gross Profit": 10141,
        "Financial expenses": 2226,
        "Of which: Interest expense": "N/A",
        "Cost of sales": "N/A",
        "Enterprise cost management": 4704,
        "Total Operating Expenses": 6930,
        "Total revenue financing activities": 3712,
        "Net profit from business activities": 6923,
        "Profit": 420,
        "Profit before tax": 7344,
        "Present corporate income tax expenses": 1639,
        "Deferred income taxes expenses": "N/A",
        "The interests of minority shareholders": "N/A",
        "Total Cost of profits": 1639,
        "Profit after tax corporate income": 5704,
        "Volume": 5416600,
        "Close of Quarter": 4.9,
        "EPS": 2601.0,
        "Non-adjusted EPS": 4096,
        "PE": 1.2,
        "Book Price": 10.5
      }
    },
    {
      "quarter": "Q3 2011",
      "income status": {
        "Net sales": 121558,
        "Cost of goods sold": 114051,
        "Gross Profit": 7507,
        "Financial expenses": 1252,
        "Of which: Interest expense": "N/A",
        "Cost of sales": "N/A",
        "Enterprise cost management": 3330,
        "Total Operating Expenses": 4582,
        "Total revenue financing activities": 4191,
        "Net profit from business activities": 7115,
        "Profit": 374,
        "Profit before tax": 20937,
        "Present corporate income tax expenses": 1480,
        "Deferred income taxes expenses": "N/A",
        "The interests of minority shareholders": "N/A",
        "Total Cost of profits": 1480,
        "Profit after tax corporate income": 6009,
        "Volume": 5416600,
        "Close of Quarter": 5.3,
        "EPS": 2506.4,
        "Non-adjusted EPS": 3947,
        "PE": 1.4,
        "Book Price": 10.5
      }
    },
    {
      "quarter": "Q2 2011",
      "income status": {
        "Net sales": 141592,
        "Cost of goods sold": 132605,
        "Gross Profit": 8988,
        "Financial expenses": 3161,
        "Of which: Interest expense": "N/A",
        "Cost of sales": "N/A",
        "Enterprise cost management": 3162,
        "Total Operating Expenses": 6323,
        "Total revenue financing activities": 4289,
        "Net profit from business activities": 6953,
        "Profit": 1,
        "Profit before tax": 6953,
        "Present corporate income tax expenses": 1474,
        "Deferred income taxes expenses": "N/A",
        "The interests of minority shareholders": "N/A",
        "Total Cost of profits": 1474,
        "Profit after tax corporate income": 5480,
        "Volume": 5472000,
        "Close of Quarter": 5.9,
        "EPS": 2322.3,
        "Non-adjusted EPS": 3620,
        "PE": 1.6,
        "Book Price": 9.8
      }
    },
    {
      "quarter": "Q1 2011",
      "income status": {
        "Net sales": 110351,
        "Cost of goods sold": 106912,
        "Gross Profit": 3439,
        "Financial expenses": 2801,
        "Of which: Interest expense": 12,
        "Cost of sales": "N/A",
        "Enterprise cost management": 3706,
        "Total Operating Expenses": 6507,
        "Total revenue financing activities": 9545,
        "Net profit from business activities": 6477,
        "Profit": 18,
        "Profit before tax": 6495,
        "Present corporate income tax expenses": 1503,
        "Deferred income taxes expenses": "N/A",
        "The interests of minority shareholders": "N/A",
        "Total Cost of profits": 1503,
        "Profit after tax corporate income": 4992,
        "Volume": 5472000,
        "Close of Quarter": 6.9,
        "EPS": 2273.5,
        "Non-adjusted EPS": 3544,
        "PE": 2.0,
        "Book Price": 10.2
      }
    }
  ]
}