{
  "ticker": "LIX",
  "data": [
    {
      "quarter": "Q4 2016",
      "income status": {
        "Net sales": 512066,
        "Cost of goods sold": 411320,
        "Gross Profit": 100746,
        "Financial expenses": 1577,
        "Of which: Interest expense": 1079,
        "Cost of sales": 44146,
        "Enterprise cost management": 9849,
        "Total Operating Expenses": 55572,
        "Total revenue financing activities": 2000,
        "Net profit from business activities": 47173,
        "Profit": -7,
        "Profit before tax": 47166,
        "Present corporate income tax expenses": 10361,
        "Deferred income taxes expenses": 219,
        "The interests of minority shareholders": "N/A",
        "Total Cost of profits": 10580,
        "Profit after tax corporate income": 36587,
        "Volume": 32400000,
        "Close of Quarter": 55.1,
        "EPS": 4855,
        "Non-adjusted EPS": 4855,
        "PE": 11.4,
        "Book Price": 13.9
      }
    },
    {
      "quarter": "Q3 2016",
      "income status": {
        "Net sales": 511026,
        "Cost of goods sold": 404175,
        "Gross Profit": 106851,
        "Financial expenses": 1136,
        "Of which: Interest expense": 1100,
        "Cost of sales": 52465,
        "Enterprise cost management": 9117,
        "Total Operating Expenses": 62718,
        "Total revenue financing activities": 2041,
        "Net profit from business activities": 46173,
        "Profit": 14,
        "Profit before tax": 46187,
        "Present corporate income tax expenses": 9237,
        "Deferred income taxes expenses": "N/A",
        "The interests of minority shareholders": "N/A",
        "Total Cost of profits": 9237,
        "Profit after tax corporate income": 36950,
        "Volume": 32400000,
        "Close of Quarter": 55.2,
        "EPS": 6287,
        "Non-adjusted EPS": 6287,
        "PE": 8.8,
        "Book Price": 14.8
      }
    },
    {
      "quarter": "Q2 2016",
      "income status": {
        "Net sales": 488762,
        "Cost of goods sold": 388015,
        "Gross Profit": 100747,
        "Financial expenses": 1177,
        "Of which: Interest expense": 1105,
        "Cost of sales": 50586,
        "Enterprise cost management": 11880,
        "Total Operating Expenses": 63643,
        "Total revenue financing activities": 2160,
        "Net profit from business activities": 39265,
        "Profit": 18940,
        "Profit before tax": 58205,
        "Present corporate income tax expenses": 11641,
        "Deferred income taxes expenses": "N/A",
        "The interests of minority shareholders": "N/A",
        "Total Cost of profits": 11641,
        "Profit after tax corporate income": 46564,
        "Volume": 21600000,
        "Close of Quarter": 58.7,
        "EPS": 6092,
        "Non-adjusted EPS": 9138,
        "PE": 6.4,
        "Book Price": 13.7
      }
    },
    {
      "quarter": "Q1 2016",
      "income status": {
        "Net sales": 441450,
        "Cost of goods sold": 345709,
        "Gross Profit": 95740,
        "Financial expenses": 1345,
        "Of which: Interest expense": 1196,
        "Cost of sales": 42537,
        "Enterprise cost management": 8540,
        "Total Operating Expenses": 52422,
        "Total revenue financing activities": 3171,
        "Net profit from business activities": 46489,
        "Profit": 26,
        "Profit before tax": 46514,
        "Present corporate income tax expenses": 9303,
        "Deferred income taxes expenses": "N/A",
        "The interests of minority shareholders": "N/A",
        "Total Cost of profits": 9303,
        "Profit after tax corporate income": 37211,
        "Volume": 21600000,
        "Close of Quarter": 43.8,
        "EPS": 5726.7,
        "Non-adjusted EPS": 8590,
        "PE": 5.1,
        "Book Price": 15.1
      }
    },
    {
      "quarter": "Q4 2015",
      "income status": {
        "Net sales": 491056,
        "Cost of goods sold": 387303,
        "Gross Profit": 103752,
        "Financial expenses": 2059,
        "Of which: Interest expense": 701,
        "Cost of sales": 38581,
        "Enterprise cost management": 12293,
        "Total Operating Expenses": 52933,
        "Total revenue financing activities": 2962,
        "Net profit from business activities": 53781,
        "Profit": 53103,
        "Profit before tax": 106883,
        "Present corporate income tax expenses": 25228,
        "Deferred income taxes expenses": -1333,
        "The interests of minority shareholders": "N/A",
        "Total Cost of profits": 23895,
        "Profit after tax corporate income": 82989,
        "Volume": 21600000,
        "Close of Quarter": 34.6,
        "EPS": 5598,
        "Non-adjusted EPS": 8397,
        "PE": 4.1,
        "Book Price": 14
      }
    },
    {
      "quarter": "Q3 2015",
      "income status": {
        "Net sales": 450563,
        "Cost of goods sold": 361082,
        "Gross Profit": 89480,
        "Financial expenses": 1100,
        "Of which: Interest expense": 306,
        "Cost of sales": 43917,
        "Enterprise cost management": 8217,
        "Total Operating Expenses": 53234,
        "Total revenue financing activities": 2907,
        "Net profit from business activities": 39154,
        "Profit": 105,
        "Profit before tax": 39259,
        "Present corporate income tax expenses": 8637,
        "Deferred income taxes expenses": "N/A",
        "The interests of minority shareholders": "N/A",
        "Total Cost of profits": 8637,
        "Profit after tax corporate income": 30622,
        "Volume": 21600000,
        "Close of Quarter": 27.8,
        "EPS": 3863.3,
        "Non-adjusted EPS": 5795,
        "PE": 4.8,
        "Book Price": 12.4
      }
    },
    {
      "quarter": "Q2 2015",
      "income status": {
        "Net sales": 427788,
        "Cost of goods sold": 333031,
        "Gross Profit": 94757,
        "Financial expenses": 826,
        "Of which: Interest expense": 173,
        "Cost of sales": 37959,
        "Enterprise cost management": 14540,
        "Total Operating Expenses": 53325,
        "Total revenue financing activities": 2738,
        "Net profit from business activities": 44170,
        "Profit": 344,
        "Profit before tax": 44514,
        "Present corporate income tax expenses": 9793,
        "Deferred income taxes expenses": "N/A",
        "The interests of minority shareholders": "N/A",
        "Total Cost of profits": 9793,
        "Profit after tax corporate income": 34721,
        "Volume": 21600000,
        "Close of Quarter": 21.2,
        "EPS": 3513.3,
        "Non-adjusted EPS": 5270,
        "PE": 4.0,
        "Book Price": 11.5
      }
    },
    {
      "quarter": "Q1 2015",
      "income status": {
        "Net sales": 387899,
        "Cost of goods sold": 303296,
        "Gross Profit": 84603,
        "Financial expenses": 247,
        "Of which: Interest expense": 165,
        "Cost of sales": 33053,
        "Enterprise cost management": 10851,
        "Total Operating Expenses": 44151,
        "Total revenue financing activities": 1720,
        "Net profit from business activities": 42172,
        "Profit": 196,
        "Profit before tax": 42367,
        "Present corporate income tax expenses": 9321,
        "Deferred income taxes expenses": "N/A",
        "The interests of minority shareholders": "N/A",
        "Total Cost of profits": 9321,
        "Profit after tax corporate income": 33046,
        "Volume": 21600000,
        "Close of Quarter": 19.2,
        "EPS": 3086.7,
        "Non-adjusted EPS": 4630,
        "PE": 4.1,
        "Book Price": 12.3
      }
    },
    {
      "quarter": "Q4 2014",
      "income status": {
        "Net sales": 445828,
        "Cost of goods sold": 349140,
        "Gross Profit": 96688,
        "Financial expenses": 1039,
        "Of which: Interest expense": 459,
        "Cost of sales": 51924,
        "Enterprise cost management": 10607,
        "Total Operating Expenses": 63570,
        "Total revenue financing activities": 1882,
        "Net profit from business activities": 35000,
        "Profit": 10,
        "Profit before tax": 35010,
        "Present corporate income tax expenses": 8650,
        "Deferred income taxes expenses": -414,
        "The interests of minority shareholders": "N/A",
        "Total Cost of profits": 8236,
        "Profit after tax corporate income": 26774,
        "Volume": 21600000,
        "Close of Quarter": 17.3,
        "EPS": 2492.7,
        "Non-adjusted EPS": 3739,
        "PE": 4.6,
        "Book Price": 11.3
      }
    },
    {
      "quarter": "Q3 2014",
      "income status": {
        "Net sales": 444639,
        "Cost of goods sold": 354148,
        "Gross Profit": 90491,
        "Financial expenses": 613,
        "Of which: Interest expense": 279,
        "Cost of sales": 55438,
        "Enterprise cost management": 10907,
        "Total Operating Expenses": 66958,
        "Total revenue financing activities": 1157,
        "Net profit from business activities": 24689,
        "Profit": 55,
        "Profit before tax": 24744,
        "Present corporate income tax expenses": 5444,
        "Deferred income taxes expenses": "N/A",
        "The interests of minority shareholders": "N/A",
        "Total Cost of profits": 5444,
        "Profit after tax corporate income": 19300,
        "Volume": 21600000,
        "Close of Quarter": 16.2,
        "EPS": 2124,
        "Non-adjusted EPS": 3186,
        "PE": 5.1,
        "Book Price": 10.5
      }
    },
    {
      "quarter": "Q2 2014",
      "income status": {
        "Net sales": 435097,
        "Cost of goods sold": 347847,
        "Gross Profit": 87250,
        "Financial expenses": 728,
        "Of which: Interest expense": 325,
        "Cost of sales": 50108,
        "Enterprise cost management": 11195,
        "Total Operating Expenses": 62031,
        "Total revenue financing activities": 1440,
        "Net profit from business activities": 26660,
        "Profit": 125,
        "Profit before tax": 26784,
        "Present corporate income tax expenses": 5893,
        "Deferred income taxes expenses": "N/A",
        "The interests of minority shareholders": "N/A",
        "Total Cost of profits": 5893,
        "Profit after tax corporate income": 20892,
        "Volume": 21600000,
        "Close of Quarter": 14.4,
        "EPS": 2097.3,
        "Non-adjusted EPS": 3146,
        "PE": 4.6,
        "Book Price": 9.9
      }
    },
    {
      "quarter": "Q1 2014",
      "income status": {
        "Net sales": 380169,
        "Cost of goods sold": 313098,
        "Gross Profit": 67071,
        "Financial expenses": 409,
        "Of which: Interest expense": 328,
        "Cost of sales": 39725,
        "Enterprise cost management": 10851,
        "Total Operating Expenses": 50985,
        "Total revenue financing activities": 1314,
        "Net profit from business activities": 17400,
        "Profit": 295,
        "Profit before tax": 17695,
        "Present corporate income tax expenses": 3893,
        "Deferred income taxes expenses": "N/A",
        "The interests of minority shareholders": "N/A",
        "Total Cost of profits": 3893,
        "Profit after tax corporate income": 13802,
        "Volume": 21600000,
        "Close of Quarter": 16.2,
        "EPS": 1938,
        "Non-adjusted EPS": 2907,
        "PE": 5.6,
        "Book Price": 10.5
      }
    },
    {
      "quarter": "Q4 2013",
      "income status": {
        "Net sales": 407433,
        "Cost of goods sold": 335897,
        "Gross Profit": 71536,
        "Financial expenses": 455,
        "Of which: Interest expense": 334,
        "Cost of sales": 41728,
        "Enterprise cost management": 11100,
        "Total Operating Expenses": 53283,
        "Total revenue financing activities": 1790,
        "Net profit from business activities": 20043,
        "Profit": -12,
        "Profit before tax": 20031,
        "Present corporate income tax expenses": 5050,
        "Deferred income taxes expenses": 161,
        "The interests of minority shareholders": "N/A",
        "Total Cost of profits": 5211,
        "Profit after tax corporate income": 14820,
        "Volume": 21600000,
        "Close of Quarter": 15.8,
        "EPS": 2122,
        "Non-adjusted EPS": 3183,
        "PE": 5.0,
        "Book Price": 10
      }
    },
    {
      "quarter": "Q3 2013",
      "income status": {
        "Net sales": 371194,
        "Cost of goods sold": 305247,
        "Gross Profit": 65947,
        "Financial expenses": 625,
        "Of which: Interest expense": 371,
        "Cost of sales": 31068,
        "Enterprise cost management": 11282,
        "Total Operating Expenses": 42975,
        "Total revenue financing activities": 1577,
        "Net profit from business activities": 24549,
        "Profit": 217,
        "Profit before tax": 24765,
        "Present corporate income tax expenses": 6321,
        "Deferred income taxes expenses": "N/A",
        "The interests of minority shareholders": "N/A",
        "Total Cost of profits": 6321,
        "Profit after tax corporate income": 18444,
        "Volume": 21600000,
        "Close of Quarter": 15.4,
        "EPS": 2385.3,
        "Non-adjusted EPS": 3578,
        "PE": 4.3,
        "Book Price": 9.5
      }
    },
    {
      "quarter": "Q2 2013",
      "income status": {
        "Net sales": 356381,
        "Cost of goods sold": 292979,
        "Gross Profit": 63402,
        "Financial expenses": 711,
        "Of which: Interest expense": 358,
        "Cost of sales": 30069,
        "Enterprise cost management": 13751,
        "Total Operating Expenses": 44531,
        "Total revenue financing activities": 2085,
        "Net profit from business activities": 20956,
        "Profit": 9,
        "Profit before tax": 20965,
        "Present corporate income tax expenses": 5241,
        "Deferred income taxes expenses": "N/A",
        "The interests of minority shareholders": "N/A",
        "Total Cost of profits": 5241,
        "Profit after tax corporate income": 15724,
        "Volume": 21600000,
        "Close of Quarter": 13.8,
        "EPS": 2194,
        "Non-adjusted EPS": 3291,
        "PE": 4.2,
        "Book Price": 9
      }
    },
    {
      "quarter": "Q1 2013",
      "income status": {
        "Net sales": 357763,
        "Cost of goods sold": 292013,
        "Gross Profit": 65750,
        "Financial expenses": 428,
        "Of which: Interest expense": 232,
        "Cost of sales": 29869,
        "Enterprise cost management": 11233,
        "Total Operating Expenses": 41530,
        "Total revenue financing activities": 1820,
        "Net profit from business activities": 26040,
        "Profit": 319,
        "Profit before tax": 26359,
        "Present corporate income tax expenses": 6590,
        "Deferred income taxes expenses": "N/A",
        "The interests of minority shareholders": "N/A",
        "Total Cost of profits": 6590,
        "Profit after tax corporate income": 19769,
        "Volume": 10800000,
        "Close of Quarter": 15.0,
        "EPS": 2090.3,
        "Non-adjusted EPS": 6271,
        "PE": 2.4,
        "Book Price": 9.2
      }
    },
    {
      "quarter": "Q4 2012",
      "income status": {
        "Net sales": 386515,
        "Cost of goods sold": 311583,
        "Gross Profit": 74932,
        "Financial expenses": 514,
        "Of which: Interest expense": 514,
        "Cost of sales": 30995,
        "Enterprise cost management": 14237,
        "Total Operating Expenses": 45746,
        "Total revenue financing activities": 1363,
        "Net profit from business activities": 30549,
        "Profit": 713,
        "Profit before tax": 31262,
        "Present corporate income tax expenses": 8685,
        "Deferred income taxes expenses": -779,
        "The interests of minority shareholders": "N/A",
        "Total Cost of profits": 7906,
        "Profit after tax corporate income": 23355,
        "Volume": 10800000,
        "Close of Quarter": 7.2,
        "EPS": 1825,
        "Non-adjusted EPS": 5475,
        "PE": 1.3,
        "Book Price": 8.5
      }
    },
    {
      "quarter": "Q3 2012",
      "income status": {
        "Net sales": 342512,
        "Cost of goods sold": 282628,
        "Gross Profit": 59884,
        "Financial expenses": 445,
        "Of which: Interest expense": 445,
        "Cost of sales": 27910,
        "Enterprise cost management": 13616,
        "Total Operating Expenses": 41971,
        "Total revenue financing activities": 165,
        "Net profit from business activities": 18079,
        "Profit": -999,
        "Profit before tax": 17080,
        "Present corporate income tax expenses": 4834,
        "Deferred income taxes expenses": "N/A",
        "The interests of minority shareholders": "N/A",
        "Total Cost of profits": 4834,
        "Profit after tax corporate income": 12246,
        "Volume": 10800000,
        "Close of Quarter": 6.8,
        "EPS": 1482.3,
        "Non-adjusted EPS": 4447,
        "PE": 1.5,
        "Book Price": 8.2
      }
    },
    {
      "quarter": "Q2 2012",
      "income status": {
        "Net sales": 330821,
        "Cost of goods sold": 280427,
        "Gross Profit": 50394,
        "Financial expenses": 159,
        "Of which: Interest expense": 129,
        "Cost of sales": 24220,
        "Enterprise cost management": 10534,
        "Total Operating Expenses": 34913,
        "Total revenue financing activities": 889,
        "Net profit from business activities": 16370,
        "Profit": 109,
        "Profit before tax": 16479,
        "Present corporate income tax expenses": 4120,
        "Deferred income taxes expenses": "N/A",
        "The interests of minority shareholders": "N/A",
        "Total Cost of profits": 4120,
        "Profit after tax corporate income": 12359,
        "Volume": 9000000,
        "Close of Quarter": 6.4,
        "EPS": 1463.6,
        "Non-adjusted EPS": 5269,
        "PE": 1.2,
        "Book Price": 7.8
      }
    },
    {
      "quarter": "Q1 2012",
      "income status": {
        "Net sales": 342627,
        "Cost of goods sold": 294999,
        "Gross Profit": 47628,
        "Financial expenses": "N/A",
        "Of which: Interest expense": "N/A",
        "Cost of sales": 25022,
        "Enterprise cost management": 9636,
        "Total Operating Expenses": 34658,
        "Total revenue financing activities": 1816,
        "Net profit from business activities": 14785,
        "Profit": 109,
        "Profit before tax": 14894,
        "Present corporate income tax expenses": 3724,
        "Deferred income taxes expenses": "N/A",
        "The interests of minority shareholders": "N/A",
        "Total Cost of profits": 3724,
        "Profit after tax corporate income": 11171,
        "Volume": 9000000,
        "Close of Quarter": 6.7,
        "EPS": 1791.1,
        "Non-adjusted EPS": 6448,
        "PE": 1.0,
        "Book Price": 8
      }
    },
    {
      "quarter": "Q4 2011",
      "income status": {
        "Net sales": 319720,
        "Cost of goods sold": 274891,
        "Gross Profit": 44829,
        "Financial expenses": 216,
        "Of which: Interest expense": "N/A",
        "Cost of sales": 24166,
        "Enterprise cost management": 8567,
        "Total Operating Expenses": 32949,
        "Total revenue financing activities": 4456,
        "Net profit from business activities": 16335,
        "Profit": 62,
        "Profit before tax": 16397,
        "Present corporate income tax expenses": 4733,
        "Deferred income taxes expenses": -583,
        "The interests of minority shareholders": "N/A",
        "Total Cost of profits": 4150,
        "Profit after tax corporate income": 12247,
        "Volume": 9000000,
        "Close of Quarter": 5.8,
        "EPS": 1997.8,
        "Non-adjusted EPS": 7192,
        "PE": 0.8,
        "Book Price": 7.6
      }
    },
    {
      "quarter": "Q3 2011",
      "income status": {
        "Net sales": 291042,
        "Cost of goods sold": 250702,
        "Gross Profit": 40340,
        "Financial expenses": 23,
        "Of which: Interest expense": "N/A",
        "Cost of sales": 20910,
        "Enterprise cost management": 6059,
        "Total Operating Expenses": 26992,
        "Total revenue financing activities": 2179,
        "Net profit from business activities": 15526,
        "Profit": 1,
        "Profit before tax": 15527,
        "Present corporate income tax expenses": 3882,
        "Deferred income taxes expenses": "N/A",
        "The interests of minority shareholders": "N/A",
        "Total Cost of profits": 3882,
        "Profit after tax corporate income": 11645,
        "Volume": 9000000,
        "Close of Quarter": 7.3,
        "EPS": 2197.2,
        "Non-adjusted EPS": 7910,
        "PE": 0.9,
        "Book Price": 7.3
      }
    },
    {
      "quarter": "Q2 2011",
      "income status": {
        "Net sales": 289679,
        "Cost of goods sold": 246658,
        "Gross Profit": 43021,
        "Financial expenses": 6540,
        "Of which: Interest expense": "N/A",
        "Cost of sales": 3785,
        "Enterprise cost management": 7984,
        "Total Operating Expenses": 18309,
        "Total revenue financing activities": 5913,
        "Net profit from business activities": 30626,
        "Profit": "N/A",
        "Profit before tax": 30626,
        "Present corporate income tax expenses": 7656,
        "Deferred income taxes expenses": "N/A",
        "The interests of minority shareholders": "N/A",
        "Total Cost of profits": 7656,
        "Profit after tax corporate income": 22969,
        "Volume": 9000000,
        "Close of Quarter": 9.3,
        "EPS": 2253.3,
        "Non-adjusted EPS": 8112,
        "PE": 1.2,
        "Book Price": 6.9
      }
    },
    {
      "quarter": "Q1 2011",
      "income status": {
        "Net sales": 343200,
        "Cost of goods sold": 285273,
        "Gross Profit": 57927,
        "Financial expenses": 233,
        "Of which: Interest expense": "N/A",
        "Cost of sales": 35597,
        "Enterprise cost management": 8571,
        "Total Operating Expenses": 44401,
        "Total revenue financing activities": 10133,
        "Net profit from business activities": 23658,
        "Profit": 163,
        "Profit before tax": 23820,
        "Present corporate income tax expenses": 5955,
        "Deferred income taxes expenses": "N/A",
        "The interests of minority shareholders": "N/A",
        "Total Cost of profits": 5955,
        "Profit after tax corporate income": 17865,
        "Volume": 9000000,
        "Close of Quarter": 9.1,
        "EPS": 2112.5,
        "Non-adjusted EPS": 7605,
        "PE": 1.2,
        "Book Price": 7.4
      }
    }
  ]
}