{
  "ticker": "TVD",
  "data": [
    {
      "quarter": "Q4 2016",
      "income status": {
        "Net sales": 858952,
        "Cost of goods sold": 740290,
        "Gross Profit": 118661,
        "Financial expenses": 34801,
        "Of which: Interest expense": 34801,
        "Cost of sales": 845,
        "Enterprise cost management": 65751,
        "Total Operating Expenses": 101397,
        "Total revenue financing activities": 194,
        "Net profit from business activities": 17459,
        "Profit": 7,
        "Profit before tax": 17466,
        "Present corporate income tax expenses": 3253,
        "Deferred income taxes expenses": "N/A",
        "The interests of minority shareholders": "N/A",
        "Total Cost of profits": 3253,
        "Profit after tax corporate income": 14212,
        "Volume": 44962864,
        "Close of Quarter": 6.0,
        "EPS": 680,
        "Non-adjusted EPS": 680,
        "PE": 8.8,
        "Book Price": 10.3
      }
    },
    {
      "quarter": "Q3 2016",
      "income status": {
        "Net sales": 805199,
        "Cost of goods sold": 691044,
        "Gross Profit": 114155,
        "Financial expenses": 33786,
        "Of which: Interest expense": 33786,
        "Cost of sales": 1009,
        "Enterprise cost management": 59654,
        "Total Operating Expenses": 94449,
        "Total revenue financing activities": 202,
        "Net profit from business activities": 19907,
        "Profit": 684,
        "Profit before tax": 20591,
        "Present corporate income tax expenses": 4568,
        "Deferred income taxes expenses": -269,
        "The interests of minority shareholders": "N/A",
        "Total Cost of profits": 4299,
        "Profit after tax corporate income": 16292,
        "Volume": 44962864,
        "Close of Quarter": 6.0,
        "EPS": 479,
        "Non-adjusted EPS": 479,
        "PE": 12.5,
        "Book Price": 10.7
      }
    },
    {
      "quarter": "Q2 2016",
      "income status": {
        "Net sales": 569898,
        "Cost of goods sold": 493398,
        "Gross Profit": 76500,
        "Financial expenses": 25661,
        "Of which: Interest expense": 25661,
        "Cost of sales": 1149,
        "Enterprise cost management": 52277,
        "Total Operating Expenses": 79087,
        "Total revenue financing activities": 200,
        "Net profit from business activities": -2387,
        "Profit": -797,
        "Profit before tax": -3184,
        "Present corporate income tax expenses": -409,
        "Deferred income taxes expenses": "N/A",
        "The interests of minority shareholders": "N/A",
        "Total Cost of profits": -409,
        "Profit after tax corporate income": -2776,
        "Volume": 42023504,
        "Close of Quarter": 5.9,
        "EPS": 280.4,
        "Non-adjusted EPS": 300,
        "PE": 19.6,
        "Book Price": 10.3
      }
    },
    {
      "quarter": "Q1 2016",
      "income status": {
        "Net sales": 537116,
        "Cost of goods sold": 442406,
        "Gross Profit": 94710,
        "Financial expenses": 22080,
        "Of which: Interest expense": 22080,
        "Cost of sales": 1053,
        "Enterprise cost management": 50417,
        "Total Operating Expenses": 73550,
        "Total revenue financing activities": 224,
        "Net profit from business activities": 21384,
        "Profit": -17697,
        "Profit before tax": 3686,
        "Present corporate income tax expenses": 853,
        "Deferred income taxes expenses": "N/A",
        "The interests of minority shareholders": "N/A",
        "Total Cost of profits": 853,
        "Profit after tax corporate income": 2833,
        "Volume": 42023504,
        "Close of Quarter": 6.5,
        "EPS": 862.7,
        "Non-adjusted EPS": 923,
        "PE": 7.0,
        "Book Price": 10.5
      }
    },
    {
      "quarter": "Q4 2015",
      "income status": {
        "Net sales": 749194,
        "Cost of goods sold": 657534,
        "Gross Profit": 91660,
        "Financial expenses": 8320,
        "Of which: Interest expense": 8320,
        "Cost of sales": 1203,
        "Enterprise cost management": 72144,
        "Total Operating Expenses": 81667,
        "Total revenue financing activities": 620,
        "Net profit from business activities": 10613,
        "Profit": -2745,
        "Profit before tax": 7868,
        "Present corporate income tax expenses": 2685,
        "Deferred income taxes expenses": "N/A",
        "The interests of minority shareholders": "N/A",
        "Total Cost of profits": 2685,
        "Profit after tax corporate income": 5183,
        "Volume": 42023504,
        "Close of Quarter": 6.5,
        "EPS": 1058.9,
        "Non-adjusted EPS": 1133,
        "PE": 5.8,
        "Book Price": 10.3
      }
    },
    {
      "quarter": "Q3 2015",
      "income status": {
        "Net sales": 691505,
        "Cost of goods sold": 611709,
        "Gross Profit": 79796,
        "Financial expenses": 24350,
        "Of which: Interest expense": 24350,
        "Cost of sales": 834,
        "Enterprise cost management": 44196,
        "Total Operating Expenses": 69380,
        "Total revenue financing activities": 548,
        "Net profit from business activities": 10963,
        "Profit": -1209,
        "Profit before tax": 9754,
        "Present corporate income tax expenses": 2400,
        "Deferred income taxes expenses": "N/A",
        "The interests of minority shareholders": "N/A",
        "Total Cost of profits": 2400,
        "Profit after tax corporate income": 7354,
        "Volume": 42023504,
        "Close of Quarter": 6.8,
        "EPS": 1421.6,
        "Non-adjusted EPS": 1521,
        "PE": 4.5,
        "Book Price": 10.9
      }
    },
    {
      "quarter": "Q2 2015",
      "income status": {
        "Net sales": 914878,
        "Cost of goods sold": 788270,
        "Gross Profit": 126607,
        "Financial expenses": 25710,
        "Of which: Interest expense": 25718,
        "Cost of sales": 1166,
        "Enterprise cost management": 69308,
        "Total Operating Expenses": 96184,
        "Total revenue financing activities": 1690,
        "Net profit from business activities": 32112,
        "Profit": -2012,
        "Profit before tax": 30100,
        "Present corporate income tax expenses": 6685,
        "Deferred income taxes expenses": "N/A",
        "The interests of minority shareholders": "N/A",
        "Total Cost of profits": 6685,
        "Profit after tax corporate income": 23415,
        "Volume": 42023504,
        "Close of Quarter": 7.7,
        "EPS": 2011.3,
        "Non-adjusted EPS": 2152,
        "PE": 3.6,
        "Book Price": 10.8
      }
    },
    {
      "quarter": "Q1 2015",
      "income status": {
        "Net sales": 961602,
        "Cost of goods sold": 860027,
        "Gross Profit": 101575,
        "Financial expenses": 26218,
        "Of which: Interest expense": 26210,
        "Cost of sales": 1115,
        "Enterprise cost management": 59784,
        "Total Operating Expenses": 87117,
        "Total revenue financing activities": 787,
        "Net profit from business activities": 15245,
        "Profit": -30,
        "Profit before tax": 15215,
        "Present corporate income tax expenses": 3347,
        "Deferred income taxes expenses": 188,
        "The interests of minority shareholders": "N/A",
        "Total Cost of profits": 3535,
        "Profit after tax corporate income": 11680,
        "Volume": 42023504,
        "Close of Quarter": 9.2,
        "EPS": 1882.3,
        "Non-adjusted EPS": 2014,
        "PE": 4.6,
        "Book Price": 10.3
      }
    },
    {
      "quarter": "Q4 2014",
      "income status": {
        "Net sales": 994635,
        "Cost of goods sold": 875698,
        "Gross Profit": 118936,
        "Financial expenses": 26044,
        "Of which: Interest expense": 26036,
        "Cost of sales": 1100,
        "Enterprise cost management": 65409,
        "Total Operating Expenses": 92553,
        "Total revenue financing activities": 1253,
        "Net profit from business activities": 27636,
        "Profit": 584,
        "Profit before tax": 28220,
        "Present corporate income tax expenses": 6766,
        "Deferred income taxes expenses": "N/A",
        "The interests of minority shareholders": "N/A",
        "Total Cost of profits": 6766,
        "Profit after tax corporate income": 21454,
        "Volume": 42023504,
        "Close of Quarter": 8.6,
        "EPS": 2075.8,
        "Non-adjusted EPS": 2221,
        "PE": 3.9,
        "Book Price": 9.9
      }
    },
    {
      "quarter": "Q3 2014",
      "income status": {
        "Net sales": 839548,
        "Cost of goods sold": 713963,
        "Gross Profit": 125585,
        "Financial expenses": 27522,
        "Of which: Interest expense": 27513,
        "Cost of sales": 995,
        "Enterprise cost management": 53799,
        "Total Operating Expenses": 82316,
        "Total revenue financing activities": 767,
        "Net profit from business activities": 44036,
        "Profit": -617,
        "Profit before tax": 43419,
        "Present corporate income tax expenses": 9553,
        "Deferred income taxes expenses": "N/A",
        "The interests of minority shareholders": "N/A",
        "Total Cost of profits": 9553,
        "Profit after tax corporate income": 33866,
        "Volume": 24997256,
        "Close of Quarter": 7.9,
        "EPS": 2894.9,
        "Non-adjusted EPS": 5207,
        "PE": 1.5,
        "Book Price": 9.3
      }
    },
    {
      "quarter": "Q2 2014",
      "income status": {
        "Net sales": 851858,
        "Cost of goods sold": 744487,
        "Gross Profit": 107371,
        "Financial expenses": 31204,
        "Of which: Interest expense": 31194,
        "Cost of sales": 1048,
        "Enterprise cost management": 57317,
        "Total Operating Expenses": 89569,
        "Total revenue financing activities": 300,
        "Net profit from business activities": 18102,
        "Profit": 4599,
        "Profit before tax": 22701,
        "Present corporate income tax expenses": 5075,
        "Deferred income taxes expenses": "N/A",
        "The interests of minority shareholders": "N/A",
        "Total Cost of profits": 5075,
        "Profit after tax corporate income": 17626,
        "Volume": 24997256,
        "Close of Quarter": 6.8,
        "EPS": 2272.7,
        "Non-adjusted EPS": 4088,
        "PE": 1.7,
        "Book Price": 8.6
      }
    },
    {
      "quarter": "Q1 2014",
      "income status": {
        "Net sales": 786294,
        "Cost of goods sold": 676674,
        "Gross Profit": 109621,
        "Financial expenses": 30913,
        "Of which: Interest expense": 30905,
        "Cost of sales": 970,
        "Enterprise cost management": 51662,
        "Total Operating Expenses": 83545,
        "Total revenue financing activities": 189,
        "Net profit from business activities": 26264,
        "Profit": -96,
        "Profit before tax": 26169,
        "Present corporate income tax expenses": 5763,
        "Deferred income taxes expenses": "N/A",
        "The interests of minority shareholders": "N/A",
        "Total Cost of profits": 5763,
        "Profit after tax corporate income": 20405,
        "Volume": 24997256,
        "Close of Quarter": 7.2,
        "EPS": 2155.4,
        "Non-adjusted EPS": 3877,
        "PE": 1.9,
        "Book Price": 8.2
      }
    },
    {
      "quarter": "Q4 2013",
      "income status": {
        "Net sales": 870635,
        "Cost of goods sold": 705873,
        "Gross Profit": 164762,
        "Financial expenses": 31312,
        "Of which: Interest expense": 31301,
        "Cost of sales": 1452,
        "Enterprise cost management": 56896,
        "Total Operating Expenses": 89660,
        "Total revenue financing activities": 202,
        "Net profit from business activities": 75304,
        "Profit": 2703,
        "Profit before tax": 78007,
        "Present corporate income tax expenses": 19735,
        "Deferred income taxes expenses": "N/A",
        "The interests of minority shareholders": "N/A",
        "Total Cost of profits": 19735,
        "Profit after tax corporate income": 58272,
        "Volume": 24997256,
        "Close of Quarter": 5.0,
        "EPS": 1972.5,
        "Non-adjusted EPS": 3548,
        "PE": 1.4,
        "Book Price": 8.0
      }
    },
    {
      "quarter": "Q3 2013",
      "income status": {
        "Net sales": 428259,
        "Cost of goods sold": 359197,
        "Gross Profit": 69062,
        "Financial expenses": 30019,
        "Of which: Interest expense": 30002,
        "Cost of sales": 2795,
        "Enterprise cost management": 29158,
        "Total Operating Expenses": 61972,
        "Total revenue financing activities": 685,
        "Net profit from business activities": 7776,
        "Profit": 84,
        "Profit before tax": 7859,
        "Present corporate income tax expenses": 1965,
        "Deferred income taxes expenses": "N/A",
        "The interests of minority shareholders": "N/A",
        "Total Cost of profits": 1965,
        "Profit after tax corporate income": 5894,
        "Volume": 24997256,
        "Close of Quarter": 4.3,
        "EPS": 771.1,
        "Non-adjusted EPS": 1387,
        "PE": 3.1,
        "Book Price": 8.0
      }
    },
    {
      "quarter": "Q2 2013",
      "income status": {
        "Net sales": 719285,
        "Cost of goods sold": 631276,
        "Gross Profit": 88009,
        "Financial expenses": 30172,
        "Of which: Interest expense": 30160,
        "Cost of sales": 1034,
        "Enterprise cost management": 41516,
        "Total Operating Expenses": 72722,
        "Total revenue financing activities": 2334,
        "Net profit from business activities": 17621,
        "Profit": -884,
        "Profit before tax": 16737,
        "Present corporate income tax expenses": 4386,
        "Deferred income taxes expenses": "N/A",
        "The interests of minority shareholders": "N/A",
        "Total Cost of profits": 4386,
        "Profit after tax corporate income": 12352,
        "Volume": 24997256,
        "Close of Quarter": 5.0,
        "EPS": 438.1,
        "Non-adjusted EPS": 788,
        "PE": 6.3,
        "Book Price": 7.9
      }
    },
    {
      "quarter": "Q1 2013",
      "income status": {
        "Net sales": 715781,
        "Cost of goods sold": 623531,
        "Gross Profit": 92250,
        "Financial expenses": 33592,
        "Of which: Interest expense": 33580,
        "Cost of sales": 908,
        "Enterprise cost management": 42995,
        "Total Operating Expenses": 77495,
        "Total revenue financing activities": 1263,
        "Net profit from business activities": 16019,
        "Profit": 213,
        "Profit before tax": 16232,
        "Present corporate income tax expenses": 4058,
        "Deferred income taxes expenses": "N/A",
        "The interests of minority shareholders": "N/A",
        "Total Cost of profits": 4058,
        "Profit after tax corporate income": 12174,
        "Volume": 24997256,
        "Close of Quarter": 4.5,
        "EPS": 168.5,
        "Non-adjusted EPS": 303,
        "PE": 14.7,
        "Book Price": 7.6
      }
    },
    {
      "quarter": "Q4 2012",
      "income status": {
        "Net sales": 840170,
        "Cost of goods sold": 757315,
        "Gross Profit": 82855,
        "Financial expenses": 34591,
        "Of which: Interest expense": 34577,
        "Cost of sales": 1288,
        "Enterprise cost management": 47501,
        "Total Operating Expenses": 83380,
        "Total revenue financing activities": 365,
        "Net profit from business activities": -160,
        "Profit": 6045,
        "Profit before tax": 5885,
        "Present corporate income tax expenses": 1640,
        "Deferred income taxes expenses": "N/A",
        "The interests of minority shareholders": "N/A",
        "Total Cost of profits": 1640,
        "Profit after tax corporate income": 4245,
        "Volume": 24997256,
        "Close of Quarter": 3.5,
        "EPS": 259.6,
        "Non-adjusted EPS": 467,
        "PE": 7.5,
        "Book Price": 7.1
      }
    },
    {
      "quarter": "Q3 2012",
      "income status": {
        "Net sales": 375448,
        "Cost of goods sold": 327994,
        "Gross Profit": 47454,
        "Financial expenses": 33919,
        "Of which: Interest expense": 33905,
        "Cost of sales": 458,
        "Enterprise cost management": 26508,
        "Total Operating Expenses": 60885,
        "Total revenue financing activities": 1369,
        "Net profit from business activities": -12062,
        "Profit": -22,
        "Profit before tax": -12084,
        "Present corporate income tax expenses": -3021,
        "Deferred income taxes expenses": "N/A",
        "The interests of minority shareholders": "N/A",
        "Total Cost of profits": -3021,
        "Profit after tax corporate income": -9063,
        "Volume": 24997256,
        "Close of Quarter": 3.7,
        "EPS": 1383.2,
        "Non-adjusted EPS": 2488,
        "PE": 1.5,
        "Book Price": 7.0
      }
    },
    {
      "quarter": "Q2 2012",
      "income status": {
        "Net sales": 687734,
        "Cost of goods sold": 616039,
        "Gross Profit": 71694,
        "Financial expenses": 35046,
        "Of which: Interest expense": 35031,
        "Cost of sales": 924,
        "Enterprise cost management": 41604,
        "Total Operating Expenses": 77574,
        "Total revenue financing activities": 5632,
        "Net profit from business activities": -247,
        "Profit": 532,
        "Profit before tax": 285,
        "Present corporate income tax expenses": 71,
        "Deferred income taxes expenses": "N/A",
        "The interests of minority shareholders": "N/A",
        "Total Cost of profits": 71,
        "Profit after tax corporate income": 214,
        "Volume": 15280790,
        "Close of Quarter": 4.2,
        "EPS": 1922.2,
        "Non-adjusted EPS": 5656,
        "PE": 0.7,
        "Book Price": 7.2
      }
    },
    {
      "quarter": "Q1 2012",
      "income status": {
        "Net sales": 663767,
        "Cost of goods sold": 559599,
        "Gross Profit": 104168,
        "Financial expenses": 39165,
        "Of which: Interest expense": 39149,
        "Cost of sales": 1383,
        "Enterprise cost management": 43883,
        "Total Operating Expenses": 84431,
        "Total revenue financing activities": 1932,
        "Net profit from business activities": 21670,
        "Profit": 28,
        "Profit before tax": 21697,
        "Present corporate income tax expenses": 5424,
        "Deferred income taxes expenses": "N/A",
        "The interests of minority shareholders": "N/A",
        "Total Cost of profits": 5424,
        "Profit after tax corporate income": 16273,
        "Volume": 15280790,
        "Close of Quarter": 4.0,
        "EPS": 2915.6,
        "Non-adjusted EPS": 8579,
        "PE": 0.5,
        "Book Price": 5.6
      }
    },
    {
      "quarter": "Q4 2011",
      "income status": {
        "Net sales": 813859,
        "Cost of goods sold": 635063,
        "Gross Profit": 178796,
        "Financial expenses": 37690,
        "Of which: Interest expense": 37672,
        "Cost of sales": 1555,
        "Enterprise cost management": 61683,
        "Total Operating Expenses": 100928,
        "Total revenue financing activities": 3744,
        "Net profit from business activities": 81612,
        "Profit": -8537,
        "Profit before tax": 158185,
        "Present corporate income tax expenses": 18302,
        "Deferred income taxes expenses": "N/A",
        "The interests of minority shareholders": "N/A",
        "Total Cost of profits": 18302,
        "Profit after tax corporate income": 54773,
        "Volume": 15280790,
        "Close of Quarter": 2.9,
        "EPS": 2835.4,
        "Non-adjusted EPS": 8343,
        "PE": 0.4,
        "Book Price": 5.2
      }
    },
    {
      "quarter": "Q3 2011",
      "income status": {
        "Net sales": 589831,
        "Cost of goods sold": 508748,
        "Gross Profit": 81084,
        "Financial expenses": 34845,
        "Of which: Interest expense": 34827,
        "Cost of sales": 907,
        "Enterprise cost management": 36227,
        "Total Operating Expenses": 71979,
        "Total revenue financing activities": 10322,
        "Net profit from business activities": 19428,
        "Profit": 800,
        "Profit before tax": 20227,
        "Present corporate income tax expenses": 5057,
        "Deferred income taxes expenses": "N/A",
        "The interests of minority shareholders": "N/A",
        "Total Cost of profits": 5057,
        "Profit after tax corporate income": 15171,
        "Volume": 15280790,
        "Close of Quarter": 3.1,
        "EPS": 3091.3,
        "Non-adjusted EPS": 9096,
        "PE": 0.3,
        "Book Price": 5.5
      }
    },
    {
      "quarter": "Q2 2011",
      "income status": {
        "Net sales": 1246179,
        "Cost of goods sold": 1053448,
        "Gross Profit": 192731,
        "Financial expenses": 57752,
        "Of which: Interest expense": 57709,
        "Cost of sales": 2574,
        "Enterprise cost management": 82929,
        "Total Operating Expenses": 143255,
        "Total revenue financing activities": 7566,
        "Net profit from business activities": 57043,
        "Profit": 2794,
        "Profit before tax": 59837,
        "Present corporate income tax expenses": 14959,
        "Deferred income taxes expenses": "N/A",
        "The interests of minority shareholders": "N/A",
        "Total Cost of profits": 14959,
        "Profit after tax corporate income": 44878,
        "Volume": 15280790,
        "Close of Quarter": 3.3,
        "EPS": 2917.6,
        "Non-adjusted EPS": 8585,
        "PE": 0.4,
        "Book Price": 5.1
      }
    },
    {
      "quarter": "Q1 2011",
      "income status": {
        "Net sales": 465230,
        "Cost of goods sold": 391347,
        "Gross Profit": 73883,
        "Financial expenses": 27320,
        "Of which: Interest expense": 27320,
        "Cost of sales": 545,
        "Enterprise cost management": 31571,
        "Total Operating Expenses": 59436,
        "Total revenue financing activities": 2479,
        "Net profit from business activities": 16926,
        "Profit": -38,
        "Profit before tax": 16888,
        "Present corporate income tax expenses": 4222,
        "Deferred income taxes expenses": "N/A",
        "The interests of minority shareholders": "N/A",
        "Total Cost of profits": 4222,
        "Profit after tax corporate income": 12666,
        "Volume": 15280790,
        "Close of Quarter": 3.7,
        "EPS": 2245.4,
        "Non-adjusted EPS": 6607,
        "PE": 0.6,
        "Book Price": 4.4
      }
    }
  ]
}