{
  "ticker": "NSC",
  "data": [
    {
      "quarter": "Q4 2016",
      "income status": {
        "Net sales": 434623,
        "Cost of goods sold": 246490,
        "Gross Profit": 188133,
        "Financial expenses": 4480,
        "Of which: Interest expense": 2304,
        "Cost of sales": 47696,
        "Enterprise cost management": 55045,
        "Total Operating Expenses": 107221,
        "Total revenue financing activities": 548,
        "Net profit from business activities": 81461,
        "Profit": -335,
        "Profit before tax": 81126,
        "Present corporate income tax expenses": 9327,
        "Deferred income taxes expenses": -1648,
        "The interests of minority shareholders": 4862,
        "Total Cost of profits": 12541,
        "Profit after tax corporate income": 68585,
        "Volume": 15295000,
        "Close of Quarter": 91,
        "EPS": 11480,
        "Non-adjusted EPS": 11480,
        "PE": 7.9,
        "Book Price": 71
      }
    },
    {
      "quarter": "Q3 2016",
      "income status": {
        "Net sales": 215239,
        "Cost of goods sold": 132358,
        "Gross Profit": 82881,
        "Financial expenses": 2541,
        "Of which: Interest expense": 2448,
        "Cost of sales": 18595,
        "Enterprise cost management": 23495,
        "Total Operating Expenses": 44631,
        "Total revenue financing activities": 3100,
        "Net profit from business activities": 41349,
        "Profit": 138,
        "Profit before tax": 41487,
        "Present corporate income tax expenses": 6850,
        "Deferred income taxes expenses": -394,
        "The interests of minority shareholders": 3548,
        "Total Cost of profits": 10004,
        "Profit after tax corporate income": 31483,
        "Volume": 15295000,
        "Close of Quarter": 98.4,
        "EPS": 9754,
        "Non-adjusted EPS": 9754,
        "PE": 10.1,
        "Book Price": 69
      }
    },
    {
      "quarter": "Q2 2016",
      "income status": {
        "Net sales": 383763,
        "Cost of goods sold": 258884,
        "Gross Profit": 124879,
        "Financial expenses": 6648,
        "Of which: Interest expense": 3800,
        "Cost of sales": 32805,
        "Enterprise cost management": 39071,
        "Total Operating Expenses": 78524,
        "Total revenue financing activities": 1893,
        "Net profit from business activities": 48248,
        "Profit": 93,
        "Profit before tax": 48341,
        "Present corporate income tax expenses": 3189,
        "Deferred income taxes expenses": 1945,
        "The interests of minority shareholders": 5229,
        "Total Cost of profits": 10363,
        "Profit after tax corporate income": 37978,
        "Volume": 15295000,
        "Close of Quarter": 96.6,
        "EPS": 9733,
        "Non-adjusted EPS": 9733,
        "PE": 9.9,
        "Book Price": 66.8
      }
    },
    {
      "quarter": "Q1 2016",
      "income status": {
        "Net sales": 295977,
        "Cost of goods sold": 190611,
        "Gross Profit": 105367,
        "Financial expenses": 4768,
        "Of which: Interest expense": 3841,
        "Cost of sales": 26731,
        "Enterprise cost management": 31912,
        "Total Operating Expenses": 63411,
        "Total revenue financing activities": 1203,
        "Net profit from business activities": 43159,
        "Profit": 1150,
        "Profit before tax": 44308,
        "Present corporate income tax expenses": 2983,
        "Deferred income taxes expenses": -45,
        "The interests of minority shareholders": 3823,
        "Total Cost of profits": 6761,
        "Profit after tax corporate income": 37547,
        "Volume": 15295000,
        "Close of Quarter": 90.8,
        "EPS": 11686,
        "Non-adjusted EPS": 11686,
        "PE": 7.8,
        "Book Price": 68.1
      }
    },
    {
      "quarter": "Q4 2015",
      "income status": {
        "Net sales": 426558,
        "Cost of goods sold": 273646,
        "Gross Profit": 152911,
        "Financial expenses": 4877,
        "Of which: Interest expense": 2970,
        "Cost of sales": 46946,
        "Enterprise cost management": 56861,
        "Total Operating Expenses": 108684,
        "Total revenue financing activities": 1906,
        "Net profit from business activities": 46133,
        "Profit": 338,
        "Profit before tax": 46472,
        "Present corporate income tax expenses": 5907,
        "Deferred income taxes expenses": -862,
        "The interests of minority shareholders": -749,
        "Total Cost of profits": 4296,
        "Profit after tax corporate income": 42176,
        "Volume": 15295000,
        "Close of Quarter": 91.7,
        "EPS": 9255,
        "Non-adjusted EPS": 9255,
        "PE": 9.9,
        "Book Price": 63.5
      }
    },
    {
      "quarter": "Q3 2015",
      "income status": {
        "Net sales": 173289,
        "Cost of goods sold": 94493,
        "Gross Profit": 78796,
        "Financial expenses": 2134,
        "Of which: Interest expense": 3295,
        "Cost of sales": 16002,
        "Enterprise cost management": 26740,
        "Total Operating Expenses": 44876,
        "Total revenue financing activities": 1720,
        "Net profit from business activities": 35639,
        "Profit": 4868,
        "Profit before tax": 40508,
        "Present corporate income tax expenses": 5440,
        "Deferred income taxes expenses": -101,
        "The interests of minority shareholders": 3997,
        "Total Cost of profits": 9336,
        "Profit after tax corporate income": 31172,
        "Volume": 15295000,
        "Close of Quarter": 97.5,
        "EPS": 9098,
        "Non-adjusted EPS": 9098,
        "PE": 10.7,
        "Book Price": 64.4
      }
    },
    {
      "quarter": "Q2 2015",
      "income status": {
        "Net sales": 468610,
        "Cost of goods sold": 307414,
        "Gross Profit": 161196,
        "Financial expenses": 22715,
        "Of which: Interest expense": 3381,
        "Cost of sales": 45588,
        "Enterprise cost management": 42317,
        "Total Operating Expenses": 110620,
        "Total revenue financing activities": 580,
        "Net profit from business activities": 55539,
        "Profit": 4449,
        "Profit before tax": 59989,
        "Present corporate income tax expenses": 10811,
        "Deferred income taxes expenses": -1159,
        "The interests of minority shareholders": -17511,
        "Total Cost of profits": -7859,
        "Profit after tax corporate income": 67847,
        "Volume": 15295000,
        "Close of Quarter": 91.3,
        "EPS": 8377,
        "Non-adjusted EPS": 8377,
        "PE": 10.9,
        "Book Price": 62.1
      }
    },
    {
      "quarter": "Q1 2015",
      "income status": {
        "Net sales": 180166,
        "Cost of goods sold": 117957,
        "Gross Profit": 62208,
        "Financial expenses": 625,
        "Of which: Interest expense": 322,
        "Cost of sales": 15329,
        "Enterprise cost management": 16182,
        "Total Operating Expenses": 32136,
        "Total revenue financing activities": 1463,
        "Net profit from business activities": 31202,
        "Profit": 159,
        "Profit before tax": 31361,
        "Present corporate income tax expenses": 1261,
        "Deferred income taxes expenses": "N/A",
        "The interests of minority shareholders": 29738,
        "Total Cost of profits": 30999,
        "Profit after tax corporate income": 362,
        "Volume": 15295000,
        "Close of Quarter": 72.0,
        "EPS": 6238,
        "Non-adjusted EPS": 6238,
        "PE": 11.5,
        "Book Price": 49.5
      }
    },
    {
      "quarter": "Q4 2014",
      "income status": {
        "Net sales": 239775,
        "Cost of goods sold": 143488,
        "Gross Profit": 96287,
        "Financial expenses": 2777,
        "Of which: Interest expense": 515,
        "Cost of sales": 34408,
        "Enterprise cost management": 23904,
        "Total Operating Expenses": 61089,
        "Total revenue financing activities": 1716,
        "Net profit from business activities": 39790,
        "Profit": 511,
        "Profit before tax": 40301,
        "Present corporate income tax expenses": 331,
        "Deferred income taxes expenses": "N/A",
        "The interests of minority shareholders": 203,
        "Total Cost of profits": 534,
        "Profit after tax corporate income": 39767,
        "Volume": 15295000,
        "Close of Quarter": 75.3,
        "EPS": 7950,
        "Non-adjusted EPS": 7950,
        "PE": 9.5,
        "Book Price": 48.9
      }
    },
    {
      "quarter": "Q3 2014",
      "income status": {
        "Net sales": 92670,
        "Cost of goods sold": 52754,
        "Gross Profit": 39916,
        "Financial expenses": 654,
        "Of which: Interest expense": 95,
        "Cost of sales": 9473,
        "Enterprise cost management": 10214,
        "Total Operating Expenses": 20341,
        "Total revenue financing activities": 1655,
        "Net profit from business activities": 21266,
        "Profit": 199,
        "Profit before tax": 21465,
        "Present corporate income tax expenses": 1140,
        "Deferred income taxes expenses": "N/A",
        "The interests of minority shareholders": 181,
        "Total Cost of profits": 1321,
        "Profit after tax corporate income": 20144,
        "Volume": 15295000,
        "Close of Quarter": 72.5,
        "EPS": 6611,
        "Non-adjusted EPS": 6611,
        "PE": 11.0,
        "Book Price": 46.8
      }
    },
    {
      "quarter": "Q2 2014",
      "income status": {
        "Net sales": 221410,
        "Cost of goods sold": 125517,
        "Gross Profit": 95893,
        "Financial expenses": 309,
        "Of which: Interest expense": 28,
        "Cost of sales": 42252,
        "Enterprise cost management": 20052,
        "Total Operating Expenses": 62613,
        "Total revenue financing activities": 945,
        "Net profit from business activities": 35355,
        "Profit": 103,
        "Profit before tax": 35458,
        "Present corporate income tax expenses": 465,
        "Deferred income taxes expenses": "N/A",
        "The interests of minority shareholders": -150,
        "Total Cost of profits": 315,
        "Profit after tax corporate income": 35143,
        "Volume": 10029838,
        "Close of Quarter": 72.5,
        "EPS": 6833.7,
        "Non-adjusted EPS": 10421,
        "PE": 7.0,
        "Book Price": 45.3
      }
    },
    {
      "quarter": "Q1 2014",
      "income status": {
        "Net sales": 165281,
        "Cost of goods sold": 110054,
        "Gross Profit": 55227,
        "Financial expenses": -93,
        "Of which: Interest expense": "N/A",
        "Cost of sales": 15774,
        "Enterprise cost management": 13701,
        "Total Operating Expenses": 29382,
        "Total revenue financing activities": 931,
        "Net profit from business activities": 26776,
        "Profit": 155,
        "Profit before tax": 26931,
        "Present corporate income tax expenses": 240,
        "Deferred income taxes expenses": "N/A",
        "The interests of minority shareholders": 150,
        "Total Cost of profits": 390,
        "Profit after tax corporate income": 26541,
        "Volume": 10029838,
        "Close of Quarter": 68.5,
        "EPS": 6446.1,
        "Non-adjusted EPS": 9830,
        "PE": 7.0,
        "Book Price": 23.2
      }
    },
    {
      "quarter": "Q4 2013",
      "income status": {
        "Net sales": 187216,
        "Cost of goods sold": 120295,
        "Gross Profit": 66921,
        "Financial expenses": -221,
        "Of which: Interest expense": 1,
        "Cost of sales": 28930,
        "Enterprise cost management": 20295,
        "Total Operating Expenses": 49004,
        "Total revenue financing activities": 1067,
        "Net profit from business activities": 18984,
        "Profit": 1235,
        "Profit before tax": 20292,
        "Present corporate income tax expenses": 705,
        "Deferred income taxes expenses": "N/A",
        "The interests of minority shareholders": 296,
        "Total Cost of profits": 1001,
        "Profit after tax corporate income": 19292,
        "Volume": 10029838,
        "Close of Quarter": 65.1,
        "EPS": 6241.5,
        "Non-adjusted EPS": 9518,
        "PE": 6.8,
        "Book Price": 21.1
      }
    },
    {
      "quarter": "Q3 2013",
      "income status": {
        "Net sales": 102736,
        "Cost of goods sold": 53751,
        "Gross Profit": 48985,
        "Financial expenses": 1,
        "Of which: Interest expense": 1,
        "Cost of sales": 14406,
        "Enterprise cost management": 11080,
        "Total Operating Expenses": 25487,
        "Total revenue financing activities": 935,
        "Net profit from business activities": 24432,
        "Profit": 416,
        "Profit before tax": 24848,
        "Present corporate income tax expenses": 1290,
        "Deferred income taxes expenses": "N/A",
        "The interests of minority shareholders": 12,
        "Total Cost of profits": 1302,
        "Profit after tax corporate income": 23546,
        "Volume": 10029838,
        "Close of Quarter": 66.8,
        "EPS": 5956.9,
        "Non-adjusted EPS": 9084,
        "PE": 7.4,
        "Book Price": 19.9
      }
    },
    {
      "quarter": "Q2 2013",
      "income status": {
        "Net sales": 179942,
        "Cost of goods sold": 106698,
        "Gross Profit": 73244,
        "Financial expenses": -190,
        "Of which: Interest expense": 2,
        "Cost of sales": 30082,
        "Enterprise cost management": 14978,
        "Total Operating Expenses": 44870,
        "Total revenue financing activities": 1824,
        "Net profit from business activities": 30197,
        "Profit": 134,
        "Profit before tax": 30193,
        "Present corporate income tax expenses": 680,
        "Deferred income taxes expenses": "N/A",
        "The interests of minority shareholders": 295,
        "Total Cost of profits": 975,
        "Profit after tax corporate income": 29218,
        "Volume": 10029838,
        "Close of Quarter": 66.3,
        "EPS": 5510.4,
        "Non-adjusted EPS": 8403,
        "PE": 7.9,
        "Book Price": 19.3
      }
    },
    {
      "quarter": "Q1 2013",
      "income status": {
        "Net sales": 127921,
        "Cost of goods sold": 81590,
        "Gross Profit": 46330,
        "Financial expenses": 3,
        "Of which: Interest expense": 3,
        "Cost of sales": 12496,
        "Enterprise cost management": 11136,
        "Total Operating Expenses": 23635,
        "Total revenue financing activities": 911,
        "Net profit from business activities": 23606,
        "Profit": 140,
        "Profit before tax": 23746,
        "Present corporate income tax expenses": 295,
        "Deferred income taxes expenses": "N/A",
        "The interests of minority shareholders": 46,
        "Total Cost of profits": 341,
        "Profit after tax corporate income": 23406,
        "Volume": 8256161,
        "Close of Quarter": 64.7,
        "EPS": 5383.4,
        "Non-adjusted EPS": 9973,
        "PE": 6.5,
        "Book Price": 17.4
      }
    },
    {
      "quarter": "Q4 2012",
      "income status": {
        "Net sales": 157823,
        "Cost of goods sold": 101921,
        "Gross Profit": 55902,
        "Financial expenses": 273,
        "Of which: Interest expense": 3,
        "Cost of sales": 23241,
        "Enterprise cost management": 18792,
        "Total Operating Expenses": 42306,
        "Total revenue financing activities": 2500,
        "Net profit from business activities": 16097,
        "Profit": 727,
        "Profit before tax": 16364,
        "Present corporate income tax expenses": 966,
        "Deferred income taxes expenses": "N/A",
        "The interests of minority shareholders": 452,
        "Total Cost of profits": 1418,
        "Profit after tax corporate income": 14946,
        "Volume": 8256161,
        "Close of Quarter": 37.7,
        "EPS": 5073.5,
        "Non-adjusted EPS": 9399,
        "PE": 4.0,
        "Book Price": 17.5
      }
    },
    {
      "quarter": "Q3 2012",
      "income status": {
        "Net sales": 90791,
        "Cost of goods sold": 54822,
        "Gross Profit": 35969,
        "Financial expenses": 4,
        "Of which: Interest expense": 4,
        "Cost of sales": 10100,
        "Enterprise cost management": 9722,
        "Total Operating Expenses": 19826,
        "Total revenue financing activities": 272,
        "Net profit from business activities": 16415,
        "Profit": 257,
        "Profit before tax": 16673,
        "Present corporate income tax expenses": 27,
        "Deferred income taxes expenses": "N/A",
        "The interests of minority shareholders": -65,
        "Total Cost of profits": -38,
        "Profit after tax corporate income": 16710,
        "Volume": 8256161,
        "Close of Quarter": 27.7,
        "EPS": 4793.9,
        "Non-adjusted EPS": 8881,
        "PE": 3.1,
        "Book Price": 17.3
      }
    },
    {
      "quarter": "Q2 2012",
      "income status": {
        "Net sales": 171518,
        "Cost of goods sold": 106144,
        "Gross Profit": 65374,
        "Financial expenses": -59,
        "Of which: Interest expense": 141,
        "Cost of sales": 28061,
        "Enterprise cost management": 11219,
        "Total Operating Expenses": 39221,
        "Total revenue financing activities": 1641,
        "Net profit from business activities": 27795,
        "Profit": 421,
        "Profit before tax": 28200,
        "Present corporate income tax expenses": 569,
        "Deferred income taxes expenses": "N/A",
        "The interests of minority shareholders": 352,
        "Total Cost of profits": 921,
        "Profit after tax corporate income": 27279,
        "Volume": 8256161,
        "Close of Quarter": 25.7,
        "EPS": 4553.7,
        "Non-adjusted EPS": 8436,
        "PE": 3.1,
        "Book Price": 16.2
      }
    },
    {
      "quarter": "Q1 2012",
      "income status": {
        "Net sales": 127458,
        "Cost of goods sold": 85744,
        "Gross Profit": 41714,
        "Financial expenses": 5,
        "Of which: Interest expense": 5,
        "Cost of sales": 12226,
        "Enterprise cost management": 11651,
        "Total Operating Expenses": 23882,
        "Total revenue financing activities": 443,
        "Net profit from business activities": 18275,
        "Profit": 438,
        "Profit before tax": 18713,
        "Present corporate income tax expenses": 165,
        "Deferred income taxes expenses": "N/A",
        "The interests of minority shareholders": -120,
        "Total Cost of profits": 45,
        "Profit after tax corporate income": 18668,
        "Volume": 8256161,
        "Close of Quarter": 27.9,
        "EPS": 4452.2,
        "Non-adjusted EPS": 8248,
        "PE": 3.4,
        "Book Price": 14.4
      }
    },
    {
      "quarter": "Q4 2011",
      "income status": {
        "Net sales": 151195,
        "Cost of goods sold": 106422,
        "Gross Profit": 44774,
        "Financial expenses": 330,
        "Of which: Interest expense": 6,
        "Cost of sales": 20623,
        "Enterprise cost management": 13210,
        "Total Operating Expenses": 34163,
        "Total revenue financing activities": 683,
        "Net profit from business activities": 11295,
        "Profit": -94,
        "Profit before tax": 11382,
        "Present corporate income tax expenses": 380,
        "Deferred income taxes expenses": "N/A",
        "The interests of minority shareholders": 332,
        "Total Cost of profits": 712,
        "Profit after tax corporate income": 10670,
        "Volume": 8256161,
        "Close of Quarter": 26.6,
        "EPS": 4051.2,
        "Non-adjusted EPS": 7505,
        "PE": 3.6,
        "Book Price": 14.0
      }
    },
    {
      "quarter": "Q3 2011",
      "income status": {
        "Net sales": 64813,
        "Cost of goods sold": 38282,
        "Gross Profit": 26531,
        "Financial expenses": 6,
        "Of which: Interest expense": 6,
        "Cost of sales": 9049,
        "Enterprise cost management": 5814,
        "Total Operating Expenses": 14869,
        "Total revenue financing activities": 1617,
        "Net profit from business activities": 13279,
        "Profit": 234,
        "Profit before tax": 13514,
        "Present corporate income tax expenses": 459,
        "Deferred income taxes expenses": 3,
        "The interests of minority shareholders": 20,
        "Total Cost of profits": 482,
        "Profit after tax corporate income": 13031,
        "Volume": 8014161,
        "Close of Quarter": 19.9,
        "EPS": 4026.2,
        "Non-adjusted EPS": 7684,
        "PE": 2.6,
        "Book Price": 14.0
      }
    },
    {
      "quarter": "Q2 2011",
      "income status": {
        "Net sales": 165375,
        "Cost of goods sold": 106073,
        "Gross Profit": 59302,
        "Financial expenses": 708,
        "Of which: Interest expense": 6,
        "Cost of sales": 24447,
        "Enterprise cost management": 11909,
        "Total Operating Expenses": 37064,
        "Total revenue financing activities": 1545,
        "Net profit from business activities": 23783,
        "Profit": 52,
        "Profit before tax": 23835,
        "Present corporate income tax expenses": -1895,
        "Deferred income taxes expenses": "N/A",
        "The interests of minority shareholders": "N/A",
        "Total Cost of profits": -1895,
        "Profit after tax corporate income": 25730,
        "Volume": 8014161,
        "Close of Quarter": 19.3,
        "EPS": 3677.2,
        "Non-adjusted EPS": 7018,
        "PE": 2.8,
        "Book Price": 13.7
      }
    },
    {
      "quarter": "Q1 2011",
      "income status": {
        "Net sales": 97544,
        "Cost of goods sold": 68871,
        "Gross Profit": 28673,
        "Financial expenses": 76,
        "Of which: Interest expense": 8,
        "Cost of sales": 7585,
        "Enterprise cost management": 6655,
        "Total Operating Expenses": 14316,
        "Total revenue financing activities": 810,
        "Net profit from business activities": 15167,
        "Profit": 189,
        "Profit before tax": 15356,
        "Present corporate income tax expenses": 2672,
        "Deferred income taxes expenses": 8,
        "The interests of minority shareholders": 141,
        "Total Cost of profits": 2821,
        "Profit after tax corporate income": 12535,
        "Volume": 8014161,
        "Close of Quarter": 20.7,
        "EPS": 3024.9,
        "Non-adjusted EPS": 5773,
        "PE": 3.6,
        "Book Price": 12.1
      }
    }
  ]
}