{
  "ticker": "PHR",
  "data": [
    {
      "quarter": "Q4 2016",
      "income status": {
        "Net sales": 407859,
        "Cost of goods sold": 353711,
        "Gross Profit": 54147,
        "Financial expenses": 10984,
        "Of which: Interest expense": 9675,
        "Cost of sales": 6200,
        "Enterprise cost management": 15102,
        "Total Operating Expenses": 32286,
        "Total revenue financing activities": 47919,
        "Net profit from business activities": 80691,
        "Profit": 11678,
        "Profit before tax": 92368,
        "Present corporate income tax expenses": 32884,
        "Deferred income taxes expenses": -27093,
        "The interests of minority shareholders": 1121,
        "Total Cost of profits": 6912,
        "Profit after tax corporate income": 85456,
        "Volume": 78975047,
        "Close of Quarter": 23.9,
        "EPS": 2742,
        "Non-adjusted EPS": 2742,
        "PE": 8.7,
        "Book Price": 29.1
      }
    },
    {
      "quarter": "Q3 2016",
      "income status": {
        "Net sales": 355568,
        "Cost of goods sold": 329829,
        "Gross Profit": 25739,
        "Financial expenses": 8287,
        "Of which: Interest expense": 8564,
        "Cost of sales": 4981,
        "Enterprise cost management": 18475,
        "Total Operating Expenses": 31743,
        "Total revenue financing activities": 17087,
        "Net profit from business activities": 15685,
        "Profit": 62017,
        "Profit before tax": 77702,
        "Present corporate income tax expenses": 13443,
        "Deferred income taxes expenses": -462,
        "The interests of minority shareholders": 685,
        "Total Cost of profits": 13666,
        "Profit after tax corporate income": 64036,
        "Volume": 78975047,
        "Close of Quarter": 16.8,
        "EPS": 3456,
        "Non-adjusted EPS": 3456,
        "PE": 4.9,
        "Book Price": 28.6
      }
    },
    {
      "quarter": "Q2 2016",
      "income status": {
        "Net sales": 235161,
        "Cost of goods sold": 193819,
        "Gross Profit": 41342,
        "Financial expenses": 8411,
        "Of which: Interest expense": 7300,
        "Cost of sales": 3509,
        "Enterprise cost management": 17226,
        "Total Operating Expenses": 29146,
        "Total revenue financing activities": 7614,
        "Net profit from business activities": 20906,
        "Profit": 19291,
        "Profit before tax": 40196,
        "Present corporate income tax expenses": 6603,
        "Deferred income taxes expenses": 1585,
        "The interests of minority shareholders": 801,
        "Total Cost of profits": 8989,
        "Profit after tax corporate income": 31207,
        "Volume": 78975047,
        "Close of Quarter": 19.2,
        "EPS": 2783,
        "Non-adjusted EPS": 2783,
        "PE": 6.9,
        "Book Price": 28.2
      }
    },
    {
      "quarter": "Q1 2016",
      "income status": {
        "Net sales": 179604,
        "Cost of goods sold": 166850,
        "Gross Profit": 12754,
        "Financial expenses": 5924,
        "Of which: Interest expense": 5705,
        "Cost of sales": 3664,
        "Enterprise cost management": 8812,
        "Total Operating Expenses": 18400,
        "Total revenue financing activities": 9179,
        "Net profit from business activities": 12988,
        "Profit": 29826,
        "Profit before tax": 42813,
        "Present corporate income tax expenses": 6318,
        "Deferred income taxes expenses": 90,
        "The interests of minority shareholders": 517,
        "Total Cost of profits": 6925,
        "Profit after tax corporate income": 35888,
        "Volume": 78975047,
        "Close of Quarter": 15.8,
        "EPS": 2641,
        "Non-adjusted EPS": 2641,
        "PE": 6.0,
        "Book Price": 28.1
      }
    },
    {
      "quarter": "Q4 2015",
      "income status": {
        "Net sales": 393329,
        "Cost of goods sold": 311105,
        "Gross Profit": 82224,
        "Financial expenses": 8726,
        "Of which: Interest expense": 12924,
        "Cost of sales": 7750,
        "Enterprise cost management": 13253,
        "Total Operating Expenses": 29729,
        "Total revenue financing activities": 35123,
        "Net profit from business activities": 112252,
        "Profit": 66812,
        "Profit before tax": 179064,
        "Present corporate income tax expenses": 27402,
        "Deferred income taxes expenses": 9603,
        "The interests of minority shareholders": 270,
        "Total Cost of profits": 37275,
        "Profit after tax corporate income": 141789,
        "Volume": 78975047,
        "Close of Quarter": 15.0,
        "EPS": 2680,
        "Non-adjusted EPS": 2680,
        "PE": 5.6,
        "Book Price": 27.8
      }
    },
    {
      "quarter": "Q3 2015",
      "income status": {
        "Net sales": 309685,
        "Cost of goods sold": 280029,
        "Gross Profit": 29656,
        "Financial expenses": 6191,
        "Of which: Interest expense": 8536,
        "Cost of sales": 5681,
        "Enterprise cost management": 25163,
        "Total Operating Expenses": 37035,
        "Total revenue financing activities": 10425,
        "Net profit from business activities": 1067,
        "Profit": 14593,
        "Profit before tax": 15660,
        "Present corporate income tax expenses": 4269,
        "Deferred income taxes expenses": -151,
        "The interests of minority shareholders": 634,
        "Total Cost of profits": 4752,
        "Profit after tax corporate income": 10907,
        "Volume": 78975047,
        "Close of Quarter": 15.4,
        "EPS": 2208,
        "Non-adjusted EPS": 2208,
        "PE": 7.0,
        "Book Price": 28.5
      }
    },
    {
      "quarter": "Q2 2015",
      "income status": {
        "Net sales": 253954,
        "Cost of goods sold": 236704,
        "Gross Profit": 17249,
        "Financial expenses": 13704,
        "Of which: Interest expense": 7220,
        "Cost of sales": 6042,
        "Enterprise cost management": 17029,
        "Total Operating Expenses": 36775,
        "Total revenue financing activities": 13000,
        "Net profit from business activities": 3671,
        "Profit": 15383,
        "Profit before tax": 19054,
        "Present corporate income tax expenses": 11712,
        "Deferred income taxes expenses": -13641,
        "The interests of minority shareholders": 1027,
        "Total Cost of profits": -902,
        "Profit after tax corporate income": 19956,
        "Volume": 78975047,
        "Close of Quarter": 16.9,
        "EPS": 2577,
        "Non-adjusted EPS": 2577,
        "PE": 6.6,
        "Book Price": 27.7
      }
    },
    {
      "quarter": "Q1 2015",
      "income status": {
        "Net sales": 270316,
        "Cost of goods sold": 229948,
        "Gross Profit": 40369,
        "Financial expenses": 6114,
        "Of which: Interest expense": 5991,
        "Cost of sales": 4646,
        "Enterprise cost management": 11255,
        "Total Operating Expenses": 22015,
        "Total revenue financing activities": 14058,
        "Net profit from business activities": 39488,
        "Profit": 8152,
        "Profit before tax": 47641,
        "Present corporate income tax expenses": 5412,
        "Deferred income taxes expenses": 1772,
        "The interests of minority shareholders": 1421,
        "Total Cost of profits": 8605,
        "Profit after tax corporate income": 39036,
        "Volume": 78975047,
        "Close of Quarter": 16.2,
        "EPS": 2864,
        "Non-adjusted EPS": 2864,
        "PE": 5.7,
        "Book Price": 29.3
      }
    },
    {
      "quarter": "Q4 2014",
      "income status": {
        "Net sales": 478298,
        "Cost of goods sold": 402141,
        "Gross Profit": 76157,
        "Financial expenses": 8736,
        "Of which: Interest expense": 6255,
        "Cost of sales": 8446,
        "Enterprise cost management": 26544,
        "Total Operating Expenses": 43726,
        "Total revenue financing activities": 7739,
        "Net profit from business activities": 43968,
        "Profit": 99195,
        "Profit before tax": 143163,
        "Present corporate income tax expenses": 37425,
        "Deferred income taxes expenses": 421,
        "The interests of minority shareholders": 862,
        "Total Cost of profits": 38708,
        "Profit after tax corporate income": 104455,
        "Volume": 78975047,
        "Close of Quarter": 20.6,
        "EPS": 3341,
        "Non-adjusted EPS": 3341,
        "PE": 6.2,
        "Book Price": 29.1
      }
    },
    {
      "quarter": "Q3 2014",
      "income status": {
        "Net sales": 400040,
        "Cost of goods sold": 350807,
        "Gross Profit": 49233,
        "Financial expenses": 6179,
        "Of which: Interest expense": 9012,
        "Cost of sales": 9703,
        "Enterprise cost management": 17431,
        "Total Operating Expenses": 33313,
        "Total revenue financing activities": 32636,
        "Net profit from business activities": 50904,
        "Profit": 2056,
        "Profit before tax": 52960,
        "Present corporate income tax expenses": 12200,
        "Deferred income taxes expenses": "N/A",
        "The interests of minority shareholders": 658,
        "Total Cost of profits": 12858,
        "Profit after tax corporate income": 40102,
        "Volume": 78975047,
        "Close of Quarter": 22.3,
        "EPS": 4441,
        "Non-adjusted EPS": 4441,
        "PE": 5.0,
        "Book Price": 27.4
      }
    },
    {
      "quarter": "Q2 2014",
      "income status": {
        "Net sales": 325942,
        "Cost of goods sold": 280527,
        "Gross Profit": 45415,
        "Financial expenses": 15899,
        "Of which: Interest expense": 12256,
        "Cost of sales": 11905,
        "Enterprise cost management": 19840,
        "Total Operating Expenses": 47644,
        "Total revenue financing activities": 23521,
        "Net profit from business activities": 24070,
        "Profit": 24858,
        "Profit before tax": 48928,
        "Present corporate income tax expenses": 9165,
        "Deferred income taxes expenses": -3666,
        "The interests of minority shareholders": 828,
        "Total Cost of profits": 6327,
        "Profit after tax corporate income": 42601,
        "Volume": 78975047,
        "Close of Quarter": 21.0,
        "EPS": 4680,
        "Non-adjusted EPS": 4680,
        "PE": 4.5,
        "Book Price": 27
      }
    },
    {
      "quarter": "Q1 2014",
      "income status": {
        "Net sales": 400701,
        "Cost of goods sold": 296218,
        "Gross Profit": 104483,
        "Financial expenses": 1615,
        "Of which: Interest expense": 3738,
        "Cost of sales": 9277,
        "Enterprise cost management": 18370,
        "Total Operating Expenses": 29262,
        "Total revenue financing activities": 6090,
        "Net profit from business activities": 83264,
        "Profit": 15317,
        "Profit before tax": 98581,
        "Present corporate income tax expenses": 17608,
        "Deferred income taxes expenses": 3666,
        "The interests of minority shareholders": 618,
        "Total Cost of profits": 21892,
        "Profit after tax corporate income": 76689,
        "Volume": 78975047,
        "Close of Quarter": 22.7,
        "EPS": 5237,
        "Non-adjusted EPS": 5237,
        "PE": 4.3,
        "Book Price": 28.2
      }
    },
    {
      "quarter": "Q4 2013",
      "income status": {
        "Net sales": 562598,
        "Cost of goods sold": 329521,
        "Gross Profit": 233077,
        "Financial expenses": 2917,
        "Of which: Interest expense": 11951,
        "Cost of sales": 11912,
        "Enterprise cost management": 18895,
        "Total Operating Expenses": 33724,
        "Total revenue financing activities": 30295,
        "Net profit from business activities": 229648,
        "Profit": 19447,
        "Profit before tax": 249840,
        "Present corporate income tax expenses": 57064,
        "Deferred income taxes expenses": 951,
        "The interests of minority shareholders": 521,
        "Total Cost of profits": 58536,
        "Profit after tax corporate income": 191303,
        "Volume": 78975047,
        "Close of Quarter": 22.1,
        "EPS": 4857,
        "Non-adjusted EPS": 4857,
        "PE": 4.5,
        "Book Price": 27.5
      }
    },
    {
      "quarter": "Q3 2013",
      "income status": {
        "Net sales": 587484,
        "Cost of goods sold": 502035,
        "Gross Profit": 85449,
        "Financial expenses": 5753,
        "Of which: Interest expense": 1326,
        "Cost of sales": 10208,
        "Enterprise cost management": 16502,
        "Total Operating Expenses": 32463,
        "Total revenue financing activities": 7042,
        "Net profit from business activities": 60028,
        "Profit": 15251,
        "Profit before tax": 78604,
        "Present corporate income tax expenses": 20235,
        "Deferred income taxes expenses": -1520,
        "The interests of minority shareholders": 858,
        "Total Cost of profits": 19573,
        "Profit after tax corporate income": 59031,
        "Volume": 78975047,
        "Close of Quarter": 20.7,
        "EPS": 5240,
        "Non-adjusted EPS": 5240,
        "PE": 4.0,
        "Book Price": 26.6
      }
    },
    {
      "quarter": "Q2 2013",
      "income status": {
        "Net sales": 428399,
        "Cost of goods sold": 318231,
        "Gross Profit": 110168,
        "Financial expenses": 8043,
        "Of which: Interest expense": 3565,
        "Cost of sales": 7703,
        "Enterprise cost management": 19577,
        "Total Operating Expenses": 35323,
        "Total revenue financing activities": 6731,
        "Net profit from business activities": 81576,
        "Profit": 26768,
        "Profit before tax": 111491,
        "Present corporate income tax expenses": 24041,
        "Deferred income taxes expenses": -772,
        "The interests of minority shareholders": 1677,
        "Total Cost of profits": 24946,
        "Profit after tax corporate income": 86545,
        "Volume": 78975047,
        "Close of Quarter": 19.8,
        "EPS": 6015,
        "Non-adjusted EPS": 6015,
        "PE": 3.3,
        "Book Price": 25.9
      }
    },
    {
      "quarter": "Q1 2013",
      "income status": {
        "Net sales": 331638,
        "Cost of goods sold": 254740,
        "Gross Profit": 76898,
        "Financial expenses": 283,
        "Of which: Interest expense": 2480,
        "Cost of sales": 4458,
        "Enterprise cost management": 19186,
        "Total Operating Expenses": 23927,
        "Total revenue financing activities": 7549,
        "Net profit from business activities": 60521,
        "Profit": 3253,
        "Profit before tax": 65695,
        "Present corporate income tax expenses": 19357,
        "Deferred income taxes expenses": -1005,
        "The interests of minority shareholders": 613,
        "Total Cost of profits": 18965,
        "Profit after tax corporate income": 46730,
        "Volume": 78975047,
        "Close of Quarter": 20.8,
        "EPS": 6082,
        "Non-adjusted EPS": 6082,
        "PE": 3.4,
        "Book Price": 26.4
      }
    },
    {
      "quarter": "Q4 2012",
      "income status": {
        "Net sales": 590889,
        "Cost of goods sold": 324306,
        "Gross Profit": 266583,
        "Financial expenses": 6416,
        "Of which: Interest expense": 3061,
        "Cost of sales": 8346,
        "Enterprise cost management": 7440,
        "Total Operating Expenses": 22202,
        "Total revenue financing activities": 8821,
        "Net profit from business activities": 253202,
        "Profit": 24455,
        "Profit before tax": 281292,
        "Present corporate income tax expenses": 60246,
        "Deferred income taxes expenses": -789,
        "The interests of minority shareholders": 303,
        "Total Cost of profits": 59760,
        "Profit after tax corporate income": 221532,
        "Volume": 78975047,
        "Close of Quarter": 18.7,
        "EPS": 7631,
        "Non-adjusted EPS": 7631,
        "PE": 2.5,
        "Book Price": 25.7
      }
    },
    {
      "quarter": "Q3 2012",
      "income status": {
        "Net sales": 647316,
        "Cost of goods sold": 521219,
        "Gross Profit": 126097,
        "Financial expenses": 4138,
        "Of which: Interest expense": 3743,
        "Cost of sales": 7779,
        "Enterprise cost management": 31925,
        "Total Operating Expenses": 43842,
        "Total revenue financing activities": 15639,
        "Net profit from business activities": 97895,
        "Profit": 24432,
        "Profit before tax": 124147,
        "Present corporate income tax expenses": 579,
        "Deferred income taxes expenses": 2591,
        "The interests of minority shareholders": 721,
        "Total Cost of profits": 3891,
        "Profit after tax corporate income": 120255,
        "Volume": 78975047,
        "Close of Quarter": 17.0,
        "EPS": 9267,
        "Non-adjusted EPS": 9267,
        "PE": 1.8,
        "Book Price": 25.2
      }
    },
    {
      "quarter": "Q2 2012",
      "income status": {
        "Net sales": 426717,
        "Cost of goods sold": 336058,
        "Gross Profit": 90658,
        "Financial expenses": -982,
        "Of which: Interest expense": 1670,
        "Cost of sales": 2533,
        "Enterprise cost management": 21824,
        "Total Operating Expenses": 23375,
        "Total revenue financing activities": 15464,
        "Net profit from business activities": 82748,
        "Profit": 38289,
        "Profit before tax": 122536,
        "Present corporate income tax expenses": 29564,
        "Deferred income taxes expenses": -454,
        "The interests of minority shareholders": 1635,
        "Total Cost of profits": 30745,
        "Profit after tax corporate income": 91791,
        "Volume": 78975047,
        "Close of Quarter": 19.0,
        "EPS": 9900,
        "Non-adjusted EPS": 9900,
        "PE": 1.9,
        "Book Price": 23.8
      }
    },
    {
      "quarter": "Q1 2012",
      "income status": {
        "Net sales": 548822,
        "Cost of goods sold": 378282,
        "Gross Profit": 170540,
        "Financial expenses": 1888,
        "Of which: Interest expense": 1488,
        "Cost of sales": 4980,
        "Enterprise cost management": 10990,
        "Total Operating Expenses": 17858,
        "Total revenue financing activities": 6579,
        "Net profit from business activities": 159261,
        "Profit": 65382,
        "Profit before tax": 225774,
        "Present corporate income tax expenses": 57352,
        "Deferred income taxes expenses": -1668,
        "The interests of minority shareholders": 1003,
        "Total Cost of profits": 56687,
        "Profit after tax corporate income": 169088,
        "Volume": 78975047,
        "Close of Quarter": 16.1,
        "EPS": 10138,
        "Non-adjusted EPS": 10138,
        "PE": 1.6,
        "Book Price": 22.9
      }
    },
    {
      "quarter": "Q4 2011",
      "income status": {
        "Net sales": 695785,
        "Cost of goods sold": 321503,
        "Gross Profit": 374282,
        "Financial expenses": 11353,
        "Of which: Interest expense": 7343,
        "Cost of sales": 8732,
        "Enterprise cost management": 14456,
        "Total Operating Expenses": 34541,
        "Total revenue financing activities": 24166,
        "Net profit from business activities": 363907,
        "Profit": 4999,
        "Profit before tax": 370785,
        "Present corporate income tax expenses": 18427,
        "Deferred income taxes expenses": -469,
        "The interests of minority shareholders": 2092,
        "Total Cost of profits": 20050,
        "Profit after tax corporate income": 350735,
        "Volume": 78975047,
        "Close of Quarter": 15.6,
        "EPS": 10494,
        "Non-adjusted EPS": 10494,
        "PE": 1.5,
        "Book Price": 22.3
      }
    },
    {
      "quarter": "Q3 2011",
      "income status": {
        "Net sales": 796194,
        "Cost of goods sold": 554369,
        "Gross Profit": 241825,
        "Financial expenses": 4375,
        "Of which: Interest expense": 4342,
        "Cost of sales": 5630,
        "Enterprise cost management": 33965,
        "Total Operating Expenses": 43970,
        "Total revenue financing activities": 16989,
        "Net profit from business activities": 214844,
        "Profit": 11740,
        "Profit before tax": 227878,
        "Present corporate income tax expenses": 57138,
        "Deferred income taxes expenses": "N/A",
        "The interests of minority shareholders": 464,
        "Total Cost of profits": 57602,
        "Profit after tax corporate income": 170276,
        "Volume": 78975047,
        "Close of Quarter": 17.0,
        "EPS": 8373,
        "Non-adjusted EPS": 8373,
        "PE": 2.0,
        "Book Price": 20.7
      }
    },
    {
      "quarter": "Q2 2011",
      "income status": {
        "Net sales": 466632,
        "Cost of goods sold": 309023,
        "Gross Profit": 157609,
        "Financial expenses": 19205,
        "Of which: Interest expense": 6051,
        "Cost of sales": 3774,
        "Enterprise cost management": 17692,
        "Total Operating Expenses": 40671,
        "Total revenue financing activities": 13732,
        "Net profit from business activities": 130670,
        "Profit": 14548,
        "Profit before tax": 147516,
        "Present corporate income tax expenses": 35324,
        "Deferred income taxes expenses": 661,
        "The interests of minority shareholders": 945,
        "Total Cost of profits": 36930,
        "Profit after tax corporate income": 110585,
        "Volume": 79975047,
        "Close of Quarter": 17.5,
        "EPS": 7853.2,
        "Non-adjusted EPS": 7755,
        "PE": 2.3,
        "Book Price": 18.5
      }
    },
    {
      "quarter": "Q1 2011",
      "income status": {
        "Net sales": 624574,
        "Cost of goods sold": 376457,
        "Gross Profit": 248117,
        "Financial expenses": 5875,
        "Of which: Interest expense": 5478,
        "Cost of sales": 4705,
        "Enterprise cost management": 10838,
        "Total Operating Expenses": 21418,
        "Total revenue financing activities": 17526,
        "Net profit from business activities": 244225,
        "Profit": 11930,
        "Profit before tax": 260020,
        "Present corporate income tax expenses": 62342,
        "Deferred income taxes expenses": "N/A",
        "The interests of minority shareholders": 487,
        "Total Cost of profits": 62829,
        "Profit after tax corporate income": 197191,
        "Volume": 79975047,
        "Close of Quarter": 19.1,
        "EPS": 7862.3,
        "Non-adjusted EPS": 7764,
        "PE": 2.5,
        "Book Price": 19.5
      }
    }
  ]
}