{
  "ticker": "CEO",
  "data": [
    {
      "quarter": "Q4 2016",
      "income status": {
        "Net sales": 474394,
        "Cost of goods sold": 316336,
        "Gross Profit": 158059,
        "Financial expenses": 18922,
        "Of which: Interest expense": 18922,
        "Cost of sales": 13969,
        "Enterprise cost management": 27983,
        "Total Operating Expenses": 60874,
        "Total revenue financing activities": 4701,
        "Net profit from business activities": 101885,
        "Profit": -493,
        "Profit before tax": 101392,
        "Present corporate income tax expenses": 30189,
        "Deferred income taxes expenses": -689,
        "The interests of minority shareholders": 12048,
        "Total Cost of profits": 41548,
        "Profit after tax corporate income": 59844,
        "Volume": 102935994,
        "Close of Quarter": 11.9,
        "EPS": 1549,
        "Non-adjusted EPS": 1549,
        "PE": 7.7,
        "Book Price": 15.2
      }
    },
    {
      "quarter": "Q3 2016",
      "income status": {
        "Net sales": 310428,
        "Cost of goods sold": 172009,
        "Gross Profit": 138419,
        "Financial expenses": 22639,
        "Of which: Interest expense": 22639,
        "Cost of sales": 3901,
        "Enterprise cost management": 27204,
        "Total Operating Expenses": 53744,
        "Total revenue financing activities": 4410,
        "Net profit from business activities": 89085,
        "Profit": 731,
        "Profit before tax": 89815,
        "Present corporate income tax expenses": 19558,
        "Deferred income taxes expenses": -633,
        "The interests of minority shareholders": 23292,
        "Total Cost of profits": 42217,
        "Profit after tax corporate income": 47598,
        "Volume": 102935994,
        "Close of Quarter": 9.5,
        "EPS": 1697,
        "Non-adjusted EPS": 1697,
        "PE": 5.6,
        "Book Price": 14.4
      }
    },
    {
      "quarter": "Q2 2016",
      "income status": {
        "Net sales": 357598,
        "Cost of goods sold": 246488,
        "Gross Profit": 111110,
        "Financial expenses": 21233,
        "Of which: Interest expense": 20895,
        "Cost of sales": 7582,
        "Enterprise cost management": 25306,
        "Total Operating Expenses": 54121,
        "Total revenue financing activities": 2389,
        "Net profit from business activities": 59379,
        "Profit": -1473,
        "Profit before tax": 57906,
        "Present corporate income tax expenses": 9454,
        "Deferred income taxes expenses": 1535,
        "The interests of minority shareholders": 16602,
        "Total Cost of profits": 27591,
        "Profit after tax corporate income": 30314,
        "Volume": 102935994,
        "Close of Quarter": 9.5,
        "EPS": 1331,
        "Non-adjusted EPS": 1331,
        "PE": 7.2,
        "Book Price": 13.5
      }
    },
    {
      "quarter": "Q1 2016",
      "income status": {
        "Net sales": 247353,
        "Cost of goods sold": 158083,
        "Gross Profit": 89270,
        "Financial expenses": 12265,
        "Of which: Interest expense": 12601,
        "Cost of sales": 6740,
        "Enterprise cost management": 21894,
        "Total Operating Expenses": 40899,
        "Total revenue financing activities": 829,
        "Net profit from business activities": 49200,
        "Profit": -130,
        "Profit before tax": 49070,
        "Present corporate income tax expenses": 10758,
        "Deferred income taxes expenses": -338,
        "The interests of minority shareholders": 16909,
        "Total Cost of profits": 27329,
        "Profit after tax corporate income": 21740,
        "Volume": 68623996,
        "Close of Quarter": 10.7,
        "EPS": 860,
        "Non-adjusted EPS": 1290,
        "PE": 8.3,
        "Book Price": 9.6
      }
    },
    {
      "quarter": "Q4 2015",
      "income status": {
        "Net sales": 348725,
        "Cost of goods sold": 172117,
        "Gross Profit": 176608,
        "Financial expenses": 12819,
        "Of which: Interest expense": 8574,
        "Cost of sales": 5902,
        "Enterprise cost management": 19180,
        "Total Operating Expenses": 37901,
        "Total revenue financing activities": 15977,
        "Net profit from business activities": 154685,
        "Profit": -4102,
        "Profit before tax": 150582,
        "Present corporate income tax expenses": 33720,
        "Deferred income taxes expenses": -2904,
        "The interests of minority shareholders": 44768,
        "Total Cost of profits": 75584,
        "Profit after tax corporate income": 74998,
        "Volume": 68623996,
        "Close of Quarter": 12.5,
        "EPS": 1009.3,
        "Non-adjusted EPS": 1514,
        "PE": 8.2,
        "Book Price": 10.7
      }
    },
    {
      "quarter": "Q3 2015",
      "income status": {
        "Net sales": 46301,
        "Cost of goods sold": 20794,
        "Gross Profit": 25506,
        "Financial expenses": 1254,
        "Of which: Interest expense": 237,
        "Cost of sales": 915,
        "Enterprise cost management": 10524,
        "Total Operating Expenses": 12693,
        "Total revenue financing activities": 1523,
        "Net profit from business activities": 14336,
        "Profit": -15,
        "Profit before tax": 14321,
        "Present corporate income tax expenses": 5746,
        "Deferred income taxes expenses": -2080,
        "The interests of minority shareholders": 712,
        "Total Cost of profits": 4378,
        "Profit after tax corporate income": 9943,
        "Volume": 68623996,
        "Close of Quarter": 13.4,
        "EPS": 789.3,
        "Non-adjusted EPS": 1184,
        "PE": 11.3,
        "Book Price": 9.5
      }
    },
    {
      "quarter": "Q2 2015",
      "income status": {
        "Net sales": 125303,
        "Cost of goods sold": 75604,
        "Gross Profit": 49699,
        "Financial expenses": 2241,
        "Of which: Interest expense": 2197,
        "Cost of sales": 935,
        "Enterprise cost management": 10263,
        "Total Operating Expenses": 13439,
        "Total revenue financing activities": 1869,
        "Net profit from business activities": 38131,
        "Profit": 180,
        "Profit before tax": 38311,
        "Present corporate income tax expenses": 9723,
        "Deferred income taxes expenses": 162,
        "The interests of minority shareholders": 46602,
        "Total Cost of profits": 56487,
        "Profit after tax corporate income": -18175,
        "Volume": 68623996,
        "Close of Quarter": 10.1,
        "EPS": 874,
        "Non-adjusted EPS": 1311,
        "PE": 7.7,
        "Book Price": 9.3
      }
    },
    {
      "quarter": "Q1 2015",
      "income status": {
        "Net sales": 173919,
        "Cost of goods sold": 92371,
        "Gross Profit": 81549,
        "Financial expenses": 3890,
        "Of which: Interest expense": 3890,
        "Cost of sales": 610,
        "Enterprise cost management": 8139,
        "Total Operating Expenses": 12639,
        "Total revenue financing activities": 2853,
        "Net profit from business activities": 71761,
        "Profit": -54,
        "Profit before tax": 71707,
        "Present corporate income tax expenses": 15818,
        "Deferred income taxes expenses": -162,
        "The interests of minority shareholders": 18907,
        "Total Cost of profits": 34563,
        "Profit after tax corporate income": 37144,
        "Volume": 68623996,
        "Close of Quarter": 9.7,
        "EPS": 1135.3,
        "Non-adjusted EPS": 1703,
        "PE": 5.7,
        "Book Price": 9.3
      }
    },
    {
      "quarter": "Q4 2014",
      "income status": {
        "Net sales": 254787,
        "Cost of goods sold": 133552,
        "Gross Profit": 121236,
        "Financial expenses": 2159,
        "Of which: Interest expense": 2133,
        "Cost of sales": 519,
        "Enterprise cost management": 19072,
        "Total Operating Expenses": 21750,
        "Total revenue financing activities": 284,
        "Net profit from business activities": 99769,
        "Profit": -3861,
        "Profit before tax": 95908,
        "Present corporate income tax expenses": 24881,
        "Deferred income taxes expenses": -1349,
        "The interests of minority shareholders": 20053,
        "Total Cost of profits": 43585,
        "Profit after tax corporate income": 52324,
        "Volume": 34311998,
        "Close of Quarter": 8.7,
        "EPS": 834.7,
        "Non-adjusted EPS": 2504,
        "PE": 3.5,
        "Book Price": 5.3
      }
    },
    {
      "quarter": "Q3 2014",
      "income status": {
        "Net sales": 93593,
        "Cost of goods sold": 57311,
        "Gross Profit": 36282,
        "Financial expenses": 2441,
        "Of which: Interest expense": 2441,
        "Cost of sales": 556,
        "Enterprise cost management": 7132,
        "Total Operating Expenses": 10129,
        "Total revenue financing activities": 38,
        "Net profit from business activities": 26190,
        "Profit": -266,
        "Profit before tax": 25925,
        "Present corporate income tax expenses": 6078,
        "Deferred income taxes expenses": 201,
        "The interests of minority shareholders": 990,
        "Total Cost of profits": 7269,
        "Profit after tax corporate income": 18655,
        "Volume": 34311998,
        "Close of Quarter": 9.7,
        "EPS": 326.3,
        "Non-adjusted EPS": 979,
        "PE": 10.0,
        "Book Price": 4.8
      }
    },
    {
      "quarter": "Q2 2014",
      "income status": {
        "Net sales": 62277,
        "Cost of goods sold": 39127,
        "Gross Profit": 23150,
        "Financial expenses": 3888,
        "Of which: Interest expense": 3888,
        "Cost of sales": 182,
        "Enterprise cost management": 6831,
        "Total Operating Expenses": 10901,
        "Total revenue financing activities": -113,
        "Net profit from business activities": 12137,
        "Profit": 86,
        "Profit before tax": 12223,
        "Present corporate income tax expenses": 3198,
        "Deferred income taxes expenses": 284,
        "The interests of minority shareholders": "N/A",
        "Total Cost of profits": 3482,
        "Profit after tax corporate income": 8741,
        "Volume": 34311998,
        "Close of Quarter": "N/A",
        "EPS": 145,
        "Non-adjusted EPS": 435,
        "PE": "N/A",
        "Book Price": 4.6
      }
    },
    {
      "quarter": "Q1 2014",
      "income status": {
        "Net sales": 38267,
        "Cost of goods sold": 23461,
        "Gross Profit": 14805,
        "Financial expenses": 1230,
        "Of which: Interest expense": 1230,
        "Cost of sales": 95,
        "Enterprise cost management": 5129,
        "Total Operating Expenses": 6454,
        "Total revenue financing activities": 203,
        "Net profit from business activities": 8553,
        "Profit": 37,
        "Profit before tax": 8590,
        "Present corporate income tax expenses": 1982,
        "Deferred income taxes expenses": -101,
        "The interests of minority shareholders": 508,
        "Total Cost of profits": 2389,
        "Profit after tax corporate income": 6201,
        "Volume": 34311998,
        "Close of Quarter": "N/A",
        "EPS": 60.3,
        "Non-adjusted EPS": 181,
        "PE": "N/A",
        "Book Price": "N/A"
      }
    }
  ]
}