{
  "ticker": "VCC",
  "data": [
    {
      "quarter": "Q4 2016",
      "income status": {
        "Net sales": 403246,
        "Cost of goods sold": 375371,
        "Gross Profit": 27875,
        "Financial expenses": 4220,
        "Of which: Interest expense": 4220,
        "Cost of sales": 5201,
        "Enterprise cost management": 8267,
        "Total Operating Expenses": 17688,
        "Total revenue financing activities": 814,
        "Net profit from business activities": 11001,
        "Profit": 154,
        "Profit before tax": 11155,
        "Present corporate income tax expenses": 2149,
        "Deferred income taxes expenses": 83,
        "The interests of minority shareholders": "N/A",
        "Total Cost of profits": 2232,
        "Profit after tax corporate income": 8923,
        "Volume": 12000000,
        "Close of Quarter": 11.7,
        "EPS": 1857,
        "Non-adjusted EPS": 1857,
        "PE": 6.3,
        "Book Price": 8.8
      }
    },
    {
      "quarter": "Q3 2016",
      "income status": {
        "Net sales": 252619,
        "Cost of goods sold": 231730,
        "Gross Profit": 20890,
        "Financial expenses": 3591,
        "Of which: Interest expense": 3591,
        "Cost of sales": 5839,
        "Enterprise cost management": 7565,
        "Total Operating Expenses": 16995,
        "Total revenue financing activities": 209,
        "Net profit from business activities": 4104,
        "Profit": -462,
        "Profit before tax": 3642,
        "Present corporate income tax expenses": 665,
        "Deferred income taxes expenses": 75,
        "The interests of minority shareholders": "N/A",
        "Total Cost of profits": 740,
        "Profit after tax corporate income": 2902,
        "Volume": 6000000,
        "Close of Quarter": 13.1,
        "EPS": 1867.5,
        "Non-adjusted EPS": 3735,
        "PE": 3.5,
        "Book Price": 8.2
      }
    },
    {
      "quarter": "Q2 2016",
      "income status": {
        "Net sales": 190335,
        "Cost of goods sold": 165006,
        "Gross Profit": 25329,
        "Financial expenses": 4939,
        "Of which: Interest expense": 4939,
        "Cost of sales": 4857,
        "Enterprise cost management": 7672,
        "Total Operating Expenses": 17468,
        "Total revenue financing activities": 279,
        "Net profit from business activities": 8139,
        "Profit": 564,
        "Profit before tax": 8703,
        "Present corporate income tax expenses": 1669,
        "Deferred income taxes expenses": 96,
        "The interests of minority shareholders": "N/A",
        "Total Cost of profits": 1765,
        "Profit after tax corporate income": 6938,
        "Volume": 6000000,
        "Close of Quarter": 15.3,
        "EPS": 1893.5,
        "Non-adjusted EPS": 3787,
        "PE": 4.0,
        "Book Price": 8.0
      }
    },
    {
      "quarter": "Q1 2016",
      "income status": {
        "Net sales": 186881,
        "Cost of goods sold": 168018,
        "Gross Profit": 18863,
        "Financial expenses": 3387,
        "Of which: Interest expense": 3387,
        "Cost of sales": 3739,
        "Enterprise cost management": 7046,
        "Total Operating Expenses": 14172,
        "Total revenue financing activities": 203,
        "Net profit from business activities": 4894,
        "Profit": -391,
        "Profit before tax": 4503,
        "Present corporate income tax expenses": 907,
        "Deferred income taxes expenses": 80,
        "The interests of minority shareholders": "N/A",
        "Total Cost of profits": 987,
        "Profit after tax corporate income": 3517,
        "Volume": 6000000,
        "Close of Quarter": 12.3,
        "EPS": 2022,
        "Non-adjusted EPS": 4044,
        "PE": 3.1,
        "Book Price": 8.5
      }
    },
    {
      "quarter": "Q4 2015",
      "income status": {
        "Net sales": 354130,
        "Cost of goods sold": 329581,
        "Gross Profit": 24549,
        "Financial expenses": 5281,
        "Of which: Interest expense": 5305,
        "Cost of sales": 4104,
        "Enterprise cost management": 7493,
        "Total Operating Expenses": 16878,
        "Total revenue financing activities": 379,
        "Net profit from business activities": 8050,
        "Profit": 3847,
        "Profit before tax": 11897,
        "Present corporate income tax expenses": 2308,
        "Deferred income taxes expenses": 538,
        "The interests of minority shareholders": "N/A",
        "Total Cost of profits": 2846,
        "Profit after tax corporate income": 9052,
        "Volume": 6000000,
        "Close of Quarter": 11.2,
        "EPS": 2058.5,
        "Non-adjusted EPS": 4117,
        "PE": 2.7,
        "Book Price": 8.4
      }
    },
    {
      "quarter": "Q3 2015",
      "income status": {
        "Net sales": 177508,
        "Cost of goods sold": 159800,
        "Gross Profit": 17707,
        "Financial expenses": 3584,
        "Of which: Interest expense": 3560,
        "Cost of sales": 3583,
        "Enterprise cost management": 8363,
        "Total Operating Expenses": 15530,
        "Total revenue financing activities": 123,
        "Net profit from business activities": 2300,
        "Profit": 1535,
        "Profit before tax": 3836,
        "Present corporate income tax expenses": 378,
        "Deferred income taxes expenses": 245,
        "The interests of minority shareholders": "N/A",
        "Total Cost of profits": 623,
        "Profit after tax corporate income": 3213,
        "Volume": 6000000,
        "Close of Quarter": 9.8,
        "EPS": 1714,
        "Non-adjusted EPS": 3428,
        "PE": 2.9,
        "Book Price": 7.6
      }
    },
    {
      "quarter": "Q2 2015",
      "income status": {
        "Net sales": 254251,
        "Cost of goods sold": 240315,
        "Gross Profit": 13936,
        "Financial expenses": 4700,
        "Of which: Interest expense": 3881,
        "Cost of sales": -1439,
        "Enterprise cost management": 4483,
        "Total Operating Expenses": 7744,
        "Total revenue financing activities": 1695,
        "Net profit from business activities": 7887,
        "Profit": 2099,
        "Profit before tax": 9986,
        "Present corporate income tax expenses": 1910,
        "Deferred income taxes expenses": -7,
        "The interests of minority shareholders": -397,
        "Total Cost of profits": 1506,
        "Profit after tax corporate income": 8480,
        "Volume": 6000000,
        "Close of Quarter": 10.1,
        "EPS": 1767.5,
        "Non-adjusted EPS": 3535,
        "PE": 2.9,
        "Book Price": 7.6
      }
    },
    {
      "quarter": "Q1 2015",
      "income status": {
        "Net sales": 219485,
        "Cost of goods sold": 193475,
        "Gross Profit": 26010,
        "Financial expenses": 3288,
        "Of which: Interest expense": 3188,
        "Cost of sales": 8509,
        "Enterprise cost management": 10300,
        "Total Operating Expenses": 22097,
        "Total revenue financing activities": 328,
        "Net profit from business activities": 4241,
        "Profit": 1364,
        "Profit before tax": 5605,
        "Present corporate income tax expenses": 1243,
        "Deferred income taxes expenses": 7,
        "The interests of minority shareholders": 397,
        "Total Cost of profits": 1647,
        "Profit after tax corporate income": 3958,
        "Volume": 6000000,
        "Close of Quarter": 10.7,
        "EPS": 1550,
        "Non-adjusted EPS": 3100,
        "PE": 3.5,
        "Book Price": 7.4
      }
    },
    {
      "quarter": "Q4 2014",
      "income status": {
        "Net sales": 255560,
        "Cost of goods sold": 225018,
        "Gross Profit": 30542,
        "Financial expenses": 5862,
        "Of which: Interest expense": 5264,
        "Cost of sales": 8294,
        "Enterprise cost management": 10215,
        "Total Operating Expenses": 24371,
        "Total revenue financing activities": 108,
        "Net profit from business activities": 6279,
        "Profit": 648,
        "Profit before tax": 6927,
        "Present corporate income tax expenses": 1475,
        "Deferred income taxes expenses": 8,
        "The interests of minority shareholders": 528,
        "Total Cost of profits": 2011,
        "Profit after tax corporate income": 4916,
        "Volume": 6000000,
        "Close of Quarter": 10.4,
        "EPS": 1545.5,
        "Non-adjusted EPS": 3091,
        "PE": 3.4,
        "Book Price": 9.5
      }
    },
    {
      "quarter": "Q3 2014",
      "income status": {
        "Net sales": 197655,
        "Cost of goods sold": 174074,
        "Gross Profit": 23582,
        "Financial expenses": 3589,
        "Of which: Interest expense": 3589,
        "Cost of sales": 5933,
        "Enterprise cost management": 9034,
        "Total Operating Expenses": 18556,
        "Total revenue financing activities": 563,
        "Net profit from business activities": 5589,
        "Profit": 138,
        "Profit before tax": 5727,
        "Present corporate income tax expenses": 1294,
        "Deferred income taxes expenses": 8,
        "The interests of minority shareholders": 572,
        "Total Cost of profits": 1874,
        "Profit after tax corporate income": 3853,
        "Volume": 6000000,
        "Close of Quarter": 9.3,
        "EPS": 1471,
        "Non-adjusted EPS": 2942,
        "PE": 3.1,
        "Book Price": 9
      }
    },
    {
      "quarter": "Q2 2014",
      "income status": {
        "Net sales": 250450,
        "Cost of goods sold": 221062,
        "Gross Profit": 29388,
        "Financial expenses": 5369,
        "Of which: Interest expense": 4689,
        "Cost of sales": 5554,
        "Enterprise cost management": 11102,
        "Total Operating Expenses": 22025,
        "Total revenue financing activities": 691,
        "Net profit from business activities": 8053,
        "Profit": 380,
        "Profit before tax": 8433,
        "Present corporate income tax expenses": 1834,
        "Deferred income taxes expenses": 23,
        "The interests of minority shareholders": 704,
        "Total Cost of profits": 2561,
        "Profit after tax corporate income": 5872,
        "Volume": 6000000,
        "Close of Quarter": 8.4,
        "EPS": 1460,
        "Non-adjusted EPS": 2920,
        "PE": 2.9,
        "Book Price": 8.7
      }
    },
    {
      "quarter": "Q1 2014",
      "income status": {
        "Net sales": 178200,
        "Cost of goods sold": 157954,
        "Gross Profit": 20247,
        "Financial expenses": 3115,
        "Of which: Interest expense": 3115,
        "Cost of sales": 3967,
        "Enterprise cost management": 8301,
        "Total Operating Expenses": 15383,
        "Total revenue financing activities": 235,
        "Net profit from business activities": 5098,
        "Profit": 352,
        "Profit before tax": 5450,
        "Present corporate income tax expenses": 1245,
        "Deferred income taxes expenses": 8,
        "The interests of minority shareholders": 291,
        "Total Cost of profits": 1544,
        "Profit after tax corporate income": 3906,
        "Volume": 6000000,
        "Close of Quarter": 9.2,
        "EPS": 1451,
        "Non-adjusted EPS": 2902,
        "PE": 3.2,
        "Book Price": 7.3
      }
    },
    {
      "quarter": "Q4 2013",
      "income status": {
        "Net sales": 274034,
        "Cost of goods sold": 237066,
        "Gross Profit": 36968,
        "Financial expenses": 5054,
        "Of which: Interest expense": 3906,
        "Cost of sales": 8337,
        "Enterprise cost management": 8566,
        "Total Operating Expenses": 21957,
        "Total revenue financing activities": 716,
        "Net profit from business activities": 15727,
        "Profit": -32,
        "Profit before tax": 15695,
        "Present corporate income tax expenses": 10926,
        "Deferred income taxes expenses": 9,
        "The interests of minority shareholders": 742,
        "Total Cost of profits": 11677,
        "Profit after tax corporate income": 4018,
        "Volume": 6000000,
        "Close of Quarter": 6.9,
        "EPS": 1339.5,
        "Non-adjusted EPS": 2679,
        "PE": 2.6,
        "Book Price": 8.1
      }
    },
    {
      "quarter": "Q3 2013",
      "income status": {
        "Net sales": 175142,
        "Cost of goods sold": 153903,
        "Gross Profit": 21239,
        "Financial expenses": 2987,
        "Of which: Interest expense": 2987,
        "Cost of sales": 5503,
        "Enterprise cost management": 7827,
        "Total Operating Expenses": 16317,
        "Total revenue financing activities": 457,
        "Net profit from business activities": 5379,
        "Profit": 83,
        "Profit before tax": 5462,
        "Present corporate income tax expenses": 1407,
        "Deferred income taxes expenses": 9,
        "The interests of minority shareholders": 323,
        "Total Cost of profits": 1739,
        "Profit after tax corporate income": 3724,
        "Volume": 6000000,
        "Close of Quarter": 6.2,
        "EPS": 1536,
        "Non-adjusted EPS": 3072,
        "PE": 2.0,
        "Book Price": 7.8
      }
    },
    {
      "quarter": "Q2 2013",
      "income status": {
        "Net sales": 166592,
        "Cost of goods sold": 140553,
        "Gross Profit": 26039,
        "Financial expenses": 5305,
        "Of which: Interest expense": 3920,
        "Cost of sales": 4340,
        "Enterprise cost management": 8824,
        "Total Operating Expenses": 18469,
        "Total revenue financing activities": 530,
        "Net profit from business activities": 8099,
        "Profit": 589,
        "Profit before tax": 8688,
        "Present corporate income tax expenses": 2231,
        "Deferred income taxes expenses": 18,
        "The interests of minority shareholders": 677,
        "Total Cost of profits": 2926,
        "Profit after tax corporate income": 5762,
        "Volume": 6000000,
        "Close of Quarter": 5.4,
        "EPS": 1564.5,
        "Non-adjusted EPS": 3129,
        "PE": 1.7,
        "Book Price": 7.5
      }
    },
    {
      "quarter": "Q1 2013",
      "income status": {
        "Net sales": 168250,
        "Cost of goods sold": 152314,
        "Gross Profit": 15936,
        "Financial expenses": 3895,
        "Of which: Interest expense": 3866,
        "Cost of sales": 1718,
        "Enterprise cost management": 7106,
        "Total Operating Expenses": 12719,
        "Total revenue financing activities": 245,
        "Net profit from business activities": 3462,
        "Profit": 29,
        "Profit before tax": 3491,
        "Present corporate income tax expenses": 835,
        "Deferred income taxes expenses": 71,
        "The interests of minority shareholders": 16,
        "Total Cost of profits": 922,
        "Profit after tax corporate income": 2569,
        "Volume": 6000000,
        "Close of Quarter": 5.6,
        "EPS": 1407.5,
        "Non-adjusted EPS": 2815,
        "PE": 2.0,
        "Book Price": 7.9
      }
    },
    {
      "quarter": "Q4 2012",
      "income status": {
        "Net sales": 306550,
        "Cost of goods sold": 280946,
        "Gross Profit": 25604,
        "Financial expenses": 5687,
        "Of which: Interest expense": 5246,
        "Cost of sales": 4015,
        "Enterprise cost management": 9879,
        "Total Operating Expenses": 19581,
        "Total revenue financing activities": 1436,
        "Net profit from business activities": 7458,
        "Profit": 716,
        "Profit before tax": 8175,
        "Present corporate income tax expenses": 1726,
        "Deferred income taxes expenses": 9,
        "The interests of minority shareholders": 65,
        "Total Cost of profits": 1800,
        "Profit after tax corporate income": 6374,
        "Volume": 6000000,
        "Close of Quarter": 4.1,
        "EPS": 1416,
        "Non-adjusted EPS": 2832,
        "PE": 1.4,
        "Book Price": 7.9
      }
    },
    {
      "quarter": "Q3 2012",
      "income status": {
        "Net sales": 140640,
        "Cost of goods sold": 121199,
        "Gross Profit": 19441,
        "Financial expenses": 5027,
        "Of which: Interest expense": 5027,
        "Cost of sales": 3034,
        "Enterprise cost management": 5906,
        "Total Operating Expenses": 13967,
        "Total revenue financing activities": 147,
        "Net profit from business activities": 5621,
        "Profit": -292,
        "Profit before tax": 5329,
        "Present corporate income tax expenses": 1228,
        "Deferred income taxes expenses": 9,
        "The interests of minority shareholders": 21,
        "Total Cost of profits": 1258,
        "Profit after tax corporate income": 4071,
        "Volume": 6000000,
        "Close of Quarter": 3.8,
        "EPS": 1312,
        "Non-adjusted EPS": 2624,
        "PE": 1.4,
        "Book Price": 7.3
      }
    },
    {
      "quarter": "Q2 2012",
      "income status": {
        "Net sales": 167455,
        "Cost of goods sold": 143912,
        "Gross Profit": 23543,
        "Financial expenses": 6412,
        "Of which: Interest expense": 6412,
        "Cost of sales": 3745,
        "Enterprise cost management": 8778,
        "Total Operating Expenses": 18935,
        "Total revenue financing activities": 702,
        "Net profit from business activities": 5309,
        "Profit": 223,
        "Profit before tax": 5532,
        "Present corporate income tax expenses": 1620,
        "Deferred income taxes expenses": 9,
        "The interests of minority shareholders": 29,
        "Total Cost of profits": 1658,
        "Profit after tax corporate income": 3874,
        "Volume": 6000000,
        "Close of Quarter": 3.7,
        "EPS": 1212,
        "Non-adjusted EPS": 2424,
        "PE": 1.5,
        "Book Price": 7.0
      }
    },
    {
      "quarter": "Q1 2012",
      "income status": {
        "Net sales": 129614,
        "Cost of goods sold": 112697,
        "Gross Profit": 16918,
        "Financial expenses": 5082,
        "Of which: Interest expense": 5082,
        "Cost of sales": 2247,
        "Enterprise cost management": 5222,
        "Total Operating Expenses": 12551,
        "Total revenue financing activities": 399,
        "Net profit from business activities": 4766,
        "Profit": -1058,
        "Profit before tax": 3708,
        "Present corporate income tax expenses": 1002,
        "Deferred income taxes expenses": 9,
        "The interests of minority shareholders": 12,
        "Total Cost of profits": 1023,
        "Profit after tax corporate income": 2672,
        "Volume": 6000000,
        "Close of Quarter": 4.9,
        "EPS": 1098,
        "Non-adjusted EPS": 2196,
        "PE": 2.3,
        "Book Price": 6.7
      }
    },
    {
      "quarter": "Q4 2011",
      "income status": {
        "Net sales": 293173,
        "Cost of goods sold": 273904,
        "Gross Profit": 19269,
        "Financial expenses": 4323,
        "Of which: Interest expense": 4323,
        "Cost of sales": 2537,
        "Enterprise cost management": 6146,
        "Total Operating Expenses": 13006,
        "Total revenue financing activities": 322,
        "Net profit from business activities": 6585,
        "Profit": 572,
        "Profit before tax": 7157,
        "Present corporate income tax expenses": 2004,
        "Deferred income taxes expenses": "N/A",
        "The interests of minority shareholders": 29,
        "Total Cost of profits": 2033,
        "Profit after tax corporate income": 5124,
        "Volume": 6000000,
        "Close of Quarter": 2.2,
        "EPS": 1125.5,
        "Non-adjusted EPS": 2251,
        "PE": 1,
        "Book Price": 7.5
      }
    },
    {
      "quarter": "Q3 2011",
      "income status": {
        "Net sales": 110940,
        "Cost of goods sold": 96104,
        "Gross Profit": 14837,
        "Financial expenses": 4440,
        "Of which: Interest expense": 4440,
        "Cost of sales": 2041,
        "Enterprise cost management": 5005,
        "Total Operating Expenses": 11486,
        "Total revenue financing activities": 188,
        "Net profit from business activities": 3539,
        "Profit": 5,
        "Profit before tax": 3543,
        "Present corporate income tax expenses": 668,
        "Deferred income taxes expenses": "N/A",
        "The interests of minority shareholders": 2,
        "Total Cost of profits": 670,
        "Profit after tax corporate income": 2874,
        "Volume": 6000000,
        "Close of Quarter": 3.1,
        "EPS": 1063,
        "Non-adjusted EPS": 2126,
        "PE": 1.5,
        "Book Price": 7.1
      }
    },
    {
      "quarter": "Q2 2011",
      "income status": {
        "Net sales": 190711,
        "Cost of goods sold": 174832,
        "Gross Profit": 15880,
        "Financial expenses": 4405,
        "Of which: Interest expense": 4405,
        "Cost of sales": 1835,
        "Enterprise cost management": 6272,
        "Total Operating Expenses": 12512,
        "Total revenue financing activities": 156,
        "Net profit from business activities": 3524,
        "Profit": 236,
        "Profit before tax": 3760,
        "Present corporate income tax expenses": 1265,
        "Deferred income taxes expenses": -7,
        "The interests of minority shareholders": "N/A",
        "Total Cost of profits": 1258,
        "Profit after tax corporate income": 2503,
        "Volume": 6000000,
        "Close of Quarter": 3.6,
        "EPS": 1027.5,
        "Non-adjusted EPS": 2055,
        "PE": 1.8,
        "Book Price": 6.8
      }
    },
    {
      "quarter": "Q1 2011",
      "income status": {
        "Net sales": 111991,
        "Cost of goods sold": 99257,
        "Gross Profit": 12734,
        "Financial expenses": 3462,
        "Of which: Interest expense": "N/A",
        "Cost of sales": 560,
        "Enterprise cost management": 4778,
        "Total Operating Expenses": 8800,
        "Total revenue financing activities": 76,
        "Net profit from business activities": 4011,
        "Profit": 12,
        "Profit before tax": 4023,
        "Present corporate income tax expenses": 1006,
        "Deferred income taxes expenses": "N/A",
        "The interests of minority shareholders": 11,
        "Total Cost of profits": 1017,
        "Profit after tax corporate income": 3006,
        "Volume": 4000000,
        "Close of Quarter": 3.7,
        "EPS": 1007,
        "Non-adjusted EPS": 3021,
        "PE": 1.2,
        "Book Price": 7.0
      }
    }
  ]
}