{
  "ticker": "GTN",
  "data": [
    {
      "quarter": "Q4 2016",
      "income status": {
        "Net sales": 500073,
        "Cost of goods sold": 480188,
        "Gross Profit": 19885,
        "Financial expenses": 13092,
        "Of which: Interest expense": 8288,
        "Cost of sales": 6990,
        "Enterprise cost management": 11313,
        "Total Operating Expenses": 31395,
        "Total revenue financing activities": 9985,
        "Net profit from business activities": 2136,
        "Profit": 5368,
        "Profit before tax": 7504,
        "Present corporate income tax expenses": 656,
        "Deferred income taxes expenses": -1026,
        "The interests of minority shareholders": 694,
        "Total Cost of profits": 324,
        "Profit after tax corporate income": 7180,
        "Volume": 250000000,
        "Close of Quarter": 16.6,
        "EPS": 60,
        "Non-adjusted EPS": 60,
        "PE": 276.7,
        "Book Price": 11.3
      }
    },
    {
      "quarter": "Q3 2016",
      "income status": {
        "Net sales": 133891,
        "Cost of goods sold": 110999,
        "Gross Profit": 22892,
        "Financial expenses": 10828,
        "Of which: Interest expense": 8616,
        "Cost of sales": 4266,
        "Enterprise cost management": 11586,
        "Total Operating Expenses": 26680,
        "Total revenue financing activities": 5221,
        "Net profit from business activities": 2461,
        "Profit": 170,
        "Profit before tax": 2631,
        "Present corporate income tax expenses": 112,
        "Deferred income taxes expenses": -207,
        "The interests of minority shareholders": 315,
        "Total Cost of profits": 220,
        "Profit after tax corporate income": 2412,
        "Volume": 150000000,
        "Close of Quarter": 18.9,
        "EPS": 84,
        "Non-adjusted EPS": 140,
        "PE": 134.6,
        "Book Price": 6.5
      }
    },
    {
      "quarter": "Q2 2016",
      "income status": {
        "Net sales": 469281,
        "Cost of goods sold": 453237,
        "Gross Profit": 16044,
        "Financial expenses": 4540,
        "Of which: Interest expense": 5203,
        "Cost of sales": 4956,
        "Enterprise cost management": 14676,
        "Total Operating Expenses": 24172,
        "Total revenue financing activities": 11948,
        "Net profit from business activities": 1616,
        "Profit": -669,
        "Profit before tax": 947,
        "Present corporate income tax expenses": -2411,
        "Deferred income taxes expenses": 1829,
        "The interests of minority shareholders": -15,
        "Total Cost of profits": -597,
        "Profit after tax corporate income": 1544,
        "Volume": 150000000,
        "Close of Quarter": 21.8,
        "EPS": 154.8,
        "Non-adjusted EPS": 258,
        "PE": 84.5,
        "Book Price": 6.5
      }
    },
    {
      "quarter": "Q1 2016",
      "income status": {
        "Net sales": 745682,
        "Cost of goods sold": 726031,
        "Gross Profit": 19651,
        "Financial expenses": 1775,
        "Of which: Interest expense": 810,
        "Cost of sales": 3102,
        "Enterprise cost management": 13852,
        "Total Operating Expenses": 18729,
        "Total revenue financing activities": 3201,
        "Net profit from business activities": 9609,
        "Profit": -146,
        "Profit before tax": 9463,
        "Present corporate income tax expenses": 5921,
        "Deferred income taxes expenses": "N/A",
        "The interests of minority shareholders": -271,
        "Total Cost of profits": 5650,
        "Profit after tax corporate income": 3813,
        "Volume": 150000000,
        "Close of Quarter": 16,
        "EPS": 200.4,
        "Non-adjusted EPS": 334,
        "PE": 47.9,
        "Book Price": 7.0
      }
    },
    {
      "quarter": "Q4 2015",
      "income status": {
        "Net sales": 506898,
        "Cost of goods sold": 480902,
        "Gross Profit": 25996,
        "Financial expenses": 11912,
        "Of which: Interest expense": 12304,
        "Cost of sales": 3836,
        "Enterprise cost management": 3844,
        "Total Operating Expenses": 19592,
        "Total revenue financing activities": 6357,
        "Net profit from business activities": 16082,
        "Profit": -2602,
        "Profit before tax": 13480,
        "Present corporate income tax expenses": -260,
        "Deferred income taxes expenses": "N/A",
        "The interests of minority shareholders": 505,
        "Total Cost of profits": 245,
        "Profit after tax corporate income": 13236,
        "Volume": 74800000,
        "Close of Quarter": 16.7,
        "EPS": 222.3,
        "Non-adjusted EPS": 743,
        "PE": 22.5,
        "Book Price": 4.0
      }
    },
    {
      "quarter": "Q3 2015",
      "income status": {
        "Net sales": 711619,
        "Cost of goods sold": 687846,
        "Gross Profit": 23773,
        "Financial expenses": 1335,
        "Of which: Interest expense": 393,
        "Cost of sales": 3122,
        "Enterprise cost management": 3695,
        "Total Operating Expenses": 8152,
        "Total revenue financing activities": 12052,
        "Net profit from business activities": 24558,
        "Profit": 956,
        "Profit before tax": 25514,
        "Present corporate income tax expenses": 5163,
        "Deferred income taxes expenses": -401,
        "The interests of minority shareholders": 681,
        "Total Cost of profits": 5443,
        "Profit after tax corporate income": 20071,
        "Volume": 74800000,
        "Close of Quarter": 12.9,
        "EPS": 245.6,
        "Non-adjusted EPS": 821,
        "PE": 15.7,
        "Book Price": 3.7
      }
    },
    {
      "quarter": "Q2 2015",
      "income status": {
        "Net sales": 654769,
        "Cost of goods sold": 645666,
        "Gross Profit": 9103,
        "Financial expenses": 2209,
        "Of which: Interest expense": 2096,
        "Cost of sales": 896,
        "Enterprise cost management": 3695,
        "Total Operating Expenses": 6800,
        "Total revenue financing activities": 14828,
        "Net profit from business activities": 19696,
        "Profit": -3189,
        "Profit before tax": 16507,
        "Present corporate income tax expenses": 3030,
        "Deferred income taxes expenses": 401,
        "The interests of minority shareholders": 162,
        "Total Cost of profits": 3593,
        "Profit after tax corporate income": 12914,
        "Volume": 68000000,
        "Close of Quarter": 10.4,
        "EPS": 320.7,
        "Non-adjusted EPS": 1179,
        "PE": 8.8,
        "Book Price": 3.6
      }
    },
    {
      "quarter": "Q1 2015",
      "income status": {
        "Net sales": 234339,
        "Cost of goods sold": 230792,
        "Gross Profit": 3547,
        "Financial expenses": 448,
        "Of which: Interest expense": 115,
        "Cost of sales": 915,
        "Enterprise cost management": 2981,
        "Total Operating Expenses": 4344,
        "Total revenue financing activities": 6293,
        "Net profit from business activities": 5885,
        "Profit": 7120,
        "Profit before tax": 13005,
        "Present corporate income tax expenses": 2873,
        "Deferred income taxes expenses": "N/A",
        "The interests of minority shareholders": 810,
        "Total Cost of profits": 3683,
        "Profit after tax corporate income": 9322,
        "Volume": 68000000,
        "Close of Quarter": 14.1,
        "EPS": 328.3,
        "Non-adjusted EPS": 1207,
        "PE": 11.7,
        "Book Price": 3.5
      }
    },
    {
      "quarter": "Q4 2014",
      "income status": {
        "Net sales": 292301,
        "Cost of goods sold": 275692,
        "Gross Profit": 16609,
        "Financial expenses": 2752,
        "Of which: Interest expense": 362,
        "Cost of sales": 2247,
        "Enterprise cost management": 2788,
        "Total Operating Expenses": 7787,
        "Total revenue financing activities": 15174,
        "Net profit from business activities": 25310,
        "Profit": 1236,
        "Profit before tax": 26546,
        "Present corporate income tax expenses": 4972,
        "Deferred income taxes expenses": "N/A",
        "The interests of minority shareholders": 2476,
        "Total Cost of profits": 7448,
        "Profit after tax corporate income": 19098,
        "Volume": 68000000,
        "Close of Quarter": 11.6,
        "EPS": 323.4,
        "Non-adjusted EPS": 1189,
        "PE": 9.8,
        "Book Price": 3.5
      }
    },
    {
      "quarter": "Q3 2014",
      "income status": {
        "Net sales": 140380,
        "Cost of goods sold": 131607,
        "Gross Profit": 8773,
        "Financial expenses": 252,
        "Of which: Interest expense": 208,
        "Cost of sales": 1121,
        "Enterprise cost management": 2638,
        "Total Operating Expenses": 4011,
        "Total revenue financing activities": 45055,
        "Net profit from business activities": 49638,
        "Profit": 200,
        "Profit before tax": 49838,
        "Present corporate income tax expenses": 10824,
        "Deferred income taxes expenses": "N/A",
        "The interests of minority shareholders": 166,
        "Total Cost of profits": 10990,
        "Profit after tax corporate income": 38848,
        "Volume": 68000000,
        "Close of Quarter": "N/A",
        "EPS": 250.0,
        "Non-adjusted EPS": 919,
        "PE": "N/A",
        "Book Price": 3.4
      }
    },
    {
      "quarter": "Q2 2014",
      "income status": {
        "Net sales": 172738,
        "Cost of goods sold": 153105,
        "Gross Profit": 19634,
        "Financial expenses": 994,
        "Of which: Interest expense": 100,
        "Cost of sales": 601,
        "Enterprise cost management": 2530,
        "Total Operating Expenses": 4125,
        "Total revenue financing activities": 9326,
        "Net profit from business activities": 20566,
        "Profit": 4,
        "Profit before tax": 20569,
        "Present corporate income tax expenses": 4890,
        "Deferred income taxes expenses": "N/A",
        "The interests of minority shareholders": 874,
        "Total Cost of profits": 5764,
        "Profit after tax corporate income": 14806,
        "Volume": 68000000,
        "Close of Quarter": "N/A",
        "EPS": 98.2,
        "Non-adjusted EPS": 361,
        "PE": "N/A",
        "Book Price": 3.1
      }
    },
    {
      "quarter": "Q1 2014",
      "income status": {
        "Net sales": 30053,
        "Cost of goods sold": 21515,
        "Gross Profit": 8538,
        "Financial expenses": 238,
        "Of which: Interest expense": 63,
        "Cost of sales": 620,
        "Enterprise cost management": 1939,
        "Total Operating Expenses": 2797,
        "Total revenue financing activities": 8636,
        "Net profit from business activities": 11387,
        "Profit": -177,
        "Profit before tax": 11210,
        "Present corporate income tax expenses": 3082,
        "Deferred income taxes expenses": "N/A",
        "The interests of minority shareholders": 19,
        "Total Cost of profits": 3101,
        "Profit after tax corporate income": 8109,
        "Volume": 68000000,
        "Close of Quarter": "N/A",
        "EPS": 38.9,
        "Non-adjusted EPS": 143,
        "PE": "N/A",
        "Book Price": 2.9
      }
    },
    {
      "quarter": "Q3 2013",
      "income status": {
        "Net sales": "N/A",
        "Cost of goods sold": "N/A",
        "Gross Profit": "N/A",
        "Financial expenses": "N/A",
        "Of which: Interest expense": "N/A",
        "Cost of sales": "N/A",
        "Enterprise cost management": 270,
        "Total Operating Expenses": 270,
        "Total revenue financing activities": 1246,
        "Net profit from business activities": 976,
        "Profit": "N/A",
        "Profit before tax": 976,
        "Present corporate income tax expenses": 244,
        "Deferred income taxes expenses": "N/A",
        "The interests of minority shareholders": "N/A",
        "Total Cost of profits": 244,
        "Profit after tax corporate income": 732,
        "Volume": 68000000,
        "Close of Quarter": "N/A",
        "EPS": 6.5,
        "Non-adjusted EPS": 24,
        "PE": "N/A",
        "Book Price": "N/A"
      }
    },
    {
      "quarter": "Q1 2013",
      "income status": {
        "Net sales": 4802,
        "Cost of goods sold": 4198,
        "Gross Profit": 604,
        "Financial expenses": "N/A",
        "Of which: Interest expense": "N/A",
        "Cost of sales": "N/A",
        "Enterprise cost management": 208,
        "Total Operating Expenses": 208,
        "Total revenue financing activities": 778,
        "Net profit from business activities": 1174,
        "Profit": "N/A",
        "Profit before tax": 1174,
        "Present corporate income tax expenses": 293,
        "Deferred income taxes expenses": "N/A",
        "The interests of minority shareholders": "N/A",
        "Total Cost of profits": 293,
        "Profit after tax corporate income": 880,
        "Volume": 68000000,
        "Close of Quarter": "N/A",
        "EPS": 3.5,
        "Non-adjusted EPS": 13,
        "PE": "N/A",
        "Book Price": "N/A"
      }
    }
  ]
}