{
  "ticker": "TMX",
  "data": [
    {
      "quarter": "Q4 2016",
      "income status": {
        "Net sales": 382283,
        "Cost of goods sold": 370811,
        "Gross Profit": 11472,
        "Financial expenses": "N/A",
        "Of which: Interest expense": "N/A",
        "Cost of sales": 6927,
        "Enterprise cost management": 5802,
        "Total Operating Expenses": 12729,
        "Total revenue financing activities": 1120,
        "Net profit from business activities": -138,
        "Profit": 1810,
        "Profit before tax": 1672,
        "Present corporate income tax expenses": 362,
        "Deferred income taxes expenses": "N/A",
        "The interests of minority shareholders": "N/A",
        "Total Cost of profits": 362,
        "Profit after tax corporate income": 1311,
        "Volume": 6000000,
        "Close of Quarter": 11.2,
        "EPS": 1542,
        "Non-adjusted EPS": 1542,
        "PE": 7.3,
        "Book Price": 16.4
      }
    },
    {
      "quarter": "Q3 2016",
      "income status": {
        "Net sales": 341217,
        "Cost of goods sold": 333170,
        "Gross Profit": 8047,
        "Financial expenses": "N/A",
        "Of which: Interest expense": "N/A",
        "Cost of sales": 3304,
        "Enterprise cost management": 4222,
        "Total Operating Expenses": 7526,
        "Total revenue financing activities": 800,
        "Net profit from business activities": 1321,
        "Profit": 832,
        "Profit before tax": 2154,
        "Present corporate income tax expenses": 437,
        "Deferred income taxes expenses": "N/A",
        "The interests of minority shareholders": "N/A",
        "Total Cost of profits": 437,
        "Profit after tax corporate income": 1717,
        "Volume": 6000000,
        "Close of Quarter": 11.3,
        "EPS": 1747,
        "Non-adjusted EPS": 1747,
        "PE": 6.5,
        "Book Price": 15.5
      }
    },
    {
      "quarter": "Q2 2016",
      "income status": {
        "Net sales": 329941,
        "Cost of goods sold": 317620,
        "Gross Profit": 12320,
        "Financial expenses": "N/A",
        "Of which: Interest expense": "N/A",
        "Cost of sales": 6355,
        "Enterprise cost management": 5595,
        "Total Operating Expenses": 11950,
        "Total revenue financing activities": 870,
        "Net profit from business activities": 1241,
        "Profit": 3919,
        "Profit before tax": 5160,
        "Present corporate income tax expenses": 1039,
        "Deferred income taxes expenses": "N/A",
        "The interests of minority shareholders": "N/A",
        "Total Cost of profits": 1039,
        "Profit after tax corporate income": 4121,
        "Volume": 6000000,
        "Close of Quarter": 7.8,
        "EPS": 1801,
        "Non-adjusted EPS": 1801,
        "PE": 4.3,
        "Book Price": 15.3
      }
    },
    {
      "quarter": "Q1 2016",
      "income status": {
        "Net sales": 203996,
        "Cost of goods sold": 197120,
        "Gross Profit": 6876,
        "Financial expenses": "N/A",
        "Of which: Interest expense": "N/A",
        "Cost of sales": 2425,
        "Enterprise cost management": 2536,
        "Total Operating Expenses": 4961,
        "Total revenue financing activities": 635,
        "Net profit from business activities": 2550,
        "Profit": 86,
        "Profit before tax": 2636,
        "Present corporate income tax expenses": 534,
        "Deferred income taxes expenses": "N/A",
        "The interests of minority shareholders": "N/A",
        "Total Cost of profits": 534,
        "Profit after tax corporate income": 2102,
        "Volume": 6000000,
        "Close of Quarter": 3.8,
        "EPS": 1412,
        "Non-adjusted EPS": 1412,
        "PE": 2.7,
        "Book Price": 15.4
      }
    },
    {
      "quarter": "Q4 2015",
      "income status": {
        "Net sales": 316551,
        "Cost of goods sold": 298275,
        "Gross Profit": 18276,
        "Financial expenses": "N/A",
        "Of which: Interest expense": "N/A",
        "Cost of sales": 6216,
        "Enterprise cost management": 10066,
        "Total Operating Expenses": 16282,
        "Total revenue financing activities": 997,
        "Net profit from business activities": 2991,
        "Profit": 276,
        "Profit before tax": 3267,
        "Present corporate income tax expenses": 726,
        "Deferred income taxes expenses": "N/A",
        "The interests of minority shareholders": "N/A",
        "Total Cost of profits": 726,
        "Profit after tax corporate income": 2541,
        "Volume": 6000000,
        "Close of Quarter": 3.9,
        "EPS": 1191,
        "Non-adjusted EPS": 1191,
        "PE": 3.3,
        "Book Price": 15
      }
    },
    {
      "quarter": "Q3 2015",
      "income status": {
        "Net sales": 298461,
        "Cost of goods sold": 285363,
        "Gross Profit": 13098,
        "Financial expenses": "N/A",
        "Of which: Interest expense": "N/A",
        "Cost of sales": 4241,
        "Enterprise cost management": 7609,
        "Total Operating Expenses": 11850,
        "Total revenue financing activities": 1009,
        "Net profit from business activities": 2257,
        "Profit": 370,
        "Profit before tax": 2627,
        "Present corporate income tax expenses": 585,
        "Deferred income taxes expenses": "N/A",
        "The interests of minority shareholders": "N/A",
        "Total Cost of profits": 585,
        "Profit after tax corporate income": 2042,
        "Volume": 6000000,
        "Close of Quarter": 5.5,
        "EPS": 1040,
        "Non-adjusted EPS": 1040,
        "PE": 5.3,
        "Book Price": 14.6
      }
    },
    {
      "quarter": "Q2 2015",
      "income status": {
        "Net sales": 297866,
        "Cost of goods sold": 287877,
        "Gross Profit": 9988,
        "Financial expenses": "N/A",
        "Of which: Interest expense": "N/A",
        "Cost of sales": 4190,
        "Enterprise cost management": 4822,
        "Total Operating Expenses": 9012,
        "Total revenue financing activities": 1145,
        "Net profit from business activities": 2122,
        "Profit": 179,
        "Profit before tax": 2301,
        "Present corporate income tax expenses": 514,
        "Deferred income taxes expenses": "N/A",
        "The interests of minority shareholders": "N/A",
        "Total Cost of profits": 514,
        "Profit after tax corporate income": 1787,
        "Volume": 6000000,
        "Close of Quarter": 8.1,
        "EPS": 947,
        "Non-adjusted EPS": 947,
        "PE": 8.6,
        "Book Price": 14.2
      }
    },
    {
      "quarter": "Q1 2015",
      "income status": {
        "Net sales": 149633,
        "Cost of goods sold": 144611,
        "Gross Profit": 5022,
        "Financial expenses": "N/A",
        "Of which: Interest expense": "N/A",
        "Cost of sales": 2506,
        "Enterprise cost management": 2541,
        "Total Operating Expenses": 5047,
        "Total revenue financing activities": 533,
        "Net profit from business activities": 508,
        "Profit": 496,
        "Profit before tax": 1004,
        "Present corporate income tax expenses": 230,
        "Deferred income taxes expenses": "N/A",
        "The interests of minority shareholders": "N/A",
        "Total Cost of profits": 230,
        "Profit after tax corporate income": 774,
        "Volume": 6000000,
        "Close of Quarter": 9.8,
        "EPS": 1239,
        "Non-adjusted EPS": 1239,
        "PE": 7.9,
        "Book Price": 14.6
      }
    },
    {
      "quarter": "Q4 2014",
      "income status": {
        "Net sales": 282389,
        "Cost of goods sold": 264936,
        "Gross Profit": 17453,
        "Financial expenses": "N/A",
        "Of which: Interest expense": "N/A",
        "Cost of sales": 9219,
        "Enterprise cost management": 7132,
        "Total Operating Expenses": 16351,
        "Total revenue financing activities": 693,
        "Net profit from business activities": 1795,
        "Profit": 313,
        "Profit before tax": 2108,
        "Present corporate income tax expenses": 473,
        "Deferred income taxes expenses": "N/A",
        "The interests of minority shareholders": "N/A",
        "Total Cost of profits": 473,
        "Profit after tax corporate income": 1635,
        "Volume": 6000000,
        "Close of Quarter": 12.2,
        "EPS": 1273,
        "Non-adjusted EPS": 1273,
        "PE": 9.6,
        "Book Price": 14.5
      }
    },
    {
      "quarter": "Q3 2014",
      "income status": {
        "Net sales": 260256,
        "Cost of goods sold": 246679,
        "Gross Profit": 13578,
        "Financial expenses": "N/A",
        "Of which: Interest expense": "N/A",
        "Cost of sales": 5724,
        "Enterprise cost management": 8434,
        "Total Operating Expenses": 14158,
        "Total revenue financing activities": 629,
        "Net profit from business activities": 49,
        "Profit": 1867,
        "Profit before tax": 1916,
        "Present corporate income tax expenses": 434,
        "Deferred income taxes expenses": "N/A",
        "The interests of minority shareholders": "N/A",
        "Total Cost of profits": 434,
        "Profit after tax corporate income": 1483,
        "Volume": 6000000,
        "Close of Quarter": 8.1,
        "EPS": 1385,
        "Non-adjusted EPS": 1385,
        "PE": 5.9,
        "Book Price": 14.3
      }
    },
    {
      "quarter": "Q2 2014",
      "income status": {
        "Net sales": 291051,
        "Cost of goods sold": 276344,
        "Gross Profit": 14708,
        "Financial expenses": "N/A",
        "Of which: Interest expense": "N/A",
        "Cost of sales": 6943,
        "Enterprise cost management": 5815,
        "Total Operating Expenses": 12758,
        "Total revenue financing activities": 682,
        "Net profit from business activities": 2632,
        "Profit": 1921,
        "Profit before tax": 4553,
        "Present corporate income tax expenses": 1011,
        "Deferred income taxes expenses": "N/A",
        "The interests of minority shareholders": "N/A",
        "Total Cost of profits": 1011,
        "Profit after tax corporate income": 3542,
        "Volume": 6000000,
        "Close of Quarter": 6.6,
        "EPS": 1450,
        "Non-adjusted EPS": 1450,
        "PE": 4.6,
        "Book Price": 14
      }
    },
    {
      "quarter": "Q1 2014",
      "income status": {
        "Net sales": 163077,
        "Cost of goods sold": 155796,
        "Gross Profit": 7281,
        "Financial expenses": "N/A",
        "Of which: Interest expense": "N/A",
        "Cost of sales": 4391,
        "Enterprise cost management": 2596,
        "Total Operating Expenses": 6987,
        "Total revenue financing activities": 622,
        "Net profit from business activities": 916,
        "Profit": 348,
        "Profit before tax": 1264,
        "Present corporate income tax expenses": 287,
        "Deferred income taxes expenses": "N/A",
        "The interests of minority shareholders": "N/A",
        "Total Cost of profits": 287,
        "Profit after tax corporate income": 976,
        "Volume": 6000000,
        "Close of Quarter": 7,
        "EPS": 1094,
        "Non-adjusted EPS": 1094,
        "PE": 6.4,
        "Book Price": 13.7
      }
    },
    {
      "quarter": "Q4 2013",
      "income status": {
        "Net sales": 280000,
        "Cost of goods sold": 266716,
        "Gross Profit": 13284,
        "Financial expenses": "N/A",
        "Of which: Interest expense": "N/A",
        "Cost of sales": 6894,
        "Enterprise cost management": 3975,
        "Total Operating Expenses": 10869,
        "Total revenue financing activities": 156,
        "Net profit from business activities": 2570,
        "Profit": 537,
        "Profit before tax": 3107,
        "Present corporate income tax expenses": 798,
        "Deferred income taxes expenses": "N/A",
        "The interests of minority shareholders": "N/A",
        "Total Cost of profits": 798,
        "Profit after tax corporate income": 2309,
        "Volume": 6000000,
        "Close of Quarter": 7.3,
        "EPS": 1152,
        "Non-adjusted EPS": 1152,
        "PE": 6.4,
        "Book Price": 13.6
      }
    },
    {
      "quarter": "Q3 2013",
      "income status": {
        "Net sales": 255128,
        "Cost of goods sold": 245600,
        "Gross Profit": 9528,
        "Financial expenses": "N/A",
        "Of which: Interest expense": "N/A",
        "Cost of sales": 5769,
        "Enterprise cost management": 2552,
        "Total Operating Expenses": 8321,
        "Total revenue financing activities": 672,
        "Net profit from business activities": 1879,
        "Profit": 616,
        "Profit before tax": 2495,
        "Present corporate income tax expenses": 624,
        "Deferred income taxes expenses": "N/A",
        "The interests of minority shareholders": "N/A",
        "Total Cost of profits": 624,
        "Profit after tax corporate income": 1871,
        "Volume": 6000000,
        "Close of Quarter": 5.5,
        "EPS": 925,
        "Non-adjusted EPS": 925,
        "PE": 5.9,
        "Book Price": 13.2
      }
    },
    {
      "quarter": "Q2 2013",
      "income status": {
        "Net sales": 316276,
        "Cost of goods sold": 302948,
        "Gross Profit": 13328,
        "Financial expenses": "N/A",
        "Of which: Interest expense": "N/A",
        "Cost of sales": 7486,
        "Enterprise cost management": 5305,
        "Total Operating Expenses": 12791,
        "Total revenue financing activities": 1182,
        "Net profit from business activities": 1719,
        "Profit": 187,
        "Profit before tax": 1906,
        "Present corporate income tax expenses": 498,
        "Deferred income taxes expenses": "N/A",
        "The interests of minority shareholders": "N/A",
        "Total Cost of profits": 498,
        "Profit after tax corporate income": 1409,
        "Volume": 6000000,
        "Close of Quarter": 5.5,
        "EPS": 1013,
        "Non-adjusted EPS": 1013,
        "PE": 5.4,
        "Book Price": 12.9
      }
    },
    {
      "quarter": "Q1 2013",
      "income status": {
        "Net sales": 180118,
        "Cost of goods sold": 173114,
        "Gross Profit": 7005,
        "Financial expenses": "N/A",
        "Of which: Interest expense": "N/A",
        "Cost of sales": 3703,
        "Enterprise cost management": 2609,
        "Total Operating Expenses": 6312,
        "Total revenue financing activities": 552,
        "Net profit from business activities": 1244,
        "Profit": 520,
        "Profit before tax": 1764,
        "Present corporate income tax expenses": 441,
        "Deferred income taxes expenses": "N/A",
        "The interests of minority shareholders": "N/A",
        "Total Cost of profits": 441,
        "Profit after tax corporate income": 1323,
        "Volume": 6000000,
        "Close of Quarter": 4.4,
        "EPS": 1256,
        "Non-adjusted EPS": 1256,
        "PE": 3.5,
        "Book Price": 13.7
      }
    },
    {
      "quarter": "Q4 2012",
      "income status": {
        "Net sales": 311252,
        "Cost of goods sold": 298560,
        "Gross Profit": 12692,
        "Financial expenses": "N/A",
        "Of which: Interest expense": "N/A",
        "Cost of sales": 9064,
        "Enterprise cost management": 5015,
        "Total Operating Expenses": 14079,
        "Total revenue financing activities": 600,
        "Net profit from business activities": -786,
        "Profit": 2073,
        "Profit before tax": 1287,
        "Present corporate income tax expenses": 343,
        "Deferred income taxes expenses": "N/A",
        "The interests of minority shareholders": "N/A",
        "Total Cost of profits": 343,
        "Profit after tax corporate income": 944,
        "Volume": 6000000,
        "Close of Quarter": 4.4,
        "EPS": 1412,
        "Non-adjusted EPS": 1412,
        "PE": 3.1,
        "Book Price": 13.5
      }
    },
    {
      "quarter": "Q3 2012",
      "income status": {
        "Net sales": 244872,
        "Cost of goods sold": 230162,
        "Gross Profit": 14710,
        "Financial expenses": "N/A",
        "Of which: Interest expense": "N/A",
        "Cost of sales": 6597,
        "Enterprise cost management": 6523,
        "Total Operating Expenses": 13120,
        "Total revenue financing activities": 607,
        "Net profit from business activities": 2197,
        "Profit": 1005,
        "Profit before tax": 3201,
        "Present corporate income tax expenses": 800,
        "Deferred income taxes expenses": "N/A",
        "The interests of minority shareholders": "N/A",
        "Total Cost of profits": 800,
        "Profit after tax corporate income": 2401,
        "Volume": 6000000,
        "Close of Quarter": 3.9,
        "EPS": 1848,
        "Non-adjusted EPS": 1848,
        "PE": 2.1,
        "Book Price": 13.4
      }
    },
    {
      "quarter": "Q2 2012",
      "income status": {
        "Net sales": 277483,
        "Cost of goods sold": 264356,
        "Gross Profit": 13127,
        "Financial expenses": "N/A",
        "Of which: Interest expense": "N/A",
        "Cost of sales": 7890,
        "Enterprise cost management": 3892,
        "Total Operating Expenses": 11782,
        "Total revenue financing activities": 1040,
        "Net profit from business activities": 2385,
        "Profit": 1480,
        "Profit before tax": 3865,
        "Present corporate income tax expenses": 998,
        "Deferred income taxes expenses": "N/A",
        "The interests of minority shareholders": "N/A",
        "Total Cost of profits": 998,
        "Profit after tax corporate income": 2867,
        "Volume": 6000000,
        "Close of Quarter": 6.2,
        "EPS": 1887,
        "Non-adjusted EPS": 1887,
        "PE": 3.3,
        "Book Price": 13
      }
    },
    {
      "quarter": "Q1 2012",
      "income status": {
        "Net sales": 261139,
        "Cost of goods sold": 251307,
        "Gross Profit": 9831,
        "Financial expenses": "N/A",
        "Of which: Interest expense": "N/A",
        "Cost of sales": 5284,
        "Enterprise cost management": 2477,
        "Total Operating Expenses": 7761,
        "Total revenue financing activities": 578,
        "Net profit from business activities": 2648,
        "Profit": 362,
        "Profit before tax": 3010,
        "Present corporate income tax expenses": 753,
        "Deferred income taxes expenses": "N/A",
        "The interests of minority shareholders": "N/A",
        "Total Cost of profits": 753,
        "Profit after tax corporate income": 2258,
        "Volume": 6000000,
        "Close of Quarter": 5.3,
        "EPS": 2099,
        "Non-adjusted EPS": 2099,
        "PE": 2.5,
        "Book Price": 13.6
      }
    },
    {
      "quarter": "Q4 2011",
      "income status": {
        "Net sales": 413098,
        "Cost of goods sold": 396187,
        "Gross Profit": 16911,
        "Financial expenses": -1215,
        "Of which: Interest expense": "N/A",
        "Cost of sales": 9996,
        "Enterprise cost management": 5485,
        "Total Operating Expenses": 14266,
        "Total revenue financing activities": 1089,
        "Net profit from business activities": 3734,
        "Profit": 1026,
        "Profit before tax": 16828,
        "Present corporate income tax expenses": 1200,
        "Deferred income taxes expenses": "N/A",
        "The interests of minority shareholders": "N/A",
        "Total Cost of profits": 1200,
        "Profit after tax corporate income": 3559,
        "Volume": 6000000,
        "Close of Quarter": 7.0,
        "EPS": 2100,
        "Non-adjusted EPS": 2100,
        "PE": 3.4,
        "Book Price": 13.2
      }
    },
    {
      "quarter": "Q3 2011",
      "income status": {
        "Net sales": 404421,
        "Cost of goods sold": 391187,
        "Gross Profit": 13234,
        "Financial expenses": "N/A",
        "Of which: Interest expense": "N/A",
        "Cost of sales": 7963,
        "Enterprise cost management": 3039,
        "Total Operating Expenses": 11002,
        "Total revenue financing activities": 1100,
        "Net profit from business activities": 3331,
        "Profit": 186,
        "Profit before tax": 3518,
        "Present corporate income tax expenses": 879,
        "Deferred income taxes expenses": "N/A",
        "The interests of minority shareholders": "N/A",
        "Total Cost of profits": 879,
        "Profit after tax corporate income": 2638,
        "Volume": 6000000,
        "Close of Quarter": 4.7,
        "EPS": 1987,
        "Non-adjusted EPS": 1987,
        "PE": 2.4,
        "Book Price": 12.6
      }
    },
    {
      "quarter": "Q2 2011",
      "income status": {
        "Net sales": 467915,
        "Cost of goods sold": 444908,
        "Gross Profit": 23007,
        "Financial expenses": 1237,
        "Of which: Interest expense": "N/A",
        "Cost of sales": 11833,
        "Enterprise cost management": 5888,
        "Total Operating Expenses": 18958,
        "Total revenue financing activities": 1471,
        "Net profit from business activities": 5519,
        "Profit": 16,
        "Profit before tax": 5535,
        "Present corporate income tax expenses": 1394,
        "Deferred income taxes expenses": "N/A",
        "The interests of minority shareholders": "N/A",
        "Total Cost of profits": 1394,
        "Profit after tax corporate income": 4141,
        "Volume": 6000000,
        "Close of Quarter": 5.7,
        "EPS": 1975,
        "Non-adjusted EPS": 1975,
        "PE": 2.9,
        "Book Price": 12.1
      }
    },
    {
      "quarter": "Q1 2011",
      "income status": {
        "Net sales": 270131,
        "Cost of goods sold": 260284,
        "Gross Profit": 9847,
        "Financial expenses": "N/A",
        "Of which: Interest expense": "N/A",
        "Cost of sales": 5290,
        "Enterprise cost management": 2772,
        "Total Operating Expenses": 8062,
        "Total revenue financing activities": 1187,
        "Net profit from business activities": 2971,
        "Profit": 43,
        "Profit before tax": 3014,
        "Present corporate income tax expenses": 754,
        "Deferred income taxes expenses": "N/A",
        "The interests of minority shareholders": "N/A",
        "Total Cost of profits": 754,
        "Profit after tax corporate income": 2261,
        "Volume": 6000000,
        "Close of Quarter": 6.0,
        "EPS": 1820,
        "Non-adjusted EPS": 1820,
        "PE": 3.3,
        "Book Price": 12.8
      }
    }
  ]
}