{
  "ticker": "VSC",
  "data": [
    {
      "quarter": "Q4 2016",
      "income status": {
        "Net sales": 295718,
        "Cost of goods sold": 179460,
        "Gross Profit": 116258,
        "Financial expenses": 9883,
        "Of which: Interest expense": 9751,
        "Cost of sales": 3058,
        "Enterprise cost management": 15663,
        "Total Operating Expenses": 28604,
        "Total revenue financing activities": 3407,
        "Net profit from business activities": 87538,
        "Profit": 116,
        "Profit before tax": 87654,
        "Present corporate income tax expenses": 15058,
        "Deferred income taxes expenses": "N/A",
        "The interests of minority shareholders": 3917,
        "Total Cost of profits": 18975,
        "Profit after tax corporate income": 68679,
        "Volume": 45557142,
        "Close of Quarter": 56,
        "EPS": 5516,
        "Non-adjusted EPS": 5516,
        "PE": 10.2,
        "Book Price": 33.3
      }
    },
    {
      "quarter": "Q3 2016",
      "income status": {
        "Net sales": 283337,
        "Cost of goods sold": 183442,
        "Gross Profit": 99895,
        "Financial expenses": 14709,
        "Of which: Interest expense": 14702,
        "Cost of sales": 2597,
        "Enterprise cost management": 13176,
        "Total Operating Expenses": 30482,
        "Total revenue financing activities": 2502,
        "Net profit from business activities": 71915,
        "Profit": -45,
        "Profit before tax": 71870,
        "Present corporate income tax expenses": 11095,
        "Deferred income taxes expenses": "N/A",
        "The interests of minority shareholders": 2745,
        "Total Cost of profits": 13840,
        "Profit after tax corporate income": 58030,
        "Volume": 45557142,
        "Close of Quarter": 67.0,
        "EPS": 5142,
        "Non-adjusted EPS": 5142,
        "PE": 13.0,
        "Book Price": 32.7
      }
    },
    {
      "quarter": "Q2 2016",
      "income status": {
        "Net sales": 278167,
        "Cost of goods sold": 173637,
        "Gross Profit": 104530,
        "Financial expenses": 5701,
        "Of which: Interest expense": 5589,
        "Cost of sales": 2814,
        "Enterprise cost management": 13589,
        "Total Operating Expenses": 22104,
        "Total revenue financing activities": 6346,
        "Net profit from business activities": 97977,
        "Profit": 59,
        "Profit before tax": 98036,
        "Present corporate income tax expenses": 12201,
        "Deferred income taxes expenses": "N/A",
        "The interests of minority shareholders": 7932,
        "Total Cost of profits": 20133,
        "Profit after tax corporate income": 77903,
        "Volume": 41416042,
        "Close of Quarter": 64.5,
        "EPS": 5829.2,
        "Non-adjusted EPS": 6412,
        "PE": 10.1,
        "Book Price": 31.4
      }
    },
    {
      "quarter": "Q1 2016",
      "income status": {
        "Net sales": 224953,
        "Cost of goods sold": 149804,
        "Gross Profit": 75148,
        "Financial expenses": 13520,
        "Of which: Interest expense": 13469,
        "Cost of sales": 2599,
        "Enterprise cost management": 11011,
        "Total Operating Expenses": 27130,
        "Total revenue financing activities": 5200,
        "Net profit from business activities": 53218,
        "Profit": 443,
        "Profit before tax": 53660,
        "Present corporate income tax expenses": 10868,
        "Deferred income taxes expenses": "N/A",
        "The interests of minority shareholders": -3878,
        "Total Cost of profits": 6990,
        "Profit after tax corporate income": 46671,
        "Volume": 41416042,
        "Close of Quarter": 52.8,
        "EPS": 5840.1,
        "Non-adjusted EPS": 6424,
        "PE": 8.2,
        "Book Price": 35.1
      }
    },
    {
      "quarter": "Q4 2015",
      "income status": {
        "Net sales": 230868,
        "Cost of goods sold": 150061,
        "Gross Profit": 80806,
        "Financial expenses": 750,
        "Of which: Interest expense": 657,
        "Cost of sales": 2268,
        "Enterprise cost management": 15278,
        "Total Operating Expenses": 18296,
        "Total revenue financing activities": 3526,
        "Net profit from business activities": 66037,
        "Profit": 596,
        "Profit before tax": 66633,
        "Present corporate income tax expenses": 17197,
        "Deferred income taxes expenses": "N/A",
        "The interests of minority shareholders": -2225,
        "Total Cost of profits": 14972,
        "Profit after tax corporate income": 51661,
        "Volume": 41416042,
        "Close of Quarter": 67.8,
        "EPS": 6074.6,
        "Non-adjusted EPS": 6682,
        "PE": 10.1,
        "Book Price": 31.5
      }
    },
    {
      "quarter": "Q3 2015",
      "income status": {
        "Net sales": 244468,
        "Cost of goods sold": 131195,
        "Gross Profit": 113272,
        "Financial expenses": 350,
        "Of which: Interest expense": 93,
        "Cost of sales": 2001,
        "Enterprise cost management": 8731,
        "Total Operating Expenses": 11082,
        "Total revenue financing activities": 4646,
        "Net profit from business activities": 106835,
        "Profit": 3525,
        "Profit before tax": 110360,
        "Present corporate income tax expenses": 21290,
        "Deferred income taxes expenses": "N/A",
        "The interests of minority shareholders": -247,
        "Total Cost of profits": 21043,
        "Profit after tax corporate income": 89317,
        "Volume": 41416042,
        "Close of Quarter": 53.3,
        "EPS": 6825.5,
        "Non-adjusted EPS": 7508,
        "PE": 7.1,
        "Book Price": 30
      }
    },
    {
      "quarter": "Q2 2015",
      "income status": {
        "Net sales": 225655,
        "Cost of goods sold": 131736,
        "Gross Profit": 93919,
        "Financial expenses": 469,
        "Of which: Interest expense": 101,
        "Cost of sales": 1929,
        "Enterprise cost management": 7759,
        "Total Operating Expenses": 10157,
        "Total revenue financing activities": 5452,
        "Net profit from business activities": 95428,
        "Profit": -4,
        "Profit before tax": 95424,
        "Present corporate income tax expenses": 17133,
        "Deferred income taxes expenses": "N/A",
        "The interests of minority shareholders": -97,
        "Total Cost of profits": 17036,
        "Profit after tax corporate income": 78388,
        "Volume": 34374941,
        "Close of Quarter": 41.8,
        "EPS": 5939.8,
        "Non-adjusted EPS": 7872,
        "PE": 5.3,
        "Book Price": 28.8
      }
    },
    {
      "quarter": "Q1 2015",
      "income status": {
        "Net sales": 226833,
        "Cost of goods sold": 144315,
        "Gross Profit": 82517,
        "Financial expenses": 90,
        "Of which: Interest expense": 62,
        "Cost of sales": 1870,
        "Enterprise cost management": 9408,
        "Total Operating Expenses": 11368,
        "Total revenue financing activities": 2162,
        "Net profit from business activities": 73312,
        "Profit": -2101,
        "Profit before tax": 71210,
        "Present corporate income tax expenses": 13819,
        "Deferred income taxes expenses": "N/A",
        "The interests of minority shareholders": "N/A",
        "Total Cost of profits": 13819,
        "Profit after tax corporate income": 57392,
        "Volume": 34374941,
        "Close of Quarter": 36.0,
        "EPS": 5645.5,
        "Non-adjusted EPS": 7482,
        "PE": 4.8,
        "Book Price": 27.8
      }
    },
    {
      "quarter": "Q4 2014",
      "income status": {
        "Net sales": 243781,
        "Cost of goods sold": 143823,
        "Gross Profit": 99957,
        "Financial expenses": -6990,
        "Of which: Interest expense": 169,
        "Cost of sales": 598,
        "Enterprise cost management": 13609,
        "Total Operating Expenses": 7217,
        "Total revenue financing activities": 11629,
        "Net profit from business activities": 104368,
        "Profit": 37,
        "Profit before tax": 104405,
        "Present corporate income tax expenses": 18548,
        "Deferred income taxes expenses": "N/A",
        "The interests of minority shareholders": "N/A",
        "Total Cost of profits": 18548,
        "Profit after tax corporate income": 85857,
        "Volume": 34374941,
        "Close of Quarter": 35.7,
        "EPS": 5433.5,
        "Non-adjusted EPS": 7201,
        "PE": 5.0,
        "Book Price": 26.7
      }
    },
    {
      "quarter": "Q3 2014",
      "income status": {
        "Net sales": 210412,
        "Cost of goods sold": 141560,
        "Gross Profit": 68852,
        "Financial expenses": 92,
        "Of which: Interest expense": 92,
        "Cost of sales": 829,
        "Enterprise cost management": 13624,
        "Total Operating Expenses": 14545,
        "Total revenue financing activities": 5216,
        "Net profit from business activities": 59521,
        "Profit": 473,
        "Profit before tax": 59994,
        "Present corporate income tax expenses": 11016,
        "Deferred income taxes expenses": "N/A",
        "The interests of minority shareholders": "N/A",
        "Total Cost of profits": 11016,
        "Profit after tax corporate income": 48978,
        "Volume": 34374941,
        "Close of Quarter": 42.4,
        "EPS": 5291.6,
        "Non-adjusted EPS": 7013,
        "PE": 6.0,
        "Book Price": 22.1
      }
    },
    {
      "quarter": "Q2 2014",
      "income status": {
        "Net sales": 238344,
        "Cost of goods sold": 159948,
        "Gross Profit": 78395,
        "Financial expenses": -383,
        "Of which: Interest expense": 105,
        "Cost of sales": 778,
        "Enterprise cost management": 9644,
        "Total Operating Expenses": 10039,
        "Total revenue financing activities": 3915,
        "Net profit from business activities": 78114,
        "Profit": 509,
        "Profit before tax": 78623,
        "Present corporate income tax expenses": 13645,
        "Deferred income taxes expenses": "N/A",
        "The interests of minority shareholders": "N/A",
        "Total Cost of profits": 13645,
        "Profit after tax corporate income": 64978,
        "Volume": 28646050,
        "Close of Quarter": 35.7,
        "EPS": 5518.9,
        "Non-adjusted EPS": 8777,
        "PE": 4.1,
        "Book Price": 21
      }
    },
    {
      "quarter": "Q1 2014",
      "income status": {
        "Net sales": 198706,
        "Cost of goods sold": 134120,
        "Gross Profit": 64586,
        "Financial expenses": 62,
        "Of which: Interest expense": 46,
        "Cost of sales": 754,
        "Enterprise cost management": 8217,
        "Total Operating Expenses": 9033,
        "Total revenue financing activities": 2876,
        "Net profit from business activities": 58429,
        "Profit": 398,
        "Profit before tax": 58827,
        "Present corporate income tax expenses": 11104,
        "Deferred income taxes expenses": "N/A",
        "The interests of minority shareholders": "N/A",
        "Total Cost of profits": 11104,
        "Profit after tax corporate income": 47723,
        "Volume": 28646050,
        "Close of Quarter": 41.1,
        "EPS": 5328.4,
        "Non-adjusted EPS": 8474,
        "PE": 4.9,
        "Book Price": 20.4
      }
    },
    {
      "quarter": "Q4 2013",
      "income status": {
        "Net sales": 215164,
        "Cost of goods sold": 129219,
        "Gross Profit": 85946,
        "Financial expenses": -4098,
        "Of which: Interest expense": 271,
        "Cost of sales": 3056,
        "Enterprise cost management": 7763,
        "Total Operating Expenses": 6721,
        "Total revenue financing activities": 16957,
        "Net profit from business activities": 96182,
        "Profit": 1107,
        "Profit before tax": 97289,
        "Present corporate income tax expenses": 17903,
        "Deferred income taxes expenses": "N/A",
        "The interests of minority shareholders": "N/A",
        "Total Cost of profits": 17903,
        "Profit after tax corporate income": 79387,
        "Volume": 28646050,
        "Close of Quarter": 30.7,
        "EPS": 5275.0,
        "Non-adjusted EPS": 8389,
        "PE": 3.7,
        "Book Price": 19.4
      }
    },
    {
      "quarter": "Q3 2013",
      "income status": {
        "Net sales": 213216,
        "Cost of goods sold": 126583,
        "Gross Profit": 86633,
        "Financial expenses": 674,
        "Of which: Interest expense": 464,
        "Cost of sales": 81,
        "Enterprise cost management": 9797,
        "Total Operating Expenses": 10552,
        "Total revenue financing activities": 3162,
        "Net profit from business activities": 79243,
        "Profit": 289,
        "Profit before tax": 79532,
        "Present corporate income tax expenses": 20194,
        "Deferred income taxes expenses": "N/A",
        "The interests of minority shareholders": "N/A",
        "Total Cost of profits": 20194,
        "Profit after tax corporate income": 59338,
        "Volume": 28646050,
        "Close of Quarter": 26.4,
        "EPS": 4902.7,
        "Non-adjusted EPS": 7797,
        "PE": 3.4,
        "Book Price": 17.7
      }
    },
    {
      "quarter": "Q2 2013",
      "income status": {
        "Net sales": 194742,
        "Cost of goods sold": 123686,
        "Gross Profit": 71057,
        "Financial expenses": -959,
        "Of which: Interest expense": 619,
        "Cost of sales": 19,
        "Enterprise cost management": 7442,
        "Total Operating Expenses": 6502,
        "Total revenue financing activities": 4639,
        "Net profit from business activities": 69194,
        "Profit": 903,
        "Profit before tax": 70096,
        "Present corporate income tax expenses": 13786,
        "Deferred income taxes expenses": "N/A",
        "The interests of minority shareholders": "N/A",
        "Total Cost of profits": 13786,
        "Profit after tax corporate income": 56311,
        "Volume": 23871902,
        "Close of Quarter": 19.6,
        "EPS": 4737.5,
        "Non-adjusted EPS": 9041,
        "PE": 2.2,
        "Book Price": 17.3
      }
    },
    {
      "quarter": "Q1 2013",
      "income status": {
        "Net sales": 168752,
        "Cost of goods sold": 109146,
        "Gross Profit": 59606,
        "Financial expenses": 158,
        "Of which: Interest expense": 111,
        "Cost of sales": 153,
        "Enterprise cost management": 6341,
        "Total Operating Expenses": 6652,
        "Total revenue financing activities": 3763,
        "Net profit from business activities": 56717,
        "Profit": 57,
        "Profit before tax": 56775,
        "Present corporate income tax expenses": 11502,
        "Deferred income taxes expenses": "N/A",
        "The interests of minority shareholders": "N/A",
        "Total Cost of profits": 11502,
        "Profit after tax corporate income": 45273,
        "Volume": 23871902,
        "Close of Quarter": 20.5,
        "EPS": 4800.9,
        "Non-adjusted EPS": 9162,
        "PE": 2.2,
        "Book Price": 17.1
      }
    },
    {
      "quarter": "Q4 2012",
      "income status": {
        "Net sales": 201208,
        "Cost of goods sold": 128827,
        "Gross Profit": 72381,
        "Financial expenses": 1755,
        "Of which: Interest expense": 1108,
        "Cost of sales": 37,
        "Enterprise cost management": 10126,
        "Total Operating Expenses": 11918,
        "Total revenue financing activities": 17593,
        "Net profit from business activities": 78056,
        "Profit": 3229,
        "Profit before tax": 81285,
        "Present corporate income tax expenses": 18865,
        "Deferred income taxes expenses": "N/A",
        "The interests of minority shareholders": "N/A",
        "Total Cost of profits": 18865,
        "Profit after tax corporate income": 62420,
        "Volume": 23871902,
        "Close of Quarter": 14.9,
        "EPS": 5018.3,
        "Non-adjusted EPS": 9577,
        "PE": 1.6,
        "Book Price": 16.6
      }
    },
    {
      "quarter": "Q3 2012",
      "income status": {
        "Net sales": 196449,
        "Cost of goods sold": 130281,
        "Gross Profit": 66168,
        "Financial expenses": 61,
        "Of which: Interest expense": 8,
        "Cost of sales": "N/A",
        "Enterprise cost management": 8308,
        "Total Operating Expenses": 8369,
        "Total revenue financing activities": 6507,
        "Net profit from business activities": 64307,
        "Profit": 450,
        "Profit before tax": 64757,
        "Present corporate income tax expenses": 12940,
        "Deferred income taxes expenses": "N/A",
        "The interests of minority shareholders": "N/A",
        "Total Cost of profits": 12940,
        "Profit after tax corporate income": 51817,
        "Volume": 23727902,
        "Close of Quarter": 12.5,
        "EPS": 4537.5,
        "Non-adjusted EPS": 8712,
        "PE": 1.4,
        "Book Price": 16.3
      }
    },
    {
      "quarter": "Q2 2012",
      "income status": {
        "Net sales": 203758,
        "Cost of goods sold": 138197,
        "Gross Profit": 65561,
        "Financial expenses": -7207,
        "Of which: Interest expense": 25,
        "Cost of sales": "N/A",
        "Enterprise cost management": 7495,
        "Total Operating Expenses": 288,
        "Total revenue financing activities": 9735,
        "Net profit from business activities": 75008,
        "Profit": 101,
        "Profit before tax": 75109,
        "Present corporate income tax expenses": 15894,
        "Deferred income taxes expenses": "N/A",
        "The interests of minority shareholders": "N/A",
        "Total Cost of profits": 15894,
        "Profit after tax corporate income": 59215,
        "Volume": 23727902,
        "Close of Quarter": 14.0,
        "EPS": 4519.3,
        "Non-adjusted EPS": 8677,
        "PE": 1.6,
        "Book Price": 15.2
      }
    },
    {
      "quarter": "Q1 2012",
      "income status": {
        "Net sales": 178001,
        "Cost of goods sold": 114238,
        "Gross Profit": 63763,
        "Financial expenses": 208,
        "Of which: Interest expense": 39,
        "Cost of sales": 23,
        "Enterprise cost management": 6063,
        "Total Operating Expenses": 6294,
        "Total revenue financing activities": 11381,
        "Net profit from business activities": 68850,
        "Profit": 58,
        "Profit before tax": 68908,
        "Present corporate income tax expenses": 13731,
        "Deferred income taxes expenses": "N/A",
        "The interests of minority shareholders": "N/A",
        "Total Cost of profits": 13731,
        "Profit after tax corporate income": 55177,
        "Volume": 23727902,
        "Close of Quarter": 11.9,
        "EPS": 4464.6,
        "Non-adjusted EPS": 8572,
        "PE": 1.4,
        "Book Price": 13.9
      }
    },
    {
      "quarter": "Q4 2011",
      "income status": {
        "Net sales": 182210,
        "Cost of goods sold": 124626,
        "Gross Profit": 57583,
        "Financial expenses": 21969,
        "Of which: Interest expense": 76,
        "Cost of sales": 73,
        "Enterprise cost management": 6675,
        "Total Operating Expenses": 28717,
        "Total revenue financing activities": 20746,
        "Net profit from business activities": 49612,
        "Profit": 171,
        "Profit before tax": 49783,
        "Present corporate income tax expenses": 9285,
        "Deferred income taxes expenses": "N/A",
        "The interests of minority shareholders": "N/A",
        "Total Cost of profits": 9285,
        "Profit after tax corporate income": 40498,
        "Volume": 23727902,
        "Close of Quarter": 11,
        "EPS": 4192.8,
        "Non-adjusted EPS": 8050,
        "PE": 1.4,
        "Book Price": 14.1
      }
    },
    {
      "quarter": "Q3 2011",
      "income status": {
        "Net sales": 174312,
        "Cost of goods sold": 111197,
        "Gross Profit": 63114,
        "Financial expenses": 764,
        "Of which: Interest expense": 46,
        "Cost of sales": "N/A",
        "Enterprise cost management": 7525,
        "Total Operating Expenses": 8289,
        "Total revenue financing activities": 9566,
        "Net profit from business activities": 64392,
        "Profit": 14,
        "Profit before tax": 64406,
        "Present corporate income tax expenses": 13402,
        "Deferred income taxes expenses": "N/A",
        "The interests of minority shareholders": "N/A",
        "Total Cost of profits": 13402,
        "Profit after tax corporate income": 51004,
        "Volume": 23727902,
        "Close of Quarter": 12.1,
        "EPS": 4454.2,
        "Non-adjusted EPS": 8552,
        "PE": 1.4,
        "Book Price": 13.2
      }
    },
    {
      "quarter": "Q2 2011",
      "income status": {
        "Net sales": 155331,
        "Cost of goods sold": 95518,
        "Gross Profit": 59814,
        "Financial expenses": 784,
        "Of which: Interest expense": 104,
        "Cost of sales": 14,
        "Enterprise cost management": 5948,
        "Total Operating Expenses": 6746,
        "Total revenue financing activities": 13536,
        "Net profit from business activities": 66603,
        "Profit": 5161,
        "Profit before tax": 71764,
        "Present corporate income tax expenses": 15044,
        "Deferred income taxes expenses": "N/A",
        "The interests of minority shareholders": "N/A",
        "Total Cost of profits": 15044,
        "Profit after tax corporate income": 56720,
        "Volume": 11863951,
        "Close of Quarter": 11.6,
        "EPS": 4418.8,
        "Non-adjusted EPS": 16968,
        "PE": 0.7,
        "Book Price": 13.2
      }
    },
    {
      "quarter": "Q1 2011",
      "income status": {
        "Net sales": 132355,
        "Cost of goods sold": 83704,
        "Gross Profit": 48651,
        "Financial expenses": 963,
        "Of which: Interest expense": 369,
        "Cost of sales": 68,
        "Enterprise cost management": 5081,
        "Total Operating Expenses": 6112,
        "Total revenue financing activities": 8630,
        "Net profit from business activities": 51168,
        "Profit": 2901,
        "Profit before tax": 54069,
        "Present corporate income tax expenses": 11291,
        "Deferred income taxes expenses": "N/A",
        "The interests of minority shareholders": "N/A",
        "Total Cost of profits": 11291,
        "Profit after tax corporate income": 42778,
        "Volume": 11863951,
        "Close of Quarter": 11.6,
        "EPS": 4078.7,
        "Non-adjusted EPS": 15662,
        "PE": 0.7,
        "Book Price": 11.9
      }
    }
  ]
}