{
  "ticker": "KVC",
  "data": [
    {
      "quarter": "Q4 2016",
      "income status": {
        "Net sales": 147730,
        "Cost of goods sold": 134527,
        "Gross Profit": 13203,
        "Financial expenses": 6286,
        "Of which: Interest expense": 5963,
        "Cost of sales": 1503,
        "Enterprise cost management": 4534,
        "Total Operating Expenses": 12323,
        "Total revenue financing activities": 691,
        "Net profit from business activities": 1572,
        "Profit": -117,
        "Profit before tax": 1455,
        "Present corporate income tax expenses": 452,
        "Deferred income taxes expenses": "N/A",
        "The interests of minority shareholders": "N/A",
        "Total Cost of profits": 452,
        "Profit after tax corporate income": 1003,
        "Volume": 49500000,
        "Close of Quarter": 2.1,
        "EPS": 345,
        "Non-adjusted EPS": 345,
        "PE": 6.1,
        "Book Price": 10.6
      }
    },
    {
      "quarter": "Q3 2016",
      "income status": {
        "Net sales": 171442,
        "Cost of goods sold": 146716,
        "Gross Profit": 24726,
        "Financial expenses": 5404,
        "Of which: Interest expense": 5255,
        "Cost of sales": 1267,
        "Enterprise cost management": 4392,
        "Total Operating Expenses": 11063,
        "Total revenue financing activities": 89,
        "Net profit from business activities": 13753,
        "Profit": -386,
        "Profit before tax": 13368,
        "Present corporate income tax expenses": 2784,
        "Deferred income taxes expenses": "N/A",
        "The interests of minority shareholders": "N/A",
        "Total Cost of profits": 2784,
        "Profit after tax corporate income": 10584,
        "Volume": 49500000,
        "Close of Quarter": 12.5,
        "EPS": 333,
        "Non-adjusted EPS": 333,
        "PE": 37.5,
        "Book Price": 10.6
      }
    },
    {
      "quarter": "Q2 2016",
      "income status": {
        "Net sales": 107229,
        "Cost of goods sold": 92700,
        "Gross Profit": 14530,
        "Financial expenses": 5324,
        "Of which: Interest expense": 5192,
        "Cost of sales": 1194,
        "Enterprise cost management": 4364,
        "Total Operating Expenses": 10882,
        "Total revenue financing activities": 87,
        "Net profit from business activities": 3734,
        "Profit": -187,
        "Profit before tax": 3547,
        "Present corporate income tax expenses": 748,
        "Deferred income taxes expenses": "N/A",
        "The interests of minority shareholders": "N/A",
        "Total Cost of profits": 748,
        "Profit after tax corporate income": 2799,
        "Volume": 49500000,
        "Close of Quarter": 11.9,
        "EPS": 143,
        "Non-adjusted EPS": 143,
        "PE": 83.2,
        "Book Price": 10.4
      }
    },
    {
      "quarter": "Q1 2016",
      "income status": {
        "Net sales": 99283,
        "Cost of goods sold": 85782,
        "Gross Profit": 13502,
        "Financial expenses": 4724,
        "Of which: Interest expense": 4628,
        "Cost of sales": 1389,
        "Enterprise cost management": 4027,
        "Total Operating Expenses": 10140,
        "Total revenue financing activities": 31,
        "Net profit from business activities": 3393,
        "Profit": "N/A",
        "Profit before tax": 3393,
        "Present corporate income tax expenses": 679,
        "Deferred income taxes expenses": "N/A",
        "The interests of minority shareholders": "N/A",
        "Total Cost of profits": 679,
        "Profit after tax corporate income": 2714,
        "Volume": 16500000,
        "Close of Quarter": 10.2,
        "EPS": 221.3,
        "Non-adjusted EPS": 664,
        "PE": 15.4,
        "Book Price": 3.6
      }
    },
    {
      "quarter": "Q4 2015",
      "income status": {
        "Net sales": 110803,
        "Cost of goods sold": 99858,
        "Gross Profit": 10945,
        "Financial expenses": 5237,
        "Of which: Interest expense": 4994,
        "Cost of sales": 1281,
        "Enterprise cost management": 3956,
        "Total Operating Expenses": 10474,
        "Total revenue financing activities": 7,
        "Net profit from business activities": 478,
        "Profit": 29,
        "Profit before tax": 506,
        "Present corporate income tax expenses": 111,
        "Deferred income taxes expenses": "N/A",
        "The interests of minority shareholders": "N/A",
        "Total Cost of profits": 111,
        "Profit after tax corporate income": 395,
        "Volume": 16500000,
        "Close of Quarter": 9.5,
        "EPS": 251.7,
        "Non-adjusted EPS": 755,
        "PE": 12.6,
        "Book Price": 3.6
      }
    },
    {
      "quarter": "Q3 2015",
      "income status": {
        "Net sales": 94905,
        "Cost of goods sold": 82797,
        "Gross Profit": 12108,
        "Financial expenses": 5284,
        "Of which: Interest expense": 4996,
        "Cost of sales": 1408,
        "Enterprise cost management": 3960,
        "Total Operating Expenses": 10652,
        "Total revenue financing activities": 33,
        "Net profit from business activities": 1489,
        "Profit": -7,
        "Profit before tax": 1482,
        "Present corporate income tax expenses": 326,
        "Deferred income taxes expenses": "N/A",
        "The interests of minority shareholders": "N/A",
        "Total Cost of profits": 326,
        "Profit after tax corporate income": 1156,
        "Volume": 16500000,
        "Close of Quarter": 7.8,
        "EPS": 298.7,
        "Non-adjusted EPS": 896,
        "PE": 8.8,
        "Book Price": 3.6
      }
    },
    {
      "quarter": "Q2 2015",
      "income status": {
        "Net sales": 115029,
        "Cost of goods sold": 98526,
        "Gross Profit": 16502,
        "Financial expenses": 5288,
        "Of which: Interest expense": 5045,
        "Cost of sales": 1422,
        "Enterprise cost management": 4095,
        "Total Operating Expenses": 10805,
        "Total revenue financing activities": 36,
        "Net profit from business activities": 5734,
        "Profit": 2910,
        "Profit before tax": 8644,
        "Present corporate income tax expenses": 1957,
        "Deferred income taxes expenses": "N/A",
        "The interests of minority shareholders": "N/A",
        "Total Cost of profits": 1957,
        "Profit after tax corporate income": 6687,
        "Volume": 16500000,
        "Close of Quarter": 25.0,
        "EPS": 278.3,
        "Non-adjusted EPS": 835,
        "PE": 30.0,
        "Book Price": 3.6
      }
    },
    {
      "quarter": "Q1 2015",
      "income status": {
        "Net sales": 108310,
        "Cost of goods sold": 92841,
        "Gross Profit": 15470,
        "Financial expenses": 4786,
        "Of which: Interest expense": 4627,
        "Cost of sales": 1341,
        "Enterprise cost management": 4125,
        "Total Operating Expenses": 10252,
        "Total revenue financing activities": 197,
        "Net profit from business activities": 5414,
        "Profit": "N/A",
        "Profit before tax": 5414,
        "Present corporate income tax expenses": 1191,
        "Deferred income taxes expenses": "N/A",
        "The interests of minority shareholders": "N/A",
        "Total Cost of profits": 1191,
        "Profit after tax corporate income": 4223,
        "Volume": 16500000,
        "Close of Quarter": "N/A",
        "EPS": 143,
        "Non-adjusted EPS": 429,
        "PE": "N/A",
        "Book Price": 3.4
      }
    },
    {
      "quarter": "Q2 2014",
      "income status": {
        "Net sales": 81116,
        "Cost of goods sold": 67382,
        "Gross Profit": 13734,
        "Financial expenses": 5968,
        "Of which: Interest expense": 5635,
        "Cost of sales": 1222,
        "Enterprise cost management": 3072,
        "Total Operating Expenses": 10262,
        "Total revenue financing activities": 13,
        "Net profit from business activities": 3486,
        "Profit": "N/A",
        "Profit before tax": 3486,
        "Present corporate income tax expenses": 767,
        "Deferred income taxes expenses": "N/A",
        "The interests of minority shareholders": "N/A",
        "Total Cost of profits": 767,
        "Profit after tax corporate income": 2719,
        "Volume": 16500000,
        "Close of Quarter": "N/A",
        "EPS": 57.7,
        "Non-adjusted EPS": 173,
        "PE": "N/A",
        "Book Price": "N/A"
      }
    },
    {
      "quarter": "Q1 2014",
      "income status": {
        "Net sales": 75224,
        "Cost of goods sold": 64570,
        "Gross Profit": 10654,
        "Financial expenses": 6147,
        "Of which: Interest expense": 5898,
        "Cost of sales": 1368,
        "Enterprise cost management": 2962,
        "Total Operating Expenses": 10477,
        "Total revenue financing activities": 2,
        "Net profit from business activities": 180,
        "Profit": 1,
        "Profit before tax": 181,
        "Present corporate income tax expenses": 40,
        "Deferred income taxes expenses": "N/A",
        "The interests of minority shareholders": "N/A",
        "Total Cost of profits": 40,
        "Profit after tax corporate income": 141,
        "Volume": 16500000,
        "Close of Quarter": "N/A",
        "EPS": 3,
        "Non-adjusted EPS": 9,
        "PE": "N/A",
        "Book Price": "N/A"
      }
    }
  ]
}