{
  "ticker": "L61",
  "data": [
    {
      "quarter": "Q4 2016",
      "income status": {
        "Net sales": 243726,
        "Cost of goods sold": 221089,
        "Gross Profit": 22637,
        "Financial expenses": 8136,
        "Of which: Interest expense": 8136,
        "Cost of sales": 224,
        "Enterprise cost management": 9250,
        "Total Operating Expenses": 17610,
        "Total revenue financing activities": 560,
        "Net profit from business activities": 5588,
        "Profit": 158,
        "Profit before tax": 5746,
        "Present corporate income tax expenses": 1171,
        "Deferred income taxes expenses": "N/A",
        "The interests of minority shareholders": "N/A",
        "Total Cost of profits": 1171,
        "Profit after tax corporate income": 4575,
        "Volume": 7576200,
        "Close of Quarter": 10.2,
        "EPS": 1433,
        "Non-adjusted EPS": 1433,
        "PE": 7.1,
        "Book Price": 20
      }
    },
    {
      "quarter": "Q3 2016",
      "income status": {
        "Net sales": 225616,
        "Cost of goods sold": 205930,
        "Gross Profit": 19685,
        "Financial expenses": 8304,
        "Of which: Interest expense": 8304,
        "Cost of sales": 120,
        "Enterprise cost management": 7365,
        "Total Operating Expenses": 15789,
        "Total revenue financing activities": 102,
        "Net profit from business activities": 3998,
        "Profit": 215,
        "Profit before tax": 4214,
        "Present corporate income tax expenses": 844,
        "Deferred income taxes expenses": "N/A",
        "The interests of minority shareholders": "N/A",
        "Total Cost of profits": 844,
        "Profit after tax corporate income": 3370,
        "Volume": 7015000,
        "Close of Quarter": 9.2,
        "EPS": 1564.8,
        "Non-adjusted EPS": 1690,
        "PE": 5.4,
        "Book Price": 18.4
      }
    },
    {
      "quarter": "Q2 2016",
      "income status": {
        "Net sales": 216285,
        "Cost of goods sold": 192492,
        "Gross Profit": 23794,
        "Financial expenses": 8356,
        "Of which: Interest expense": 8356,
        "Cost of sales": 141,
        "Enterprise cost management": 15959,
        "Total Operating Expenses": 24456,
        "Total revenue financing activities": 109,
        "Net profit from business activities": -554,
        "Profit": 126,
        "Profit before tax": -428,
        "Present corporate income tax expenses": -83,
        "Deferred income taxes expenses": "N/A",
        "The interests of minority shareholders": "N/A",
        "Total Cost of profits": -83,
        "Profit after tax corporate income": -345,
        "Volume": 7015000,
        "Close of Quarter": 9.7,
        "EPS": 1549.1,
        "Non-adjusted EPS": 1673,
        "PE": 5.8,
        "Book Price": 18.0
      }
    },
    {
      "quarter": "Q1 2016",
      "income status": {
        "Net sales": 206650,
        "Cost of goods sold": 184063,
        "Gross Profit": 22587,
        "Financial expenses": 7917,
        "Of which: Interest expense": 7917,
        "Cost of sales": 178,
        "Enterprise cost management": 10884,
        "Total Operating Expenses": 18979,
        "Total revenue financing activities": 488,
        "Net profit from business activities": 4096,
        "Profit": 6,
        "Profit before tax": 4101,
        "Present corporate income tax expenses": 844,
        "Deferred income taxes expenses": "N/A",
        "The interests of minority shareholders": "N/A",
        "Total Cost of profits": 844,
        "Profit after tax corporate income": 3258,
        "Volume": 7015000,
        "Close of Quarter": 9.3,
        "EPS": 2272.2,
        "Non-adjusted EPS": 2454,
        "PE": 3.8,
        "Book Price": 19.1
      }
    },
    {
      "quarter": "Q4 2015",
      "income status": {
        "Net sales": 281090,
        "Cost of goods sold": 253520,
        "Gross Profit": 27570,
        "Financial expenses": 7814,
        "Of which: Interest expense": 7784,
        "Cost of sales": 192,
        "Enterprise cost management": 12136,
        "Total Operating Expenses": 20142,
        "Total revenue financing activities": 47,
        "Net profit from business activities": 7475,
        "Profit": -330,
        "Profit before tax": 7145,
        "Present corporate income tax expenses": 1572,
        "Deferred income taxes expenses": "N/A",
        "The interests of minority shareholders": "N/A",
        "Total Cost of profits": 1572,
        "Profit after tax corporate income": 5573,
        "Volume": 7015000,
        "Close of Quarter": 9.4,
        "EPS": 2255.6,
        "Non-adjusted EPS": 2436,
        "PE": 3.8,
        "Book Price": 18.6
      }
    },
    {
      "quarter": "Q3 2015",
      "income status": {
        "Net sales": 189652,
        "Cost of goods sold": 168798,
        "Gross Profit": 20854,
        "Financial expenses": 7804,
        "Of which: Interest expense": 7573,
        "Cost of sales": 143,
        "Enterprise cost management": 9394,
        "Total Operating Expenses": 17341,
        "Total revenue financing activities": 416,
        "Net profit from business activities": 3929,
        "Profit": 135,
        "Profit before tax": 4064,
        "Present corporate income tax expenses": 812,
        "Deferred income taxes expenses": "N/A",
        "The interests of minority shareholders": "N/A",
        "Total Cost of profits": 812,
        "Profit after tax corporate income": 3253,
        "Volume": 7015000,
        "Close of Quarter": 9.3,
        "EPS": 1952.8,
        "Non-adjusted EPS": 2109,
        "PE": 4.4,
        "Book Price": 17.9
      }
    },
    {
      "quarter": "Q2 2015",
      "income status": {
        "Net sales": 215683,
        "Cost of goods sold": 196165,
        "Gross Profit": 19518,
        "Financial expenses": 6508,
        "Of which: Interest expense": 5973,
        "Cost of sales": 142,
        "Enterprise cost management": 9352,
        "Total Operating Expenses": 16002,
        "Total revenue financing activities": 2542,
        "Net profit from business activities": 6058,
        "Profit": 518,
        "Profit before tax": 6577,
        "Present corporate income tax expenses": 1447,
        "Deferred income taxes expenses": "N/A",
        "The interests of minority shareholders": "N/A",
        "Total Cost of profits": 1447,
        "Profit after tax corporate income": 5130,
        "Volume": 7015000,
        "Close of Quarter": 9.6,
        "EPS": 2011.1,
        "Non-adjusted EPS": 2172,
        "PE": 4.4,
        "Book Price": 17.4
      }
    },
    {
      "quarter": "Q1 2015",
      "income status": {
        "Net sales": 176442,
        "Cost of goods sold": 158199,
        "Gross Profit": 18244,
        "Financial expenses": 6385,
        "Of which: Interest expense": 6313,
        "Cost of sales": 124,
        "Enterprise cost management": 8531,
        "Total Operating Expenses": 15040,
        "Total revenue financing activities": 787,
        "Net profit from business activities": 3990,
        "Profit": 25,
        "Profit before tax": 4015,
        "Present corporate income tax expenses": 883,
        "Deferred income taxes expenses": "N/A",
        "The interests of minority shareholders": "N/A",
        "Total Cost of profits": 883,
        "Profit after tax corporate income": 3132,
        "Volume": 7015000,
        "Close of Quarter": 9.7,
        "EPS": 2050.9,
        "Non-adjusted EPS": 2215,
        "PE": 4.4,
        "Book Price": 17.9
      }
    },
    {
      "quarter": "Q4 2014",
      "income status": {
        "Net sales": 196831,
        "Cost of goods sold": 171690,
        "Gross Profit": 25141,
        "Financial expenses": 9413,
        "Of which: Interest expense": 7581,
        "Cost of sales": 180,
        "Enterprise cost management": 11717,
        "Total Operating Expenses": 21310,
        "Total revenue financing activities": 1245,
        "Net profit from business activities": 5077,
        "Profit": -66,
        "Profit before tax": 5011,
        "Present corporate income tax expenses": 1734,
        "Deferred income taxes expenses": "N/A",
        "The interests of minority shareholders": "N/A",
        "Total Cost of profits": 1734,
        "Profit after tax corporate income": 3277,
        "Volume": 7015000,
        "Close of Quarter": 8.9,
        "EPS": 2038.9,
        "Non-adjusted EPS": 2202,
        "PE": 4.1,
        "Book Price": 17.4
      }
    },
    {
      "quarter": "Q3 2014",
      "income status": {
        "Net sales": 200239,
        "Cost of goods sold": 179160,
        "Gross Profit": 21080,
        "Financial expenses": 8320,
        "Of which: Interest expense": 8312,
        "Cost of sales": 127,
        "Enterprise cost management": 8398,
        "Total Operating Expenses": 16845,
        "Total revenue financing activities": 412,
        "Net profit from business activities": 4647,
        "Profit": -9,
        "Profit before tax": 4638,
        "Present corporate income tax expenses": 938,
        "Deferred income taxes expenses": "N/A",
        "The interests of minority shareholders": "N/A",
        "Total Cost of profits": 938,
        "Profit after tax corporate income": 3700,
        "Volume": 7015000,
        "Close of Quarter": 9.0,
        "EPS": 2049.1,
        "Non-adjusted EPS": 2213,
        "PE": 4.1,
        "Book Price": 17.0
      }
    },
    {
      "quarter": "Q2 2014",
      "income status": {
        "Net sales": 260368,
        "Cost of goods sold": 236400,
        "Gross Profit": 23968,
        "Financial expenses": 8977,
        "Of which: Interest expense": 8820,
        "Cost of sales": 169,
        "Enterprise cost management": 7855,
        "Total Operating Expenses": 17001,
        "Total revenue financing activities": 348,
        "Net profit from business activities": 7315,
        "Profit": -351,
        "Profit before tax": 6964,
        "Present corporate income tax expenses": 1532,
        "Deferred income taxes expenses": "N/A",
        "The interests of minority shareholders": "N/A",
        "Total Cost of profits": 1532,
        "Profit after tax corporate income": 5432,
        "Volume": 7015000,
        "Close of Quarter": 7.4,
        "EPS": 2102.8,
        "Non-adjusted EPS": 2271,
        "PE": 3.3,
        "Book Price": 16.5
      }
    },
    {
      "quarter": "Q1 2014",
      "income status": {
        "Net sales": 171685,
        "Cost of goods sold": 154145,
        "Gross Profit": 17540,
        "Financial expenses": 8397,
        "Of which: Interest expense": 8114,
        "Cost of sales": 145,
        "Enterprise cost management": 5574,
        "Total Operating Expenses": 14116,
        "Total revenue financing activities": 45,
        "Net profit from business activities": 3469,
        "Profit": 424,
        "Profit before tax": 3892,
        "Present corporate income tax expenses": 856,
        "Deferred income taxes expenses": "N/A",
        "The interests of minority shareholders": "N/A",
        "Total Cost of profits": 856,
        "Profit after tax corporate income": 3036,
        "Volume": 7015000,
        "Close of Quarter": 8.7,
        "EPS": 1809.3,
        "Non-adjusted EPS": 1954,
        "PE": 4.5,
        "Book Price": 16.8
      }
    },
    {
      "quarter": "Q4 2013",
      "income status": {
        "Net sales": 271694,
        "Cost of goods sold": 250336,
        "Gross Profit": 21358,
        "Financial expenses": 9549,
        "Of which: Interest expense": 9002,
        "Cost of sales": 162,
        "Enterprise cost management": 7675,
        "Total Operating Expenses": 17386,
        "Total revenue financing activities": 390,
        "Net profit from business activities": 4361,
        "Profit": 15,
        "Profit before tax": 4376,
        "Present corporate income tax expenses": 1017,
        "Deferred income taxes expenses": "N/A",
        "The interests of minority shareholders": "N/A",
        "Total Cost of profits": 1017,
        "Profit after tax corporate income": 3359,
        "Volume": 7015000,
        "Close of Quarter": 7.6,
        "EPS": 1885.2,
        "Non-adjusted EPS": 2036,
        "PE": 3.7,
        "Book Price": 16.5
      }
    },
    {
      "quarter": "Q3 2013",
      "income status": {
        "Net sales": 164624,
        "Cost of goods sold": 146853,
        "Gross Profit": 17770,
        "Financial expenses": 8899,
        "Of which: Interest expense": 8882,
        "Cost of sales": 130,
        "Enterprise cost management": 5572,
        "Total Operating Expenses": 14601,
        "Total revenue financing activities": 1450,
        "Net profit from business activities": 4619,
        "Profit": 381,
        "Profit before tax": 5000,
        "Present corporate income tax expenses": 899,
        "Deferred income taxes expenses": "N/A",
        "The interests of minority shareholders": "N/A",
        "Total Cost of profits": 899,
        "Profit after tax corporate income": 4101,
        "Volume": 7015000,
        "Close of Quarter": 6.5,
        "EPS": 2092.6,
        "Non-adjusted EPS": 2260,
        "PE": 2.9,
        "Book Price": 16.4
      }
    },
    {
      "quarter": "Q2 2013",
      "income status": {
        "Net sales": 167649,
        "Cost of goods sold": 147705,
        "Gross Profit": 19944,
        "Financial expenses": 8732,
        "Of which: Interest expense": "N/A",
        "Cost of sales": 170,
        "Enterprise cost management": 7364,
        "Total Operating Expenses": 16266,
        "Total revenue financing activities": 436,
        "Net profit from business activities": 4114,
        "Profit": 172,
        "Profit before tax": 4287,
        "Present corporate income tax expenses": 1078,
        "Deferred income taxes expenses": "N/A",
        "The interests of minority shareholders": "N/A",
        "Total Cost of profits": 1078,
        "Profit after tax corporate income": 3208,
        "Volume": 7015000,
        "Close of Quarter": 6.3,
        "EPS": 2203.7,
        "Non-adjusted EPS": 2380,
        "PE": 2.7,
        "Book Price": 15.8
      }
    },
    {
      "quarter": "Q1 2013",
      "income status": {
        "Net sales": 104683,
        "Cost of goods sold": 86643,
        "Gross Profit": 18041,
        "Financial expenses": 6823,
        "Of which: Interest expense": "N/A",
        "Cost of sales": 183,
        "Enterprise cost management": 6278,
        "Total Operating Expenses": 13284,
        "Total revenue financing activities": 67,
        "Net profit from business activities": 4824,
        "Profit": -2,
        "Profit before tax": 4822,
        "Present corporate income tax expenses": 1205,
        "Deferred income taxes expenses": "N/A",
        "The interests of minority shareholders": "N/A",
        "Total Cost of profits": 1205,
        "Profit after tax corporate income": 3616,
        "Volume": 7015000,
        "Close of Quarter": 6.3,
        "EPS": 2396.3,
        "Non-adjusted EPS": 2588,
        "PE": 2.5,
        "Book Price": 16.1
      }
    },
    {
      "quarter": "Q4 2012",
      "income status": {
        "Net sales": 158653,
        "Cost of goods sold": 137371,
        "Gross Profit": 21282,
        "Financial expenses": 6663,
        "Of which: Interest expense": "N/A",
        "Cost of sales": 162,
        "Enterprise cost management": 7559,
        "Total Operating Expenses": 14384,
        "Total revenue financing activities": 659,
        "Net profit from business activities": 7556,
        "Profit": -1667,
        "Profit before tax": 5890,
        "Present corporate income tax expenses": 960,
        "Deferred income taxes expenses": "N/A",
        "The interests of minority shareholders": "N/A",
        "Total Cost of profits": 960,
        "Profit after tax corporate income": 4930,
        "Volume": 7015000,
        "Close of Quarter": 5.3,
        "EPS": 2311.1,
        "Non-adjusted EPS": 2496,
        "PE": 2.1,
        "Book Price": 15.7
      }
    },
    {
      "quarter": "Q3 2012",
      "income status": {
        "Net sales": 141036,
        "Cost of goods sold": 120851,
        "Gross Profit": 20185,
        "Financial expenses": 7747,
        "Of which: Interest expense": "N/A",
        "Cost of sales": 176,
        "Enterprise cost management": 6014,
        "Total Operating Expenses": 13937,
        "Total revenue financing activities": 32,
        "Net profit from business activities": 6280,
        "Profit": -287,
        "Profit before tax": 5993,
        "Present corporate income tax expenses": 1049,
        "Deferred income taxes expenses": "N/A",
        "The interests of minority shareholders": "N/A",
        "Total Cost of profits": 1049,
        "Profit after tax corporate income": 4945,
        "Volume": 7015000,
        "Close of Quarter": 4.7,
        "EPS": 2302.8,
        "Non-adjusted EPS": 2487,
        "PE": 1.9,
        "Book Price": 15.5
      }
    },
    {
      "quarter": "Q2 2012",
      "income status": {
        "Net sales": 113581,
        "Cost of goods sold": 97743,
        "Gross Profit": 15838,
        "Financial expenses": 8168,
        "Of which: Interest expense": 16396,
        "Cost of sales": 182,
        "Enterprise cost management": 4286,
        "Total Operating Expenses": 12636,
        "Total revenue financing activities": 1937,
        "Net profit from business activities": 5139,
        "Profit": 137,
        "Profit before tax": 5276,
        "Present corporate income tax expenses": 910,
        "Deferred income taxes expenses": "N/A",
        "The interests of minority shareholders": -295,
        "Total Cost of profits": 615,
        "Profit after tax corporate income": 4661,
        "Volume": 7015000,
        "Close of Quarter": 5.5,
        "EPS": 2157.4,
        "Non-adjusted EPS": 2330,
        "PE": 2.4,
        "Book Price": 14.8
      }
    },
    {
      "quarter": "Q1 2012",
      "income status": {
        "Net sales": 96220,
        "Cost of goods sold": 76930,
        "Gross Profit": 19290,
        "Financial expenses": 8395,
        "Of which: Interest expense": "N/A",
        "Cost of sales": 135,
        "Enterprise cost management": 6832,
        "Total Operating Expenses": 15362,
        "Total revenue financing activities": 31,
        "Net profit from business activities": 3959,
        "Profit": 394,
        "Profit before tax": 4353,
        "Present corporate income tax expenses": 1088,
        "Deferred income taxes expenses": "N/A",
        "The interests of minority shareholders": 295,
        "Total Cost of profits": 1383,
        "Profit after tax corporate income": 2970,
        "Volume": 7015000,
        "Close of Quarter": 4.6,
        "EPS": 2170.4,
        "Non-adjusted EPS": 2344,
        "PE": 2.0,
        "Book Price": 15.3
      }
    },
    {
      "quarter": "Q4 2011",
      "income status": {
        "Net sales": 138262,
        "Cost of goods sold": 115909,
        "Gross Profit": 22353,
        "Financial expenses": 8301,
        "Of which: Interest expense": "N/A",
        "Cost of sales": "N/A",
        "Enterprise cost management": 8546,
        "Total Operating Expenses": 16847,
        "Total revenue financing activities": 411,
        "Net profit from business activities": 5916,
        "Profit": 252,
        "Profit before tax": 6169,
        "Present corporate income tax expenses": 570,
        "Deferred income taxes expenses": "N/A",
        "The interests of minority shareholders": 731,
        "Total Cost of profits": 1301,
        "Profit after tax corporate income": 4867,
        "Volume": 7015000,
        "Close of Quarter": 4.2,
        "EPS": 2132.4,
        "Non-adjusted EPS": 2303,
        "PE": 1.8,
        "Book Price": 14.8
      }
    },
    {
      "quarter": "Q3 2011",
      "income status": {
        "Net sales": 138524,
        "Cost of goods sold": 118641,
        "Gross Profit": 19883,
        "Financial expenses": 7866,
        "Of which: Interest expense": "N/A",
        "Cost of sales": 1309,
        "Enterprise cost management": 5549,
        "Total Operating Expenses": 14724,
        "Total revenue financing activities": 28,
        "Net profit from business activities": 5186,
        "Profit": 445,
        "Profit before tax": 5632,
        "Present corporate income tax expenses": 1408,
        "Deferred income taxes expenses": "N/A",
        "The interests of minority shareholders": 374,
        "Total Cost of profits": 1782,
        "Profit after tax corporate income": 3850,
        "Volume": 7015000,
        "Close of Quarter": 4.4,
        "EPS": 2111.1,
        "Non-adjusted EPS": 2280,
        "PE": 1.9,
        "Book Price": 14.9
      }
    },
    {
      "quarter": "Q2 2011",
      "income status": {
        "Net sales": 129057,
        "Cost of goods sold": 109850,
        "Gross Profit": 19207,
        "Financial expenses": 6252,
        "Of which: Interest expense": "N/A",
        "Cost of sales": 638,
        "Enterprise cost management": 5954,
        "Total Operating Expenses": 12844,
        "Total revenue financing activities": 22,
        "Net profit from business activities": 6386,
        "Profit": 541,
        "Profit before tax": 6927,
        "Present corporate income tax expenses": 1734,
        "Deferred income taxes expenses": "N/A",
        "The interests of minority shareholders": 440,
        "Total Cost of profits": 2174,
        "Profit after tax corporate income": 4753,
        "Volume": 7015000,
        "Close of Quarter": 4.2,
        "EPS": 2094.4,
        "Non-adjusted EPS": 2262,
        "PE": 1.8,
        "Book Price": 14.4
      }
    },
    {
      "quarter": "Q1 2011",
      "income status": {
        "Net sales": 80215,
        "Cost of goods sold": 68068,
        "Gross Profit": 12147,
        "Financial expenses": 3898,
        "Of which: Interest expense": "N/A",
        "Cost of sales": 520,
        "Enterprise cost management": 4345,
        "Total Operating Expenses": 8763,
        "Total revenue financing activities": 25,
        "Net profit from business activities": 3409,
        "Profit": 173,
        "Profit before tax": 3582,
        "Present corporate income tax expenses": 893,
        "Deferred income taxes expenses": "N/A",
        "The interests of minority shareholders": "N/A",
        "Total Cost of profits": 893,
        "Profit after tax corporate income": 2689,
        "Volume": 7015000,
        "Close of Quarter": 6.1,
        "EPS": 2097.2,
        "Non-adjusted EPS": 2265,
        "PE": 2.7,
        "Book Price": 14.6
      }
    }
  ]
}