{
  "ticker": "TPP",
  "data": [
    {
      "quarter": "Q4 2016",
      "income status": {
        "Net sales": 114839,
        "Cost of goods sold": 94288,
        "Gross Profit": 20551,
        "Financial expenses": 4516,
        "Of which: Interest expense": 4213,
        "Cost of sales": 4318,
        "Enterprise cost management": 12146,
        "Total Operating Expenses": 20980,
        "Total revenue financing activities": 652,
        "Net profit from business activities": -791,
        "Profit": 419,
        "Profit before tax": -371,
        "Present corporate income tax expenses": -1007,
        "Deferred income taxes expenses": -1095,
        "The interests of minority shareholders": "N/A",
        "Total Cost of profits": -2102,
        "Profit after tax corporate income": 1731,
        "Volume": 6595151,
        "Close of Quarter": 25.6,
        "EPS": 2915,
        "Non-adjusted EPS": 2915,
        "PE": 8.8,
        "Book Price": 15.6
      }
    },
    {
      "quarter": "Q3 2016",
      "income status": {
        "Net sales": 108536,
        "Cost of goods sold": 87413,
        "Gross Profit": 21124,
        "Financial expenses": 3146,
        "Of which: Interest expense": 3130,
        "Cost of sales": 4791,
        "Enterprise cost management": 9800,
        "Total Operating Expenses": 17737,
        "Total revenue financing activities": -11,
        "Net profit from business activities": 2857,
        "Profit": -32,
        "Profit before tax": 2825,
        "Present corporate income tax expenses": 169,
        "Deferred income taxes expenses": 104,
        "The interests of minority shareholders": "N/A",
        "Total Cost of profits": 273,
        "Profit after tax corporate income": 2552,
        "Volume": 6595151,
        "Close of Quarter": 19.8,
        "EPS": 3384,
        "Non-adjusted EPS": 3384,
        "PE": 5.9,
        "Book Price": 15.3
      }
    },
    {
      "quarter": "Q2 2016",
      "income status": {
        "Net sales": 140866,
        "Cost of goods sold": 108533,
        "Gross Profit": 32333,
        "Financial expenses": 4338,
        "Of which: Interest expense": 3842,
        "Cost of sales": 3938,
        "Enterprise cost management": 13800,
        "Total Operating Expenses": 22076,
        "Total revenue financing activities": 537,
        "Net profit from business activities": 12119,
        "Profit": 113,
        "Profit before tax": 12233,
        "Present corporate income tax expenses": 2599,
        "Deferred income taxes expenses": -378,
        "The interests of minority shareholders": 12,
        "Total Cost of profits": 2233,
        "Profit after tax corporate income": 10000,
        "Volume": 5995384,
        "Close of Quarter": 18.0,
        "EPS": 3279.0,
        "Non-adjusted EPS": 3607,
        "PE": 5.0,
        "Book Price": 15.6
      }
    },
    {
      "quarter": "Q1 2016",
      "income status": {
        "Net sales": 135475,
        "Cost of goods sold": 107944,
        "Gross Profit": 27530,
        "Financial expenses": 2511,
        "Of which: Interest expense": 2513,
        "Cost of sales": 5347,
        "Enterprise cost management": 10101,
        "Total Operating Expenses": 17959,
        "Total revenue financing activities": 120,
        "Net profit from business activities": 6502,
        "Profit": 1,
        "Profit before tax": 6503,
        "Present corporate income tax expenses": 733,
        "Deferred income taxes expenses": 730,
        "The interests of minority shareholders": 100,
        "Total Cost of profits": 1563,
        "Profit after tax corporate income": 4940,
        "Volume": 5995384,
        "Close of Quarter": 18.7,
        "EPS": 2623.6,
        "Non-adjusted EPS": 2886,
        "PE": 6.5,
        "Book Price": 14.2
      }
    },
    {
      "quarter": "Q4 2015",
      "income status": {
        "Net sales": 239431,
        "Cost of goods sold": 210020,
        "Gross Profit": 29412,
        "Financial expenses": 4316,
        "Of which: Interest expense": 4249,
        "Cost of sales": 8870,
        "Enterprise cost management": 11956,
        "Total Operating Expenses": 25142,
        "Total revenue financing activities": 373,
        "Net profit from business activities": 5206,
        "Profit": 447,
        "Profit before tax": 5653,
        "Present corporate income tax expenses": 401,
        "Deferred income taxes expenses": 390,
        "The interests of minority shareholders": 37,
        "Total Cost of profits": 828,
        "Profit after tax corporate income": 4825,
        "Volume": 5995384,
        "Close of Quarter": 12.6,
        "EPS": 2514.5,
        "Non-adjusted EPS": 2766,
        "PE": 4.6,
        "Book Price": 13.6
      }
    },
    {
      "quarter": "Q3 2015",
      "income status": {
        "Net sales": 217371,
        "Cost of goods sold": 190937,
        "Gross Profit": 26435,
        "Financial expenses": 3136,
        "Of which: Interest expense": 3092,
        "Cost of sales": 6361,
        "Enterprise cost management": 13888,
        "Total Operating Expenses": 23385,
        "Total revenue financing activities": 227,
        "Net profit from business activities": 2385,
        "Profit": 152,
        "Profit before tax": 2537,
        "Present corporate income tax expenses": 633,
        "Deferred income taxes expenses": 25,
        "The interests of minority shareholders": 16,
        "Total Cost of profits": 674,
        "Profit after tax corporate income": 1863,
        "Volume": 5995384,
        "Close of Quarter": 8.4,
        "EPS": 2056.3,
        "Non-adjusted EPS": 2262,
        "PE": 3.7,
        "Book Price": 13.5
      }
    },
    {
      "quarter": "Q2 2015",
      "income status": {
        "Net sales": 240416,
        "Cost of goods sold": 205054,
        "Gross Profit": 35363,
        "Financial expenses": 4307,
        "Of which: Interest expense": 4515,
        "Cost of sales": 7634,
        "Enterprise cost management": 15227,
        "Total Operating Expenses": 27168,
        "Total revenue financing activities": 443,
        "Net profit from business activities": 7596,
        "Profit": 161,
        "Profit before tax": 7757,
        "Present corporate income tax expenses": 1741,
        "Deferred income taxes expenses": -22,
        "The interests of minority shareholders": 362,
        "Total Cost of profits": 2081,
        "Profit after tax corporate income": 5676,
        "Volume": 5995384,
        "Close of Quarter": 7.5,
        "EPS": 2100.8,
        "Non-adjusted EPS": 2311,
        "PE": 3.3,
        "Book Price": 14.2
      }
    },
    {
      "quarter": "Q1 2015",
      "income status": {
        "Net sales": 174875,
        "Cost of goods sold": 149939,
        "Gross Profit": 24936,
        "Financial expenses": 2944,
        "Of which: Interest expense": 2719,
        "Cost of sales": 5562,
        "Enterprise cost management": 11025,
        "Total Operating Expenses": 19531,
        "Total revenue financing activities": 127,
        "Net profit from business activities": 5060,
        "Profit": 410,
        "Profit before tax": 5469,
        "Present corporate income tax expenses": 1202,
        "Deferred income taxes expenses": "N/A",
        "The interests of minority shareholders": 46,
        "Total Cost of profits": 1248,
        "Profit after tax corporate income": 4221,
        "Volume": 5295326,
        "Close of Quarter": 7.8,
        "EPS": 1768.8,
        "Non-adjusted EPS": 2203,
        "PE": 3.5,
        "Book Price": 13.5
      }
    },
    {
      "quarter": "Q4 2014",
      "income status": {
        "Net sales": 209245,
        "Cost of goods sold": 187849,
        "Gross Profit": 21397,
        "Financial expenses": 4197,
        "Of which: Interest expense": 4142,
        "Cost of sales": 4069,
        "Enterprise cost management": 10559,
        "Total Operating Expenses": 18825,
        "Total revenue financing activities": 401,
        "Net profit from business activities": 2482,
        "Profit": -29,
        "Profit before tax": 2453,
        "Present corporate income tax expenses": 554,
        "Deferred income taxes expenses": 48,
        "The interests of minority shareholders": 47,
        "Total Cost of profits": 649,
        "Profit after tax corporate income": 1804,
        "Volume": 4995542,
        "Close of Quarter": 8.0,
        "EPS": 1687.6,
        "Non-adjusted EPS": 2228,
        "PE": 3.6,
        "Book Price": 11.6
      }
    },
    {
      "quarter": "Q3 2014",
      "income status": {
        "Net sales": 155746,
        "Cost of goods sold": 135203,
        "Gross Profit": 20543,
        "Financial expenses": 3486,
        "Of which: Interest expense": 3471,
        "Cost of sales": 4738,
        "Enterprise cost management": 9463,
        "Total Operating Expenses": 17687,
        "Total revenue financing activities": 298,
        "Net profit from business activities": 3026,
        "Profit": 58,
        "Profit before tax": 3084,
        "Present corporate income tax expenses": 734,
        "Deferred income taxes expenses": "N/A",
        "The interests of minority shareholders": 195,
        "Total Cost of profits": 929,
        "Profit after tax corporate income": 2156,
        "Volume": 4995542,
        "Close of Quarter": 7.6,
        "EPS": 1676.3,
        "Non-adjusted EPS": 2213,
        "PE": 3.4,
        "Book Price": 11.3
      }
    },
    {
      "quarter": "Q2 2014",
      "income status": {
        "Net sales": 167303,
        "Cost of goods sold": 142746,
        "Gross Profit": 24556,
        "Financial expenses": 4299,
        "Of which: Interest expense": 4275,
        "Cost of sales": 6107,
        "Enterprise cost management": 9642,
        "Total Operating Expenses": 20048,
        "Total revenue financing activities": 319,
        "Net profit from business activities": 4462,
        "Profit": 6,
        "Profit before tax": 4468,
        "Present corporate income tax expenses": 1064,
        "Deferred income taxes expenses": 10,
        "The interests of minority shareholders": -93,
        "Total Cost of profits": 981,
        "Profit after tax corporate income": 3487,
        "Volume": 4995542,
        "Close of Quarter": 8.1,
        "EPS": 1648.2,
        "Non-adjusted EPS": 2176,
        "PE": 3.7,
        "Book Price": 11.5
      }
    },
    {
      "quarter": "Q1 2014",
      "income status": {
        "Net sales": 137276,
        "Cost of goods sold": 118276,
        "Gross Profit": 19000,
        "Financial expenses": 2886,
        "Of which: Interest expense": 2874,
        "Cost of sales": 3872,
        "Enterprise cost management": 7738,
        "Total Operating Expenses": 14496,
        "Total revenue financing activities": 132,
        "Net profit from business activities": 4637,
        "Profit": 190,
        "Profit before tax": 4826,
        "Present corporate income tax expenses": 1069,
        "Deferred income taxes expenses": "N/A",
        "The interests of minority shareholders": 75,
        "Total Cost of profits": 1144,
        "Profit after tax corporate income": 3682,
        "Volume": 4995542,
        "Close of Quarter": 8.2,
        "EPS": 1624.7,
        "Non-adjusted EPS": 2145,
        "PE": 3.8,
        "Book Price": 11.3
      }
    },
    {
      "quarter": "Q4 2013",
      "income status": {
        "Net sales": 155621,
        "Cost of goods sold": 135424,
        "Gross Profit": 20197,
        "Financial expenses": 4067,
        "Of which: Interest expense": 3981,
        "Cost of sales": 4638,
        "Enterprise cost management": 8751,
        "Total Operating Expenses": 17456,
        "Total revenue financing activities": 122,
        "Net profit from business activities": 2863,
        "Profit": -234,
        "Profit before tax": 2629,
        "Present corporate income tax expenses": 777,
        "Deferred income taxes expenses": 30,
        "The interests of minority shareholders": 91,
        "Total Cost of profits": 898,
        "Profit after tax corporate income": 1732,
        "Volume": 3995600,
        "Close of Quarter": 7.2,
        "EPS": 1982.3,
        "Non-adjusted EPS": 3272,
        "PE": 2.2,
        "Book Price": 10.4
      }
    },
    {
      "quarter": "Q3 2013",
      "income status": {
        "Net sales": 157881,
        "Cost of goods sold": 136857,
        "Gross Profit": 21023,
        "Financial expenses": 3798,
        "Of which: Interest expense": 3659,
        "Cost of sales": 5114,
        "Enterprise cost management": 9537,
        "Total Operating Expenses": 18449,
        "Total revenue financing activities": 142,
        "Net profit from business activities": 2715,
        "Profit": 90,
        "Profit before tax": 2805,
        "Present corporate income tax expenses": 722,
        "Deferred income taxes expenses": "N/A",
        "The interests of minority shareholders": 113,
        "Total Cost of profits": 835,
        "Profit after tax corporate income": 1971,
        "Volume": 3995600,
        "Close of Quarter": 7.8,
        "EPS": 1980.5,
        "Non-adjusted EPS": 3269,
        "PE": 2.4,
        "Book Price": 9.1
      }
    },
    {
      "quarter": "Q2 2013",
      "income status": {
        "Net sales": 167917,
        "Cost of goods sold": 146029,
        "Gross Profit": 21887,
        "Financial expenses": 3977,
        "Of which: Interest expense": 3764,
        "Cost of sales": 5584,
        "Enterprise cost management": 8356,
        "Total Operating Expenses": 17917,
        "Total revenue financing activities": 285,
        "Net profit from business activities": 4255,
        "Profit": 199,
        "Profit before tax": 4454,
        "Present corporate income tax expenses": 1150,
        "Deferred income taxes expenses": "N/A",
        "The interests of minority shareholders": -25,
        "Total Cost of profits": 1125,
        "Profit after tax corporate income": 3329,
        "Volume": 3995600,
        "Close of Quarter": 6.2,
        "EPS": 1939.3,
        "Non-adjusted EPS": 3201,
        "PE": 2.0,
        "Book Price": 9.6
      }
    },
    {
      "quarter": "Q1 2013",
      "income status": {
        "Net sales": 144744,
        "Cost of goods sold": 125423,
        "Gross Profit": 19321,
        "Financial expenses": 2980,
        "Of which: Interest expense": 2800,
        "Cost of sales": 4548,
        "Enterprise cost management": 7428,
        "Total Operating Expenses": 14956,
        "Total revenue financing activities": 205,
        "Net profit from business activities": 4570,
        "Profit": 3688,
        "Profit before tax": 8258,
        "Present corporate income tax expenses": 2172,
        "Deferred income taxes expenses": "N/A",
        "The interests of minority shareholders": 43,
        "Total Cost of profits": 2215,
        "Profit after tax corporate income": 6043,
        "Volume": 3995600,
        "Close of Quarter": 3.9,
        "EPS": 1755.1,
        "Non-adjusted EPS": 2897,
        "PE": 1.4,
        "Book Price": 9.3
      }
    },
    {
      "quarter": "Q4 2012",
      "income status": {
        "Net sales": 141930,
        "Cost of goods sold": 123778,
        "Gross Profit": 18153,
        "Financial expenses": 3308,
        "Of which: Interest expense": 3245,
        "Cost of sales": 5391,
        "Enterprise cost management": 8677,
        "Total Operating Expenses": 17376,
        "Total revenue financing activities": 594,
        "Net profit from business activities": 1372,
        "Profit": 1027,
        "Profit before tax": 2399,
        "Present corporate income tax expenses": 604,
        "Deferred income taxes expenses": "N/A",
        "The interests of minority shareholders": 77,
        "Total Cost of profits": 681,
        "Profit after tax corporate income": 1717,
        "Volume": 3995600,
        "Close of Quarter": 4.9,
        "EPS": 1162.6,
        "Non-adjusted EPS": 1919,
        "PE": 2.5,
        "Book Price": 8.4
      }
    },
    {
      "quarter": "Q3 2012",
      "income status": {
        "Net sales": 139625,
        "Cost of goods sold": 121847,
        "Gross Profit": 17778,
        "Financial expenses": 3222,
        "Of which: Interest expense": 3037,
        "Cost of sales": 4459,
        "Enterprise cost management": 7899,
        "Total Operating Expenses": 15580,
        "Total revenue financing activities": 156,
        "Net profit from business activities": 2354,
        "Profit": 62,
        "Profit before tax": 2417,
        "Present corporate income tax expenses": 625,
        "Deferred income taxes expenses": "N/A",
        "The interests of minority shareholders": 89,
        "Total Cost of profits": 714,
        "Profit after tax corporate income": 1702,
        "Volume": 3995600,
        "Close of Quarter": 3.5,
        "EPS": 1144.4,
        "Non-adjusted EPS": 1889,
        "PE": 1.8,
        "Book Price": 8.1
      }
    },
    {
      "quarter": "Q2 2012",
      "income status": {
        "Net sales": 152682,
        "Cost of goods sold": 131856,
        "Gross Profit": 20826,
        "Financial expenses": 4708,
        "Of which: Interest expense": 4331,
        "Cost of sales": 5246,
        "Enterprise cost management": 8137,
        "Total Operating Expenses": 18091,
        "Total revenue financing activities": 168,
        "Net profit from business activities": 2903,
        "Profit": 21,
        "Profit before tax": 2924,
        "Present corporate income tax expenses": 767,
        "Deferred income taxes expenses": "N/A",
        "The interests of minority shareholders": 42,
        "Total Cost of profits": 809,
        "Profit after tax corporate income": 2115,
        "Volume": 3995600,
        "Close of Quarter": 3.1,
        "EPS": 1117.2,
        "Non-adjusted EPS": 1844,
        "PE": 1.7,
        "Book Price": 8.7
      }
    },
    {
      "quarter": "Q1 2012",
      "income status": {
        "Net sales": 126876,
        "Cost of goods sold": 111230,
        "Gross Profit": 15646,
        "Financial expenses": 3586,
        "Of which: Interest expense": 3358,
        "Cost of sales": 3586,
        "Enterprise cost management": 6152,
        "Total Operating Expenses": 13324,
        "Total revenue financing activities": 663,
        "Net profit from business activities": 2985,
        "Profit": -1,
        "Profit before tax": 2985,
        "Present corporate income tax expenses": 746,
        "Deferred income taxes expenses": "N/A",
        "The interests of minority shareholders": 103,
        "Total Cost of profits": 849,
        "Profit after tax corporate income": 2135,
        "Volume": 3995600,
        "Close of Quarter": 2.6,
        "EPS": 1089.3,
        "Non-adjusted EPS": 1798,
        "PE": 1.5,
        "Book Price": 8.4
      }
    },
    {
      "quarter": "Q4 2011",
      "income status": {
        "Net sales": 127750,
        "Cost of goods sold": 113270,
        "Gross Profit": 14480,
        "Financial expenses": 3777,
        "Of which: Interest expense": 3282,
        "Cost of sales": 3867,
        "Enterprise cost management": 6570,
        "Total Operating Expenses": 14214,
        "Total revenue financing activities": 560,
        "Net profit from business activities": 827,
        "Profit": 1385,
        "Profit before tax": 2211,
        "Present corporate income tax expenses": 553,
        "Deferred income taxes expenses": "N/A",
        "The interests of minority shareholders": 64,
        "Total Cost of profits": 617,
        "Profit after tax corporate income": 1594,
        "Volume": 3995600,
        "Close of Quarter": 2.0,
        "EPS": 1083.2,
        "Non-adjusted EPS": 1788,
        "PE": 1.1,
        "Book Price": 8.1
      }
    },
    {
      "quarter": "Q3 2011",
      "income status": {
        "Net sales": 115507,
        "Cost of goods sold": 101516,
        "Gross Profit": 13991,
        "Financial expenses": 3469,
        "Of which: Interest expense": 3015,
        "Cost of sales": 3743,
        "Enterprise cost management": 5862,
        "Total Operating Expenses": 13074,
        "Total revenue financing activities": 1157,
        "Net profit from business activities": 2074,
        "Profit": 15,
        "Profit before tax": 2183,
        "Present corporate income tax expenses": 522,
        "Deferred income taxes expenses": "N/A",
        "The interests of minority shareholders": 135,
        "Total Cost of profits": 657,
        "Profit after tax corporate income": 1525,
        "Volume": 3995600,
        "Close of Quarter": 2.3,
        "EPS": 1059.0,
        "Non-adjusted EPS": 1748,
        "PE": 1.3,
        "Book Price": 8.1
      }
    },
    {
      "quarter": "Q2 2011",
      "income status": {
        "Net sales": 112231,
        "Cost of goods sold": 97479,
        "Gross Profit": 14753,
        "Financial expenses": 5172,
        "Of which: Interest expense": 3927,
        "Cost of sales": 2827,
        "Enterprise cost management": 4984,
        "Total Operating Expenses": 12983,
        "Total revenue financing activities": 839,
        "Net profit from business activities": 2608,
        "Profit": 122,
        "Profit before tax": 2637,
        "Present corporate income tax expenses": 682,
        "Deferred income taxes expenses": "N/A",
        "The interests of minority shareholders": 25,
        "Total Cost of profits": 707,
        "Profit after tax corporate income": 1929,
        "Volume": 3995600,
        "Close of Quarter": 2.1,
        "EPS": 1002.1,
        "Non-adjusted EPS": 1654,
        "PE": 1.3,
        "Book Price": 7.9
      }
    },
    {
      "quarter": "Q1 2011",
      "income status": {
        "Net sales": 110226,
        "Cost of goods sold": 95907,
        "Gross Profit": 14319,
        "Financial expenses": 3297,
        "Of which: Interest expense": 2746,
        "Cost of sales": 2665,
        "Enterprise cost management": 5838,
        "Total Operating Expenses": 11800,
        "Total revenue financing activities": 450,
        "Net profit from business activities": 2969,
        "Profit": 13,
        "Profit before tax": 2982,
        "Present corporate income tax expenses": 745,
        "Deferred income taxes expenses": "N/A",
        "The interests of minority shareholders": 139,
        "Total Cost of profits": 884,
        "Profit after tax corporate income": 2097,
        "Volume": 3995600,
        "Close of Quarter": 2.8,
        "EPS": 958.4,
        "Non-adjusted EPS": 1582,
        "PE": 1.8,
        "Book Price": 7.9
      }
    }
  ]
}