{
  "ticker": "SRF",
  "data": [
    {
      "quarter": "Q4 2016",
      "income status": {
        "Net sales": 490934,
        "Cost of goods sold": 445496,
        "Gross Profit": 45439,
        "Financial expenses": 5600,
        "Of which: Interest expense": 5568,
        "Cost of sales": 3,
        "Enterprise cost management": 42282,
        "Total Operating Expenses": 47885,
        "Total revenue financing activities": 6758,
        "Net profit from business activities": 9132,
        "Profit": 41292,
        "Profit before tax": 50425,
        "Present corporate income tax expenses": 10517,
        "Deferred income taxes expenses": -1444,
        "The interests of minority shareholders": "N/A",
        "Total Cost of profits": 9073,
        "Profit after tax corporate income": 41352,
        "Volume": 24374916,
        "Close of Quarter": 17.7,
        "EPS": 3921,
        "Non-adjusted EPS": 3921,
        "PE": 4.5,
        "Book Price": 18.3
      }
    },
    {
      "quarter": "Q3 2016",
      "income status": {
        "Net sales": 357883,
        "Cost of goods sold": 311773,
        "Gross Profit": 46110,
        "Financial expenses": 4975,
        "Of which: Interest expense": 4722,
        "Cost of sales": "N/A",
        "Enterprise cost management": 16798,
        "Total Operating Expenses": 21773,
        "Total revenue financing activities": 4601,
        "Net profit from business activities": 31982,
        "Profit": -25,
        "Profit before tax": 31957,
        "Present corporate income tax expenses": 4868,
        "Deferred income taxes expenses": -12,
        "The interests of minority shareholders": "N/A",
        "Total Cost of profits": 4856,
        "Profit after tax corporate income": 27101,
        "Volume": 24374916,
        "Close of Quarter": 17.7,
        "EPS": 3583,
        "Non-adjusted EPS": 3583,
        "PE": 5.0,
        "Book Price": 17.4
      }
    },
    {
      "quarter": "Q2 2016",
      "income status": {
        "Net sales": 310696,
        "Cost of goods sold": 279265,
        "Gross Profit": 31431,
        "Financial expenses": 4745,
        "Of which: Interest expense": 4795,
        "Cost of sales": 16,
        "Enterprise cost management": 13423,
        "Total Operating Expenses": 18184,
        "Total revenue financing activities": 4602,
        "Net profit from business activities": 23762,
        "Profit": -9,
        "Profit before tax": 23753,
        "Present corporate income tax expenses": 3626,
        "Deferred income taxes expenses": -12,
        "The interests of minority shareholders": "N/A",
        "Total Cost of profits": 3614,
        "Profit after tax corporate income": 20139,
        "Volume": 24374916,
        "Close of Quarter": 14.1,
        "EPS": 3029,
        "Non-adjusted EPS": 3029,
        "PE": 4.7,
        "Book Price": 16.3
      }
    },
    {
      "quarter": "Q1 2016",
      "income status": {
        "Net sales": 156849,
        "Cost of goods sold": 140005,
        "Gross Profit": 16843,
        "Financial expenses": 5197,
        "Of which: Interest expense": 4462,
        "Cost of sales": 3,
        "Enterprise cost management": 11123,
        "Total Operating Expenses": 16323,
        "Total revenue financing activities": 5332,
        "Net profit from business activities": 7715,
        "Profit": 165,
        "Profit before tax": 7881,
        "Present corporate income tax expenses": 600,
        "Deferred income taxes expenses": 293,
        "The interests of minority shareholders": "N/A",
        "Total Cost of profits": 893,
        "Profit after tax corporate income": 6987,
        "Volume": 24374916,
        "Close of Quarter": 10.3,
        "EPS": 2860,
        "Non-adjusted EPS": 2860,
        "PE": 3.6,
        "Book Price": 15.5
      }
    },
    {
      "quarter": "Q4 2015",
      "income status": {
        "Net sales": 404711,
        "Cost of goods sold": 351498,
        "Gross Profit": 53213,
        "Financial expenses": 3841,
        "Of which: Interest expense": 3767,
        "Cost of sales": 937,
        "Enterprise cost management": 37469,
        "Total Operating Expenses": 42247,
        "Total revenue financing activities": 4305,
        "Net profit from business activities": 21502,
        "Profit": 19334,
        "Profit before tax": 40836,
        "Present corporate income tax expenses": 8005,
        "Deferred income taxes expenses": -266,
        "The interests of minority shareholders": "N/A",
        "Total Cost of profits": 7739,
        "Profit after tax corporate income": 33097,
        "Volume": 24374916,
        "Close of Quarter": 8.4,
        "EPS": 2632,
        "Non-adjusted EPS": 2632,
        "PE": 3.2,
        "Book Price": 16.9
      }
    },
    {
      "quarter": "Q3 2015",
      "income status": {
        "Net sales": 254593,
        "Cost of goods sold": 221140,
        "Gross Profit": 33453,
        "Financial expenses": 4553,
        "Of which: Interest expense": 3459,
        "Cost of sales": 14,
        "Enterprise cost management": 20614,
        "Total Operating Expenses": 25181,
        "Total revenue financing activities": 3631,
        "Net profit from business activities": 16093,
        "Profit": 94,
        "Profit before tax": 16188,
        "Present corporate income tax expenses": 2769,
        "Deferred income taxes expenses": -186,
        "The interests of minority shareholders": "N/A",
        "Total Cost of profits": 2583,
        "Profit after tax corporate income": 13605,
        "Volume": 24374916,
        "Close of Quarter": 8.3,
        "EPS": 2043,
        "Non-adjusted EPS": 2043,
        "PE": 4.1,
        "Book Price": 16.1
      }
    },
    {
      "quarter": "Q2 2015",
      "income status": {
        "Net sales": 297401,
        "Cost of goods sold": 258694,
        "Gross Profit": 38706,
        "Financial expenses": 4071,
        "Of which: Interest expense": 3763,
        "Cost of sales": 7,
        "Enterprise cost management": 24354,
        "Total Operating Expenses": 28432,
        "Total revenue financing activities": 3829,
        "Net profit from business activities": 19140,
        "Profit": -52,
        "Profit before tax": 19088,
        "Present corporate income tax expenses": 3108,
        "Deferred income taxes expenses": -40,
        "The interests of minority shareholders": "N/A",
        "Total Cost of profits": 3068,
        "Profit after tax corporate income": 16020,
        "Volume": 24374916,
        "Close of Quarter": 9.4,
        "EPS": 1828,
        "Non-adjusted EPS": 1828,
        "PE": 5.2,
        "Book Price": 15.5
      }
    },
    {
      "quarter": "Q1 2015",
      "income status": {
        "Net sales": 87579,
        "Cost of goods sold": 75873,
        "Gross Profit": 11705,
        "Financial expenses": 3545,
        "Of which: Interest expense": 3268,
        "Cost of sales": 10,
        "Enterprise cost management": 10078,
        "Total Operating Expenses": 13633,
        "Total revenue financing activities": 2959,
        "Net profit from business activities": 1932,
        "Profit": -1,
        "Profit before tax": 1931,
        "Present corporate income tax expenses": 436,
        "Deferred income taxes expenses": 73,
        "The interests of minority shareholders": "N/A",
        "Total Cost of profits": 509,
        "Profit after tax corporate income": 1422,
        "Volume": 24374916,
        "Close of Quarter": 9.6,
        "EPS": 1626,
        "Non-adjusted EPS": 1626,
        "PE": 5.9,
        "Book Price": 15.9
      }
    },
    {
      "quarter": "Q4 2014",
      "income status": {
        "Net sales": 371921,
        "Cost of goods sold": 315179,
        "Gross Profit": 56743,
        "Financial expenses": 4682,
        "Of which: Interest expense": 3159,
        "Cost of sales": 464,
        "Enterprise cost management": 38936,
        "Total Operating Expenses": 44082,
        "Total revenue financing activities": 6691,
        "Net profit from business activities": 21217,
        "Profit": 209,
        "Profit before tax": 21426,
        "Present corporate income tax expenses": 2926,
        "Deferred income taxes expenses": -242,
        "The interests of minority shareholders": "N/A",
        "Total Cost of profits": 2684,
        "Profit after tax corporate income": 18742,
        "Volume": 24374916,
        "Close of Quarter": 8.8,
        "EPS": 2533,
        "Non-adjusted EPS": 2533,
        "PE": 3.5,
        "Book Price": 15.7
      }
    },
    {
      "quarter": "Q3 2014",
      "income status": {
        "Net sales": 187977,
        "Cost of goods sold": 162438,
        "Gross Profit": 25539,
        "Financial expenses": 2919,
        "Of which: Interest expense": 2652,
        "Cost of sales": 427,
        "Enterprise cost management": 18231,
        "Total Operating Expenses": 21577,
        "Total revenue financing activities": 9554,
        "Net profit from business activities": 9664,
        "Profit": -81,
        "Profit before tax": 9583,
        "Present corporate income tax expenses": 883,
        "Deferred income taxes expenses": 323,
        "The interests of minority shareholders": "N/A",
        "Total Cost of profits": 1206,
        "Profit after tax corporate income": 8377,
        "Volume": 24374916,
        "Close of Quarter": 8.6,
        "EPS": 2375,
        "Non-adjusted EPS": 2375,
        "PE": 3.6,
        "Book Price": 15.5
      }
    },
    {
      "quarter": "Q2 2014",
      "income status": {
        "Net sales": 166285,
        "Cost of goods sold": 136845,
        "Gross Profit": 29440,
        "Financial expenses": 3420,
        "Of which: Interest expense": 2665,
        "Cost of sales": 480,
        "Enterprise cost management": 20445,
        "Total Operating Expenses": 24345,
        "Total revenue financing activities": 3902,
        "Net profit from business activities": 13108,
        "Profit": 67,
        "Profit before tax": 13175,
        "Present corporate income tax expenses": 3907,
        "Deferred income taxes expenses": -1823,
        "The interests of minority shareholders": "N/A",
        "Total Cost of profits": 2084,
        "Profit after tax corporate income": 11091,
        "Volume": 24374916,
        "Close of Quarter": 7.8,
        "EPS": 2282,
        "Non-adjusted EPS": 2282,
        "PE": 3.4,
        "Book Price": 15.1
      }
    },
    {
      "quarter": "Q1 2014",
      "income status": {
        "Net sales": 111102,
        "Cost of goods sold": 95250,
        "Gross Profit": 15852,
        "Financial expenses": 1851,
        "Of which: Interest expense": 1765,
        "Cost of sales": 442,
        "Enterprise cost management": 8938,
        "Total Operating Expenses": 11231,
        "Total revenue financing activities": 4680,
        "Net profit from business activities": 25658,
        "Profit": -12,
        "Profit before tax": 25646,
        "Present corporate income tax expenses": 36,
        "Deferred income taxes expenses": 2076,
        "The interests of minority shareholders": "N/A",
        "Total Cost of profits": 2112,
        "Profit after tax corporate income": 23534,
        "Volume": 16254292,
        "Close of Quarter": 7.7,
        "EPS": 2111.2,
        "Non-adjusted EPS": 3166,
        "PE": 2.4,
        "Book Price": 14.7
      }
    },
    {
      "quarter": "Q4 2013",
      "income status": {
        "Net sales": 145999,
        "Cost of goods sold": 100832,
        "Gross Profit": 45167,
        "Financial expenses": 1907,
        "Of which: Interest expense": 1727,
        "Cost of sales": 112,
        "Enterprise cost management": 30874,
        "Total Operating Expenses": 32893,
        "Total revenue financing activities": 5587,
        "Net profit from business activities": 17860,
        "Profit": 424,
        "Profit before tax": 18285,
        "Present corporate income tax expenses": 5075,
        "Deferred income taxes expenses": -1669,
        "The interests of minority shareholders": "N/A",
        "Total Cost of profits": 3406,
        "Profit after tax corporate income": 14878,
        "Volume": 16254292,
        "Close of Quarter": 5.9,
        "EPS": 1568.4,
        "Non-adjusted EPS": 2352,
        "PE": 2.5,
        "Book Price": 14.9
      }
    },
    {
      "quarter": "Q3 2013",
      "income status": {
        "Net sales": 83824,
        "Cost of goods sold": 65552,
        "Gross Profit": 18273,
        "Financial expenses": 2238,
        "Of which: Interest expense": 2098,
        "Cost of sales": -66,
        "Enterprise cost management": 13811,
        "Total Operating Expenses": 15983,
        "Total revenue financing activities": 5909,
        "Net profit from business activities": 8199,
        "Profit": -230,
        "Profit before tax": 7969,
        "Present corporate income tax expenses": 1887,
        "Deferred income taxes expenses": -43,
        "The interests of minority shareholders": "N/A",
        "Total Cost of profits": 1844,
        "Profit after tax corporate income": 6125,
        "Volume": 8132046,
        "Close of Quarter": 6.3,
        "EPS": 1563.7,
        "Non-adjusted EPS": 4687,
        "PE": 1.3,
        "Book Price": 14.4
      }
    },
    {
      "quarter": "Q2 2013",
      "income status": {
        "Net sales": 192802,
        "Cost of goods sold": 171886,
        "Gross Profit": 20915,
        "Financial expenses": 3142,
        "Of which: Interest expense": 2580,
        "Cost of sales": 137,
        "Enterprise cost management": 14638,
        "Total Operating Expenses": 17917,
        "Total revenue financing activities": 5391,
        "Net profit from business activities": 8389,
        "Profit": 429,
        "Profit before tax": 8818,
        "Present corporate income tax expenses": 1878,
        "Deferred income taxes expenses": 15,
        "The interests of minority shareholders": "N/A",
        "Total Cost of profits": 1893,
        "Profit after tax corporate income": 6925,
        "Volume": 8132046,
        "Close of Quarter": 5.7,
        "EPS": 1697.8,
        "Non-adjusted EPS": 5089,
        "PE": 1.1,
        "Book Price": 14.4
      }
    },
    {
      "quarter": "Q1 2013",
      "income status": {
        "Net sales": 143435,
        "Cost of goods sold": 120237,
        "Gross Profit": 23199,
        "Financial expenses": 3721,
        "Of which: Interest expense": 3350,
        "Cost of sales": 150,
        "Enterprise cost management": 12255,
        "Total Operating Expenses": 16126,
        "Total revenue financing activities": 6374,
        "Net profit from business activities": 13448,
        "Profit": 336,
        "Profit before tax": 13784,
        "Present corporate income tax expenses": 3604,
        "Deferred income taxes expenses": -122,
        "The interests of minority shareholders": "N/A",
        "Total Cost of profits": 3482,
        "Profit after tax corporate income": 10301,
        "Volume": 6794046,
        "Close of Quarter": 4.6,
        "EPS": 1847.4,
        "Non-adjusted EPS": 6628,
        "PE": 0.7,
        "Book Price": 12.0
      }
    },
    {
      "quarter": "Q4 2012",
      "income status": {
        "Net sales": 213350,
        "Cost of goods sold": 177094,
        "Gross Profit": 36256,
        "Financial expenses": 3076,
        "Of which: Interest expense": 2722,
        "Cost of sales": 173,
        "Enterprise cost management": 24909,
        "Total Operating Expenses": 28158,
        "Total revenue financing activities": 5473,
        "Net profit from business activities": 13571,
        "Profit": 3195,
        "Profit before tax": 16766,
        "Present corporate income tax expenses": 1165,
        "Deferred income taxes expenses": 839,
        "The interests of minority shareholders": "N/A",
        "Total Cost of profits": 2004,
        "Profit after tax corporate income": 14762,
        "Volume": 6794046,
        "Close of Quarter": 3.9,
        "EPS": 1600.2,
        "Non-adjusted EPS": 5741,
        "PE": 0.7,
        "Book Price": 12.3
      }
    },
    {
      "quarter": "Q3 2012",
      "income status": {
        "Net sales": 157133,
        "Cost of goods sold": 137606,
        "Gross Profit": 19527,
        "Financial expenses": 2616,
        "Of which: Interest expense": 2179,
        "Cost of sales": 175,
        "Enterprise cost management": 11219,
        "Total Operating Expenses": 14010,
        "Total revenue financing activities": 5437,
        "Net profit from business activities": 10955,
        "Profit": -175,
        "Profit before tax": 10780,
        "Present corporate income tax expenses": 39,
        "Deferred income taxes expenses": 1347,
        "The interests of minority shareholders": "N/A",
        "Total Cost of profits": 1386,
        "Profit after tax corporate income": 9394,
        "Volume": 7424906,
        "Close of Quarter": 3.5,
        "EPS": 1913.3,
        "Non-adjusted EPS": 6281,
        "PE": 0.6,
        "Book Price": 12.5
      }
    },
    {
      "quarter": "Q2 2012",
      "income status": {
        "Net sales": 186613,
        "Cost of goods sold": 161204,
        "Gross Profit": 25410,
        "Financial expenses": 3551,
        "Of which: Interest expense": 3241,
        "Cost of sales": 286,
        "Enterprise cost management": 15603,
        "Total Operating Expenses": 19440,
        "Total revenue financing activities": 6079,
        "Net profit from business activities": 12048,
        "Profit": 36,
        "Profit before tax": 12085,
        "Present corporate income tax expenses": 1402,
        "Deferred income taxes expenses": 110,
        "The interests of minority shareholders": "N/A",
        "Total Cost of profits": 1512,
        "Profit after tax corporate income": 10572,
        "Volume": 7312926,
        "Close of Quarter": 3.5,
        "EPS": 1996.9,
        "Non-adjusted EPS": 6656,
        "PE": 0.5,
        "Book Price": 12.7
      }
    },
    {
      "quarter": "Q1 2012",
      "income status": {
        "Net sales": 97121,
        "Cost of goods sold": 84347,
        "Gross Profit": 12775,
        "Financial expenses": 3051,
        "Of which: Interest expense": 2949,
        "Cost of sales": 314,
        "Enterprise cost management": 9862,
        "Total Operating Expenses": 13227,
        "Total revenue financing activities": 6059,
        "Net profit from business activities": 5606,
        "Profit": "N/A",
        "Profit before tax": 5606,
        "Present corporate income tax expenses": 453,
        "Deferred income taxes expenses": 878,
        "The interests of minority shareholders": "N/A",
        "Total Cost of profits": 1331,
        "Profit after tax corporate income": 4275,
        "Volume": 7312926,
        "Close of Quarter": 3.0,
        "EPS": 2371.4,
        "Non-adjusted EPS": 7904,
        "PE": 0.4,
        "Book Price": 13.3
      }
    },
    {
      "quarter": "Q4 2011",
      "income status": {
        "Net sales": 258744,
        "Cost of goods sold": 220071,
        "Gross Profit": 38673,
        "Financial expenses": 2834,
        "Of which: Interest expense": 1882,
        "Cost of sales": 196,
        "Enterprise cost management": 16759,
        "Total Operating Expenses": 19789,
        "Total revenue financing activities": 6505,
        "Net profit from business activities": 25388,
        "Profit": 60,
        "Profit before tax": 25448,
        "Present corporate income tax expenses": 3111,
        "Deferred income taxes expenses": -57,
        "The interests of minority shareholders": "N/A",
        "Total Cost of profits": 3054,
        "Profit after tax corporate income": 22393,
        "Volume": 7312926,
        "Close of Quarter": 2.4,
        "EPS": 2159.2,
        "Non-adjusted EPS": 7197,
        "PE": 0.3,
        "Book Price": 13.1
      }
    },
    {
      "quarter": "Q3 2011",
      "income status": {
        "Net sales": 145708,
        "Cost of goods sold": 130109,
        "Gross Profit": 15599,
        "Financial expenses": 2055,
        "Of which: Interest expense": 2165,
        "Cost of sales": 140,
        "Enterprise cost management": 6456,
        "Total Operating Expenses": 8651,
        "Total revenue financing activities": 6435,
        "Net profit from business activities": 13383,
        "Profit": 282,
        "Profit before tax": 35262,
        "Present corporate income tax expenses": 1030,
        "Deferred income taxes expenses": 1197,
        "The interests of minority shareholders": "N/A",
        "Total Cost of profits": 2227,
        "Profit after tax corporate income": 11438,
        "Volume": 7312926,
        "Close of Quarter": 2.7,
        "EPS": 1899.7,
        "Non-adjusted EPS": 6332,
        "PE": 0.4,
        "Book Price": 12.8
      }
    },
    {
      "quarter": "Q2 2011",
      "income status": {
        "Net sales": 134772,
        "Cost of goods sold": 107060,
        "Gross Profit": 27712,
        "Financial expenses": 4388,
        "Of which: Interest expense": 1832,
        "Cost of sales": 159,
        "Enterprise cost management": 8731,
        "Total Operating Expenses": 13278,
        "Total revenue financing activities": 7653,
        "Net profit from business activities": 22087,
        "Profit": 67,
        "Profit before tax": 22155,
        "Present corporate income tax expenses": 1090,
        "Deferred income taxes expenses": 1367,
        "The interests of minority shareholders": "N/A",
        "Total Cost of profits": 2457,
        "Profit after tax corporate income": 19697,
        "Volume": 7312926,
        "Close of Quarter": 3.0,
        "EPS": 1777.6,
        "Non-adjusted EPS": 5925,
        "PE": 0.5,
        "Book Price": 12.3
      }
    },
    {
      "quarter": "Q1 2011",
      "income status": {
        "Net sales": 58516,
        "Cost of goods sold": 50080,
        "Gross Profit": 8436,
        "Financial expenses": 6320,
        "Of which: Interest expense": 1404,
        "Cost of sales": 120,
        "Enterprise cost management": 9132,
        "Total Operating Expenses": 15572,
        "Total revenue financing activities": 6579,
        "Net profit from business activities": -556,
        "Profit": -2,
        "Profit before tax": -558,
        "Present corporate income tax expenses": 215,
        "Deferred income taxes expenses": 121,
        "The interests of minority shareholders": "N/A",
        "Total Cost of profits": 336,
        "Profit after tax corporate income": -894,
        "Volume": 7312926,
        "Close of Quarter": 2.6,
        "EPS": 1557.7,
        "Non-adjusted EPS": 5192,
        "PE": 0.5,
        "Book Price": 12.6
      }
    }
  ]
}