{
  "ticker": "TC6",
  "data": [
    {
      "quarter": "Q4 2016",
      "income status": {
        "Net sales": 815358,
        "Cost of goods sold": 744211,
        "Gross Profit": 71147,
        "Financial expenses": 17762,
        "Of which: Interest expense": 14660,
        "Cost of sales": 745,
        "Enterprise cost management": 47840,
        "Total Operating Expenses": 66347,
        "Total revenue financing activities": 319,
        "Net profit from business activities": 5118,
        "Profit": 225,
        "Profit before tax": 5344,
        "Present corporate income tax expenses": 384,
        "Deferred income taxes expenses": "N/A",
        "The interests of minority shareholders": "N/A",
        "Total Cost of profits": 384,
        "Profit after tax corporate income": 4960,
        "Volume": 32496105,
        "Close of Quarter": 5.3,
        "EPS": "",
        "Non-adjusted EPS": "N/A",
        "PE": 378.6,
        "Book Price": 10.5
      }
    },
    {
      "quarter": "Q3 2016",
      "income status": {
        "Net sales": 429881,
        "Cost of goods sold": 387634,
        "Gross Profit": 42247,
        "Financial expenses": 13233,
        "Of which: Interest expense": 13233,
        "Cost of sales": 263,
        "Enterprise cost management": 38807,
        "Total Operating Expenses": 52303,
        "Total revenue financing activities": 459,
        "Net profit from business activities": -9597,
        "Profit": 738,
        "Profit before tax": -8858,
        "Present corporate income tax expenses": "N/A",
        "Deferred income taxes expenses": "N/A",
        "The interests of minority shareholders": "N/A",
        "Total Cost of profits": 0,
        "Profit after tax corporate income": -8858,
        "Volume": 32496105,
        "Close of Quarter": 4.6,
        "EPS": "",
        "Non-adjusted EPS": 14,
        "PE": 9.9,
        "Book Price": 10
      }
    },
    {
      "quarter": "Q2 2016",
      "income status": {
        "Net sales": 737854,
        "Cost of goods sold": 660380,
        "Gross Profit": 77474,
        "Financial expenses": 19592,
        "Of which: Interest expense": 11927,
        "Cost of sales": 419,
        "Enterprise cost management": 56104,
        "Total Operating Expenses": 76115,
        "Total revenue financing activities": 457,
        "Net profit from business activities": 1817,
        "Profit": -1244,
        "Profit before tax": 573,
        "Present corporate income tax expenses": 261,
        "Deferred income taxes expenses": "N/A",
        "The interests of minority shareholders": "N/A",
        "Total Cost of profits": 261,
        "Profit after tax corporate income": 313,
        "Volume": 12998694,
        "Close of Quarter": 6.2,
        "EPS": 14,
        "Non-adjusted EPS": 465,
        "PE": 2.9,
        "Book Price": 10.3
      }
    },
    {
      "quarter": "Q1 2016",
      "income status": {
        "Net sales": 907775,
        "Cost of goods sold": 846140,
        "Gross Profit": 61635,
        "Financial expenses": 10602,
        "Of which: Interest expense": 10602,
        "Cost of sales": 543,
        "Enterprise cost management": 51351,
        "Total Operating Expenses": 62496,
        "Total revenue financing activities": 12,
        "Net profit from business activities": -848,
        "Profit": 5709,
        "Profit before tax": 4861,
        "Present corporate income tax expenses": 826,
        "Deferred income taxes expenses": "N/A",
        "The interests of minority shareholders": "N/A",
        "Total Cost of profits": 826,
        "Profit after tax corporate income": 4034,
        "Volume": 12998694,
        "Close of Quarter": 4.8,
        "EPS": 465,
        "Non-adjusted EPS": 846.4,
        "PE": 2.0,
        "Book Price": 10.3
      }
    },
    {
      "quarter": "Q4 2015",
      "income status": {
        "Net sales": 717097,
        "Cost of goods sold": 596906,
        "Gross Profit": 120191,
        "Financial expenses": 24355,
        "Of which: Interest expense": 9042,
        "Cost of sales": 461,
        "Enterprise cost management": 76182,
        "Total Operating Expenses": 100998,
        "Total revenue financing activities": 36,
        "Net profit from business activities": 19229,
        "Profit": 5291,
        "Profit before tax": 24520,
        "Present corporate income tax expenses": 4904,
        "Deferred income taxes expenses": "N/A",
        "The interests of minority shareholders": "N/A",
        "Total Cost of profits": 4904,
        "Profit after tax corporate income": 19616,
        "Volume": 12998694,
        "Close of Quarter": 4.4,
        "EPS": 2116,
        "Non-adjusted EPS": 950.4,
        "PE": 1.9,
        "Book Price": 10.1
      }
    },
    {
      "quarter": "Q3 2015",
      "income status": {
        "Net sales": 689732,
        "Cost of goods sold": 639385,
        "Gross Profit": 50347,
        "Financial expenses": 8204,
        "Of which: Interest expense": 8204,
        "Cost of sales": 391,
        "Enterprise cost management": 39788,
        "Total Operating Expenses": 48383,
        "Total revenue financing activities": 38,
        "Net profit from business activities": 2001,
        "Profit": 2422,
        "Profit before tax": 4423,
        "Present corporate income tax expenses": 885,
        "Deferred income taxes expenses": "N/A",
        "The interests of minority shareholders": "N/A",
        "Total Cost of profits": 885,
        "Profit after tax corporate income": 3538,
        "Volume": 12998694,
        "Close of Quarter": 4.2,
        "EPS": 2376,
        "Non-adjusted EPS": 938.8,
        "PE": 1.1,
        "Book Price": 10.2
      }
    },
    {
      "quarter": "Q2 2015",
      "income status": {
        "Net sales": 1285743,
        "Cost of goods sold": 1226588,
        "Gross Profit": 59154,
        "Financial expenses": 8819,
        "Of which: Interest expense": 8819,
        "Cost of sales": 1115,
        "Enterprise cost management": 46645,
        "Total Operating Expenses": 56579,
        "Total revenue financing activities": 128,
        "Net profit from business activities": 2704,
        "Profit": 1913,
        "Profit before tax": 4616,
        "Present corporate income tax expenses": 923,
        "Deferred income taxes expenses": "N/A",
        "The interests of minority shareholders": "N/A",
        "Total Cost of profits": 923,
        "Profit after tax corporate income": 3693,
        "Volume": 12998694,
        "Close of Quarter": 4.9,
        "EPS": 2347,
        "Non-adjusted EPS": 1595.6,
        "PE": 1.2,
        "Book Price": 10.2
      }
    },
    {
      "quarter": "Q1 2015",
      "income status": {
        "Net sales": 1172683,
        "Cost of goods sold": 1098179,
        "Gross Profit": 74504,
        "Financial expenses": 7680,
        "Of which: Interest expense": 7680,
        "Cost of sales": 837,
        "Enterprise cost management": 64758,
        "Total Operating Expenses": 73275,
        "Total revenue financing activities": 81,
        "Net profit from business activities": 1310,
        "Profit": 3260,
        "Profit before tax": 4571,
        "Present corporate income tax expenses": 914,
        "Deferred income taxes expenses": "N/A",
        "The interests of minority shareholders": "N/A",
        "Total Cost of profits": 914,
        "Profit after tax corporate income": 3656,
        "Volume": 12998694,
        "Close of Quarter": 5.3,
        "EPS": 3989,
        "Non-adjusted EPS": 1592.0,
        "PE": 1.3,
        "Book Price": 10.0
      }
    },
    {
      "quarter": "Q4 2014",
      "income status": {
        "Net sales": 1191121,
        "Cost of goods sold": 1071118,
        "Gross Profit": 120003,
        "Financial expenses": 8111,
        "Of which: Interest expense": 8111,
        "Cost of sales": 639,
        "Enterprise cost management": 64399,
        "Total Operating Expenses": 73149,
        "Total revenue financing activities": 55,
        "Net profit from business activities": 46910,
        "Profit": -5945,
        "Profit before tax": 40964,
        "Present corporate income tax expenses": "N/A",
        "Deferred income taxes expenses": "N/A",
        "The interests of minority shareholders": "N/A",
        "Total Cost of profits": 0,
        "Profit after tax corporate income": 40964,
        "Volume": 12998694,
        "Close of Quarter": 5.3,
        "EPS": 3980,
        "Non-adjusted EPS": 1593.2,
        "PE": 1.3,
        "Book Price": 10
      }
    },
    {
      "quarter": "Q3 2014",
      "income status": {
        "Net sales": 920637,
        "Cost of goods sold": 847678,
        "Gross Profit": 72959,
        "Financial expenses": 8563,
        "Of which: Interest expense": 8563,
        "Cost of sales": 498,
        "Enterprise cost management": 60746,
        "Total Operating Expenses": 69807,
        "Total revenue financing activities": 54,
        "Net profit from business activities": 3206,
        "Profit": 1075,
        "Profit before tax": 4281,
        "Present corporate income tax expenses": 856,
        "Deferred income taxes expenses": "N/A",
        "The interests of minority shareholders": "N/A",
        "Total Cost of profits": 856,
        "Profit after tax corporate income": 3425,
        "Volume": 12998694,
        "Close of Quarter": 5.4,
        "EPS": 3983,
        "Non-adjusted EPS": 1590.0,
        "PE": 0.7,
        "Book Price": 10.0
      }
    },
    {
      "quarter": "Q2 2014",
      "income status": {
        "Net sales": 1141427,
        "Cost of goods sold": 1074758,
        "Gross Profit": 66669,
        "Financial expenses": 9832,
        "Of which: Interest expense": 9832,
        "Cost of sales": 932,
        "Enterprise cost management": 57226,
        "Total Operating Expenses": 67990,
        "Total revenue financing activities": 95,
        "Net profit from business activities": -1226,
        "Profit": 5895,
        "Profit before tax": 4669,
        "Present corporate income tax expenses": 934,
        "Deferred income taxes expenses": "N/A",
        "The interests of minority shareholders": "N/A",
        "Total Cost of profits": 934,
        "Profit after tax corporate income": 3735,
        "Volume": 12998694,
        "Close of Quarter": 4.6,
        "EPS": 3975,
        "Non-adjusted EPS": 3319.7,
        "PE": 0.5,
        "Book Price": 10.0
      }
    },
    {
      "quarter": "Q1 2014",
      "income status": {
        "Net sales": 1065761,
        "Cost of goods sold": 1000517,
        "Gross Profit": 65245,
        "Financial expenses": 12811,
        "Of which: Interest expense": 12811,
        "Cost of sales": 760,
        "Enterprise cost management": 49675,
        "Total Operating Expenses": 63246,
        "Total revenue financing activities": 61,
        "Net profit from business activities": 2059,
        "Profit": 2376,
        "Profit before tax": 4435,
        "Present corporate income tax expenses": 887,
        "Deferred income taxes expenses": "N/A",
        "The interests of minority shareholders": "N/A",
        "Total Cost of profits": 887,
        "Profit after tax corporate income": 3548,
        "Volume": 12998694,
        "Close of Quarter": 5.8,
        "EPS": 8299,
        "Non-adjusted EPS": 3707.3,
        "PE": 1.3,
        "Book Price": 10.0
      }
    },
    {
      "quarter": "Q4 2013",
      "income status": {
        "Net sales": 1187013,
        "Cost of goods sold": 953846,
        "Gross Profit": 233167,
        "Financial expenses": 13311,
        "Of which: Interest expense": 13271,
        "Cost of sales": 28146,
        "Enterprise cost management": 57390,
        "Total Operating Expenses": 98847,
        "Total revenue financing activities": 87,
        "Net profit from business activities": 134406,
        "Profit": -30980,
        "Profit before tax": 103425,
        "Present corporate income tax expenses": 6259,
        "Deferred income taxes expenses": "N/A",
        "The interests of minority shareholders": "N/A",
        "Total Cost of profits": 6259,
        "Profit after tax corporate income": 97167,
        "Volume": 12998694,
        "Close of Quarter": 3.0,
        "EPS": 9268,
        "Non-adjusted EPS": 1847.2,
        "PE": 0.7,
        "Book Price": 9.9
      }
    },
    {
      "quarter": "Q3 2013",
      "income status": {
        "Net sales": 796967,
        "Cost of goods sold": 693356,
        "Gross Profit": 103611,
        "Financial expenses": 13841,
        "Of which: Interest expense": 13841,
        "Cost of sales": 16035,
        "Enterprise cost management": 41591,
        "Total Operating Expenses": 71467,
        "Total revenue financing activities": 179,
        "Net profit from business activities": 32323,
        "Profit": -16295,
        "Profit before tax": 16028,
        "Present corporate income tax expenses": "N/A",
        "Deferred income taxes expenses": "N/A",
        "The interests of minority shareholders": "N/A",
        "Total Cost of profits": 0,
        "Profit after tax corporate income": 16028,
        "Volume": 12998694,
        "Close of Quarter": 2.6,
        "EPS": 4618,
        "Non-adjusted EPS": 1817.6,
        "PE": -0.8,
        "Book Price": 8.0
      }
    },
    {
      "quarter": "Q2 2013",
      "income status": {
        "Net sales": 1161697,
        "Cost of goods sold": 1122709,
        "Gross Profit": 38988,
        "Financial expenses": 19071,
        "Of which: Interest expense": 19071,
        "Cost of sales": 31744,
        "Enterprise cost management": 51247,
        "Total Operating Expenses": 102062,
        "Total revenue financing activities": 195,
        "Net profit from business activities": -62879,
        "Profit": 5525,
        "Profit before tax": -57354,
        "Present corporate income tax expenses": -646,
        "Deferred income taxes expenses": "N/A",
        "The interests of minority shareholders": "N/A",
        "Total Cost of profits": -646,
        "Profit after tax corporate income": -56709,
        "Volume": 12998694,
        "Close of Quarter": 3.5,
        "EPS": 4544,
        "Non-adjusted EPS": -1360.4,
        "PE": -0.7,
        "Book Price": 7.4
      }
    },
    {
      "quarter": "Q1 2013",
      "income status": {
        "Net sales": 1116833,
        "Cost of goods sold": 1020674,
        "Gross Profit": 96159,
        "Financial expenses": 24181,
        "Of which: Interest expense": 24181,
        "Cost of sales": 6573,
        "Enterprise cost management": 56971,
        "Total Operating Expenses": 87725,
        "Total revenue financing activities": 217,
        "Net profit from business activities": 8651,
        "Profit": -5423,
        "Profit before tax": 3228,
        "Present corporate income tax expenses": 646,
        "Deferred income taxes expenses": "N/A",
        "The interests of minority shareholders": "N/A",
        "Total Cost of profits": 646,
        "Profit after tax corporate income": 2583,
        "Volume": 12998694,
        "Close of Quarter": 3.4,
        "EPS": -3401,
        "Non-adjusted EPS": -1892.4,
        "PE": -4.5,
        "Book Price": 9.2
      }
    },
    {
      "quarter": "Q4 2012",
      "income status": {
        "Net sales": 1307171,
        "Cost of goods sold": 1216614,
        "Gross Profit": 90556,
        "Financial expenses": 26007,
        "Of which: Interest expense": 26007,
        "Cost of sales": 12506,
        "Enterprise cost management": 52013,
        "Total Operating Expenses": 90526,
        "Total revenue financing activities": 138,
        "Net profit from business activities": 169,
        "Profit": -7809,
        "Profit before tax": -7640,
        "Present corporate income tax expenses": -1528,
        "Deferred income taxes expenses": "N/A",
        "The interests of minority shareholders": "N/A",
        "Total Cost of profits": -1528,
        "Profit after tax corporate income": -6112,
        "Volume": 12998694,
        "Close of Quarter": 3.6,
        "EPS": -4731,
        "Non-adjusted EPS": -303.6,
        "PE": 3.6,
        "Book Price": 8.8
      }
    },
    {
      "quarter": "Q3 2012",
      "income status": {
        "Net sales": 738063,
        "Cost of goods sold": 678886,
        "Gross Profit": 59176,
        "Financial expenses": 22249,
        "Of which: Interest expense": 22249,
        "Cost of sales": 2571,
        "Enterprise cost management": 37686,
        "Total Operating Expenses": 62506,
        "Total revenue financing activities": 82,
        "Net profit from business activities": -3248,
        "Profit": 1670,
        "Profit before tax": -1577,
        "Present corporate income tax expenses": -315,
        "Deferred income taxes expenses": "N/A",
        "The interests of minority shareholders": "N/A",
        "Total Cost of profits": -315,
        "Profit after tax corporate income": -1262,
        "Volume": 12998694,
        "Close of Quarter": 3.6,
        "EPS": -759,
        "Non-adjusted EPS": 395.6,
        "PE": 0.7,
        "Book Price": 9.2
      }
    },
    {
      "quarter": "Q2 2012",
      "income status": {
        "Net sales": 915040,
        "Cost of goods sold": 836124,
        "Gross Profit": 78916,
        "Financial expenses": 28935,
        "Of which: Interest expense": 28935,
        "Cost of sales": 10961,
        "Enterprise cost management": 49679,
        "Total Operating Expenses": 89575,
        "Total revenue financing activities": 283,
        "Net profit from business activities": -10377,
        "Profit": 4037,
        "Profit before tax": -6340,
        "Present corporate income tax expenses": -1268,
        "Deferred income taxes expenses": "N/A",
        "The interests of minority shareholders": "N/A",
        "Total Cost of profits": -1268,
        "Profit after tax corporate income": -5072,
        "Volume": 12998694,
        "Close of Quarter": 4.0,
        "EPS": 989,
        "Non-adjusted EPS": 2068.0,
        "PE": 0.6,
        "Book Price": 9.2
      }
    },
    {
      "quarter": "Q1 2012",
      "income status": {
        "Net sales": 990425,
        "Cost of goods sold": 877678,
        "Gross Profit": 112747,
        "Financial expenses": 29811,
        "Of which: Interest expense": 29811,
        "Cost of sales": 4478,
        "Enterprise cost management": 48927,
        "Total Operating Expenses": 83216,
        "Total revenue financing activities": 405,
        "Net profit from business activities": 29935,
        "Profit": 1700,
        "Profit before tax": 31635,
        "Present corporate income tax expenses": 6327,
        "Deferred income taxes expenses": "N/A",
        "The interests of minority shareholders": "N/A",
        "Total Cost of profits": 6327,
        "Profit after tax corporate income": 25308,
        "Volume": 12998694,
        "Close of Quarter": 4.7,
        "EPS": 5170,
        "Non-adjusted EPS": 2522.9,
        "PE": 0.5,
        "Book Price": 9.4
      }
    },
    {
      "quarter": "Q4 2011",
      "income status": {
        "Net sales": 1025411,
        "Cost of goods sold": 882530,
        "Gross Profit": 142881,
        "Financial expenses": 32199,
        "Of which: Interest expense": 31038,
        "Cost of sales": 7225,
        "Enterprise cost management": 51517,
        "Total Operating Expenses": 90941,
        "Total revenue financing activities": 763,
        "Net profit from business activities": 52703,
        "Profit": 78,
        "Profit before tax": 52781,
        "Present corporate income tax expenses": 4549,
        "Deferred income taxes expenses": "N/A",
        "The interests of minority shareholders": "N/A",
        "Total Cost of profits": 4549,
        "Profit after tax corporate income": 48232,
        "Volume": 12998694,
        "Close of Quarter": 2.2,
        "EPS": 6307,
        "Non-adjusted EPS": 3658.9,
        "PE": 0.3,
        "Book Price": 8.7
      }
    },
    {
      "quarter": "Q3 2011",
      "income status": {
        "Net sales": 649001,
        "Cost of goods sold": 560934,
        "Gross Profit": 88066,
        "Financial expenses": 31641,
        "Of which: Interest expense": 30916,
        "Cost of sales": 7326,
        "Enterprise cost management": 42394,
        "Total Operating Expenses": 81361,
        "Total revenue financing activities": 1529,
        "Net profit from business activities": 8234,
        "Profit": 6447,
        "Profit before tax": 14681,
        "Present corporate income tax expenses": 1161,
        "Deferred income taxes expenses": "N/A",
        "The interests of minority shareholders": "N/A",
        "Total Cost of profits": 1161,
        "Profit after tax corporate income": 13520,
        "Volume": 12998694,
        "Close of Quarter": 3.0,
        "EPS": 9147,
        "Non-adjusted EPS": 3514.1,
        "PE": 0.4,
        "Book Price": 9
      }
    },
    {
      "quarter": "Q2 2011",
      "income status": {
        "Net sales": 1093088,
        "Cost of goods sold": 962462,
        "Gross Profit": 130627,
        "Financial expenses": 23550,
        "Of which: Interest expense": 23550,
        "Cost of sales": 14373,
        "Enterprise cost management": 59600,
        "Total Operating Expenses": 97523,
        "Total revenue financing activities": 1194,
        "Net profit from business activities": 34298,
        "Profit": 3038,
        "Profit before tax": 37336,
        "Present corporate income tax expenses": 5493,
        "Deferred income taxes expenses": "N/A",
        "The interests of minority shareholders": "N/A",
        "Total Cost of profits": 5493,
        "Profit after tax corporate income": 31843,
        "Volume": 10000000,
        "Close of Quarter": 2.9,
        "EPS": 8785,
        "Non-adjusted EPS": 2783.3,
        "PE": 0.3,
        "Book Price": 8.6
      }
    },
    {
      "quarter": "Q1 2011",
      "income status": {
        "Net sales": 1029582,
        "Cost of goods sold": 937539,
        "Gross Profit": 92043,
        "Financial expenses": 23228,
        "Of which: Interest expense": 20879,
        "Cost of sales": 5707,
        "Enterprise cost management": 48461,
        "Total Operating Expenses": 77396,
        "Total revenue financing activities": 319,
        "Net profit from business activities": 14967,
        "Profit": 7915,
        "Profit before tax": 22883,
        "Present corporate income tax expenses": 2288,
        "Deferred income taxes expenses": "N/A",
        "The interests of minority shareholders": "N/A",
        "Total Cost of profits": 2288,
        "Profit after tax corporate income": 20594,
        "Volume": 10000000,
        "Close of Quarter": 3.3,
        "EPS": 6958,
        "Non-adjusted EPS": 2776.0,
        "PE": 0.5,
        "Book Price": 7.6
      }
    }
  ]
}