{
  "ticker": "GHC",
  "data": [
    {
      "quarter": "Q4 2016",
      "income status": {
        "Net sales": 54734,
        "Cost of goods sold": 14810,
        "Gross Profit": 39924,
        "Financial expenses": "N/A",
        "Of which: Interest expense": "N/A",
        "Cost of sales": "N/A",
        "Enterprise cost management": 1311,
        "Total Operating Expenses": 1311,
        "Total revenue financing activities": 680,
        "Net profit from business activities": 39293,
        "Profit": -2,
        "Profit before tax": 39291,
        "Present corporate income tax expenses": 3134,
        "Deferred income taxes expenses": "N/A",
        "The interests of minority shareholders": "N/A",
        "Total Cost of profits": 3134,
        "Profit after tax corporate income": 36157,
        "Volume": 41000000,
        "Close of Quarter": 28.1,
        "EPS": 1687,
        "Non-adjusted EPS": 1687,
        "PE": 16.6,
        "Book Price": 7.3
      }
    },
    {
      "quarter": "Q3 2016",
      "income status": {
        "Net sales": 25548,
        "Cost of goods sold": 11213,
        "Gross Profit": 14335,
        "Financial expenses": 508,
        "Of which: Interest expense": 501,
        "Cost of sales": "N/A",
        "Enterprise cost management": 698,
        "Total Operating Expenses": 1206,
        "Total revenue financing activities": 820,
        "Net profit from business activities": 13949,
        "Profit": -55,
        "Profit before tax": 13894,
        "Present corporate income tax expenses": 1122,
        "Deferred income taxes expenses": "N/A",
        "The interests of minority shareholders": "N/A",
        "Total Cost of profits": 1122,
        "Profit after tax corporate income": 12772,
        "Volume": 41000000,
        "Close of Quarter": 23.1,
        "EPS": 1476,
        "Non-adjusted EPS": 1476,
        "PE": 15.6,
        "Book Price": 7.6
      }
    },
    {
      "quarter": "Q2 2016",
      "income status": {
        "Net sales": 21968,
        "Cost of goods sold": 8104,
        "Gross Profit": 13863,
        "Financial expenses": 934,
        "Of which: Interest expense": 934,
        "Cost of sales": "N/A",
        "Enterprise cost management": 1012,
        "Total Operating Expenses": 1946,
        "Total revenue financing activities": 5358,
        "Net profit from business activities": 17276,
        "Profit": -112,
        "Profit before tax": 17164,
        "Present corporate income tax expenses": 1918,
        "Deferred income taxes expenses": "N/A",
        "The interests of minority shareholders": "N/A",
        "Total Cost of profits": 1918,
        "Profit after tax corporate income": 15246,
        "Volume": 41000000,
        "Close of Quarter": 23.4,
        "EPS": 1505,
        "Non-adjusted EPS": 1505,
        "PE": 15.5,
        "Book Price": 7.5
      }
    },
    {
      "quarter": "Q1 2016",
      "income status": {
        "Net sales": 13450,
        "Cost of goods sold": 6942,
        "Gross Profit": 6507,
        "Financial expenses": 908,
        "Of which: Interest expense": 908,
        "Cost of sales": "N/A",
        "Enterprise cost management": 768,
        "Total Operating Expenses": 1676,
        "Total revenue financing activities": 532,
        "Net profit from business activities": 5363,
        "Profit": "N/A",
        "Profit before tax": 5363,
        "Present corporate income tax expenses": 377,
        "Deferred income taxes expenses": "N/A",
        "The interests of minority shareholders": "N/A",
        "Total Cost of profits": 377,
        "Profit after tax corporate income": 4986,
        "Volume": 41000000,
        "Close of Quarter": 21.9,
        "EPS": 1391,
        "Non-adjusted EPS": 1391,
        "PE": 15.7,
        "Book Price": 7.1
      }
    },
    {
      "quarter": "Q4 2015",
      "income status": {
        "Net sales": 44824,
        "Cost of goods sold": 17922,
        "Gross Profit": 26902,
        "Financial expenses": 1150,
        "Of which: Interest expense": 1150,
        "Cost of sales": "N/A",
        "Enterprise cost management": 1297,
        "Total Operating Expenses": 2447,
        "Total revenue financing activities": 6421,
        "Net profit from business activities": 30876,
        "Profit": "N/A",
        "Profit before tax": 30876,
        "Present corporate income tax expenses": 3359,
        "Deferred income taxes expenses": "N/A",
        "The interests of minority shareholders": "N/A",
        "Total Cost of profits": 3359,
        "Profit after tax corporate income": 27517,
        "Volume": 41000000,
        "Close of Quarter": 22.7,
        "EPS": 1536,
        "Non-adjusted EPS": 1536,
        "PE": 14.8,
        "Book Price": 7.2
      }
    },
    {
      "quarter": "Q3 2015",
      "income status": {
        "Net sales": 29408,
        "Cost of goods sold": 13690,
        "Gross Profit": 15718,
        "Financial expenses": 1213,
        "Of which: Interest expense": 1123,
        "Cost of sales": "N/A",
        "Enterprise cost management": 816,
        "Total Operating Expenses": 2029,
        "Total revenue financing activities": 302,
        "Net profit from business activities": 13991,
        "Profit": 3,
        "Profit before tax": 13994,
        "Present corporate income tax expenses": 26,
        "Deferred income taxes expenses": "N/A",
        "The interests of minority shareholders": "N/A",
        "Total Cost of profits": 26,
        "Profit after tax corporate income": 13968,
        "Volume": 41000000,
        "Close of Quarter": 20.6,
        "EPS": 1296,
        "Non-adjusted EPS": 1296,
        "PE": 15.9,
        "Book Price": 7.9
      }
    },
    {
      "quarter": "Q2 2015",
      "income status": {
        "Net sales": 22930,
        "Cost of goods sold": 8502,
        "Gross Profit": 14427,
        "Financial expenses": 1475,
        "Of which: Interest expense": 1379,
        "Cost of sales": "N/A",
        "Enterprise cost management": 1218,
        "Total Operating Expenses": 2693,
        "Total revenue financing activities": 469,
        "Net profit from business activities": 12203,
        "Profit": -50,
        "Profit before tax": 12154,
        "Present corporate income tax expenses": 1597,
        "Deferred income taxes expenses": "N/A",
        "The interests of minority shareholders": "N/A",
        "Total Cost of profits": 1597,
        "Profit after tax corporate income": 10557,
        "Volume": 41000000,
        "Close of Quarter": 21.7,
        "EPS": 1183,
        "Non-adjusted EPS": 1183,
        "PE": 18.3,
        "Book Price": 7.5
      }
    },
    {
      "quarter": "Q1 2015",
      "income status": {
        "Net sales": 22377,
        "Cost of goods sold": 8450,
        "Gross Profit": 13927,
        "Financial expenses": 1399,
        "Of which: Interest expense": 1299,
        "Cost of sales": "N/A",
        "Enterprise cost management": 955,
        "Total Operating Expenses": 2354,
        "Total revenue financing activities": 778,
        "Net profit from business activities": 12351,
        "Profit": -1,
        "Profit before tax": 12350,
        "Present corporate income tax expenses": 1424,
        "Deferred income taxes expenses": "N/A",
        "The interests of minority shareholders": "N/A",
        "Total Cost of profits": 1424,
        "Profit after tax corporate income": 10925,
        "Volume": 41000000,
        "Close of Quarter": 20.6,
        "EPS": 1260,
        "Non-adjusted EPS": 1260,
        "PE": 16.4,
        "Book Price": 7.3
      }
    },
    {
      "quarter": "Q4 2014",
      "income status": {
        "Net sales": 34869,
        "Cost of goods sold": 12071,
        "Gross Profit": 22798,
        "Financial expenses": 1806,
        "Of which: Interest expense": 1690,
        "Cost of sales": "N/A",
        "Enterprise cost management": 1815,
        "Total Operating Expenses": 3621,
        "Total revenue financing activities": 1348,
        "Net profit from business activities": 20525,
        "Profit": -76,
        "Profit before tax": 20449,
        "Present corporate income tax expenses": 2746,
        "Deferred income taxes expenses": "N/A",
        "The interests of minority shareholders": "N/A",
        "Total Cost of profits": 2746,
        "Profit after tax corporate income": 17704,
        "Volume": 41000000,
        "Close of Quarter": 18.5,
        "EPS": 1360,
        "Non-adjusted EPS": 1360,
        "PE": 13.6,
        "Book Price": 7
      }
    },
    {
      "quarter": "Q3 2014",
      "income status": {
        "Net sales": 26834,
        "Cost of goods sold": 12320,
        "Gross Profit": 14514,
        "Financial expenses": 3256,
        "Of which: Interest expense": 3256,
        "Cost of sales": "N/A",
        "Enterprise cost management": 940,
        "Total Operating Expenses": 4196,
        "Total revenue financing activities": 477,
        "Net profit from business activities": 10795,
        "Profit": "N/A",
        "Profit before tax": 10795,
        "Present corporate income tax expenses": 1481,
        "Deferred income taxes expenses": "N/A",
        "The interests of minority shareholders": "N/A",
        "Total Cost of profits": 1481,
        "Profit after tax corporate income": 9314,
        "Volume": 41000000,
        "Close of Quarter": 16.8,
        "EPS": 1540,
        "Non-adjusted EPS": 1540,
        "PE": 10.9,
        "Book Price": 7.9
      }
    },
    {
      "quarter": "Q2 2014",
      "income status": {
        "Net sales": 31675,
        "Cost of goods sold": 10584,
        "Gross Profit": 21091,
        "Financial expenses": 4082,
        "Of which: Interest expense": 4082,
        "Cost of sales": "N/A",
        "Enterprise cost management": 1004,
        "Total Operating Expenses": 5086,
        "Total revenue financing activities": 14,
        "Net profit from business activities": 16018,
        "Profit": -30,
        "Profit before tax": 15988,
        "Present corporate income tax expenses": 2273,
        "Deferred income taxes expenses": "N/A",
        "The interests of minority shareholders": "N/A",
        "Total Cost of profits": 2273,
        "Profit after tax corporate income": 13715,
        "Volume": 20500000,
        "Close of Quarter": 16.0,
        "EPS": 1389.5,
        "Non-adjusted EPS": 2779,
        "PE": 5.8,
        "Book Price": 3.8
      }
    },
    {
      "quarter": "Q1 2014",
      "income status": {
        "Net sales": 31796,
        "Cost of goods sold": 9477,
        "Gross Profit": 22319,
        "Financial expenses": 3982,
        "Of which: Interest expense": 3982,
        "Cost of sales": "N/A",
        "Enterprise cost management": 978,
        "Total Operating Expenses": 4960,
        "Total revenue financing activities": 159,
        "Net profit from business activities": 17518,
        "Profit": 30,
        "Profit before tax": 17548,
        "Present corporate income tax expenses": 2512,
        "Deferred income taxes expenses": "N/A",
        "The interests of minority shareholders": "N/A",
        "Total Cost of profits": 2512,
        "Profit after tax corporate income": 15035,
        "Volume": 20500000,
        "Close of Quarter": 17.1,
        "EPS": 1055,
        "Non-adjusted EPS": 2110,
        "PE": 8.1,
        "Book Price": 3.5
      }
    },
    {
      "quarter": "Q4 2013",
      "income status": {
        "Net sales": 46721,
        "Cost of goods sold": 11921,
        "Gross Profit": 34800,
        "Financial expenses": 4590,
        "Of which: Interest expense": 4463,
        "Cost of sales": "N/A",
        "Enterprise cost management": 1358,
        "Total Operating Expenses": 5948,
        "Total revenue financing activities": 214,
        "Net profit from business activities": 29066,
        "Profit": 746,
        "Profit before tax": 29813,
        "Present corporate income tax expenses": 4739,
        "Deferred income taxes expenses": "N/A",
        "The interests of minority shareholders": "N/A",
        "Total Cost of profits": 4739,
        "Profit after tax corporate income": 25074,
        "Volume": 20500000,
        "Close of Quarter": 15.2,
        "EPS": 688.5,
        "Non-adjusted EPS": 1377,
        "PE": 11.0,
        "Book Price": 3.1
      }
    },
    {
      "quarter": "Q3 2013",
      "income status": {
        "Net sales": 26968,
        "Cost of goods sold": 10703,
        "Gross Profit": 16264,
        "Financial expenses": 4484,
        "Of which: Interest expense": 4479,
        "Cost of sales": "N/A",
        "Enterprise cost management": 914,
        "Total Operating Expenses": 5398,
        "Total revenue financing activities": 417,
        "Net profit from business activities": 11283,
        "Profit": -2103,
        "Profit before tax": 9181,
        "Present corporate income tax expenses": 6031,
        "Deferred income taxes expenses": "N/A",
        "The interests of minority shareholders": "N/A",
        "Total Cost of profits": 6031,
        "Profit after tax corporate income": 3150,
        "Volume": 20500000,
        "Close of Quarter": 13.1,
        "EPS": 77,
        "Non-adjusted EPS": 154,
        "PE": 84.9,
        "Book Price": 3.4
      }
    }
  ]
}