{
  "ticker": "SVI",
  "data": [
    {
      "quarter": "Q4 2016",
      "income status": {
        "Net sales": 378313,
        "Cost of goods sold": 326728,
        "Gross Profit": 51585,
        "Financial expenses": 3617,
        "Of which: Interest expense": 3078,
        "Cost of sales": 19840,
        "Enterprise cost management": 4553,
        "Total Operating Expenses": 28010,
        "Total revenue financing activities": 2472,
        "Net profit from business activities": 26047,
        "Profit": 714,
        "Profit before tax": 26761,
        "Present corporate income tax expenses": 5476,
        "Deferred income taxes expenses": -91,
        "The interests of minority shareholders": "N/A",
        "Total Cost of profits": 5385,
        "Profit after tax corporate income": 21376,
        "Volume": 12808137,
        "Close of Quarter": 43.6,
        "EPS": 5743,
        "Non-adjusted EPS": 5743,
        "PE": 7.6,
        "Book Price": 25.7
      }
    },
    {
      "quarter": "Q3 2016",
      "income status": {
        "Net sales": 356312,
        "Cost of goods sold": 310070,
        "Gross Profit": 46242,
        "Financial expenses": 1664,
        "Of which: Interest expense": 1663,
        "Cost of sales": 16235,
        "Enterprise cost management": 5006,
        "Total Operating Expenses": 22905,
        "Total revenue financing activities": 1087,
        "Net profit from business activities": 24424,
        "Profit": 133,
        "Profit before tax": 24556,
        "Present corporate income tax expenses": 4911,
        "Deferred income taxes expenses": -91,
        "The interests of minority shareholders": "N/A",
        "Total Cost of profits": 4820,
        "Profit after tax corporate income": 19736,
        "Volume": 12808137,
        "Close of Quarter": 45.3,
        "EPS": 5689,
        "Non-adjusted EPS": 5689,
        "PE": 8.0,
        "Book Price": 25.6
      }
    },
    {
      "quarter": "Q2 2016",
      "income status": {
        "Net sales": 324892,
        "Cost of goods sold": 282990,
        "Gross Profit": 41902,
        "Financial expenses": 2930,
        "Of which: Interest expense": 2924,
        "Cost of sales": 14869,
        "Enterprise cost management": 4474,
        "Total Operating Expenses": 22273,
        "Total revenue financing activities": 1491,
        "Net profit from business activities": 21120,
        "Profit": 289,
        "Profit before tax": 21409,
        "Present corporate income tax expenses": 4563,
        "Deferred income taxes expenses": -91,
        "The interests of minority shareholders": "N/A",
        "Total Cost of profits": 4472,
        "Profit after tax corporate income": 16937,
        "Volume": 12808137,
        "Close of Quarter": 38.1,
        "EPS": 5503,
        "Non-adjusted EPS": 5503,
        "PE": 6.9,
        "Book Price": 25.1
      }
    },
    {
      "quarter": "Q1 2016",
      "income status": {
        "Net sales": 322223,
        "Cost of goods sold": 281317,
        "Gross Profit": 40906,
        "Financial expenses": 1847,
        "Of which: Interest expense": 1848,
        "Cost of sales": 16724,
        "Enterprise cost management": 4037,
        "Total Operating Expenses": 22608,
        "Total revenue financing activities": 962,
        "Net profit from business activities": 19260,
        "Profit": 20,
        "Profit before tax": 19279,
        "Present corporate income tax expenses": 3856,
        "Deferred income taxes expenses": -91,
        "The interests of minority shareholders": "N/A",
        "Total Cost of profits": 3765,
        "Profit after tax corporate income": 15514,
        "Volume": 12808137,
        "Close of Quarter": 35.3,
        "EPS": 5456,
        "Non-adjusted EPS": 5456,
        "PE": 6.5,
        "Book Price": 24.1
      }
    },
    {
      "quarter": "Q4 2015",
      "income status": {
        "Net sales": 400303,
        "Cost of goods sold": 350450,
        "Gross Profit": 49853,
        "Financial expenses": 3084,
        "Of which: Interest expense": 2534,
        "Cost of sales": 18314,
        "Enterprise cost management": 5636,
        "Total Operating Expenses": 27034,
        "Total revenue financing activities": 1372,
        "Net profit from business activities": 24191,
        "Profit": 697,
        "Profit before tax": 24888,
        "Present corporate income tax expenses": 4351,
        "Deferred income taxes expenses": -144,
        "The interests of minority shareholders": "N/A",
        "Total Cost of profits": 4207,
        "Profit after tax corporate income": 20681,
        "Volume": 12808137,
        "Close of Quarter": 31.3,
        "EPS": 5408,
        "Non-adjusted EPS": 5408,
        "PE": 5.8,
        "Book Price": 23
      }
    },
    {
      "quarter": "Q3 2015",
      "income status": {
        "Net sales": 330998,
        "Cost of goods sold": 288244,
        "Gross Profit": 42754,
        "Financial expenses": 3750,
        "Of which: Interest expense": 2535,
        "Cost of sales": 14901,
        "Enterprise cost management": 4098,
        "Total Operating Expenses": 22749,
        "Total revenue financing activities": 842,
        "Net profit from business activities": 20846,
        "Profit": 170,
        "Profit before tax": 21016,
        "Present corporate income tax expenses": 2180,
        "Deferred income taxes expenses": 1485,
        "The interests of minority shareholders": "N/A",
        "Total Cost of profits": 3665,
        "Profit after tax corporate income": 17351,
        "Volume": 12808137,
        "Close of Quarter": 30.7,
        "EPS": 5204,
        "Non-adjusted EPS": 5204,
        "PE": 5.9,
        "Book Price": 22.9
      }
    },
    {
      "quarter": "Q2 2015",
      "income status": {
        "Net sales": 308570,
        "Cost of goods sold": 267633,
        "Gross Profit": 40937,
        "Financial expenses": 2982,
        "Of which: Interest expense": 2603,
        "Cost of sales": 14084,
        "Enterprise cost management": 5316,
        "Total Operating Expenses": 22382,
        "Total revenue financing activities": 1368,
        "Net profit from business activities": 19923,
        "Profit": 174,
        "Profit before tax": 20097,
        "Present corporate income tax expenses": 2299,
        "Deferred income taxes expenses": 1469,
        "The interests of minority shareholders": "N/A",
        "Total Cost of profits": 3768,
        "Profit after tax corporate income": 16329,
        "Volume": 10673542,
        "Close of Quarter": 28.1,
        "EPS": 5122.6,
        "Non-adjusted EPS": 6147,
        "PE": 4.6,
        "Book Price": 22.3
      }
    },
    {
      "quarter": "Q1 2015",
      "income status": {
        "Net sales": 301512,
        "Cost of goods sold": 263737,
        "Gross Profit": 37775,
        "Financial expenses": 2738,
        "Of which: Interest expense": 2537,
        "Cost of sales": 14763,
        "Enterprise cost management": 3508,
        "Total Operating Expenses": 21009,
        "Total revenue financing activities": 648,
        "Net profit from business activities": 17413,
        "Profit": 590,
        "Profit before tax": 18003,
        "Present corporate income tax expenses": 1840,
        "Deferred income taxes expenses": 1262,
        "The interests of minority shareholders": "N/A",
        "Total Cost of profits": 3102,
        "Profit after tax corporate income": 14901,
        "Volume": 10673542,
        "Close of Quarter": 27.1,
        "EPS": 5022.5,
        "Non-adjusted EPS": 6027,
        "PE": 4.5,
        "Book Price": 21.5
      }
    },
    {
      "quarter": "Q4 2014",
      "income status": {
        "Net sales": 335597,
        "Cost of goods sold": 290090,
        "Gross Profit": 45507,
        "Financial expenses": 3969,
        "Of which: Interest expense": 3248,
        "Cost of sales": 16404,
        "Enterprise cost management": 4573,
        "Total Operating Expenses": 24946,
        "Total revenue financing activities": 1323,
        "Net profit from business activities": 21883,
        "Profit": 194,
        "Profit before tax": 22077,
        "Present corporate income tax expenses": 3654,
        "Deferred income taxes expenses": 349,
        "The interests of minority shareholders": "N/A",
        "Total Cost of profits": 4003,
        "Profit after tax corporate income": 18074,
        "Volume": 10673542,
        "Close of Quarter": 28.2,
        "EPS": 4873.4,
        "Non-adjusted EPS": 5848,
        "PE": 4.8,
        "Book Price": 21.1
      }
    },
    {
      "quarter": "Q3 2014",
      "income status": {
        "Net sales": 295199,
        "Cost of goods sold": 255953,
        "Gross Profit": 39246,
        "Financial expenses": 2586,
        "Of which: Interest expense": 2585,
        "Cost of sales": 14035,
        "Enterprise cost management": 4017,
        "Total Operating Expenses": 20638,
        "Total revenue financing activities": 823,
        "Net profit from business activities": 19432,
        "Profit": -92,
        "Profit before tax": 19340,
        "Present corporate income tax expenses": 2781,
        "Deferred income taxes expenses": 248,
        "The interests of minority shareholders": "N/A",
        "Total Cost of profits": 3029,
        "Profit after tax corporate income": 16311,
        "Volume": 10673542,
        "Close of Quarter": 29.3,
        "EPS": 4845.0,
        "Non-adjusted EPS": 5814,
        "PE": 5.0,
        "Book Price": 20.3
      }
    },
    {
      "quarter": "Q2 2014",
      "income status": {
        "Net sales": 272914,
        "Cost of goods sold": 234243,
        "Gross Profit": 38671,
        "Financial expenses": 3371,
        "Of which: Interest expense": 2827,
        "Cost of sales": 14374,
        "Enterprise cost management": 3820,
        "Total Operating Expenses": 21565,
        "Total revenue financing activities": 1038,
        "Net profit from business activities": 18144,
        "Profit": 194,
        "Profit before tax": 18338,
        "Present corporate income tax expenses": 2360,
        "Deferred income taxes expenses": 932,
        "The interests of minority shareholders": "N/A",
        "Total Cost of profits": 3292,
        "Profit after tax corporate income": 15046,
        "Volume": 10673542,
        "Close of Quarter": 26.4,
        "EPS": 4895.0,
        "Non-adjusted EPS": 5874,
        "PE": 4.5,
        "Book Price": 19.9
      }
    },
    {
      "quarter": "Q1 2014",
      "income status": {
        "Net sales": 226991,
        "Cost of goods sold": 195467,
        "Gross Profit": 31523,
        "Financial expenses": 3112,
        "Of which: Interest expense": 2989,
        "Cost of sales": 12013,
        "Enterprise cost management": 3059,
        "Total Operating Expenses": 18184,
        "Total revenue financing activities": 867,
        "Net profit from business activities": 14206,
        "Profit": 1448,
        "Profit before tax": 15654,
        "Present corporate income tax expenses": 1674,
        "Deferred income taxes expenses": 989,
        "The interests of minority shareholders": "N/A",
        "Total Cost of profits": 2663,
        "Profit after tax corporate income": 12992,
        "Volume": 10673542,
        "Close of Quarter": 28.8,
        "EPS": 5005.9,
        "Non-adjusted EPS": 6007,
        "PE": 4.8,
        "Book Price": 18.8
      }
    },
    {
      "quarter": "Q4 2013",
      "income status": {
        "Net sales": 299033,
        "Cost of goods sold": 256066,
        "Gross Profit": 42967,
        "Financial expenses": 3300,
        "Of which: Interest expense": 3268,
        "Cost of sales": 17392,
        "Enterprise cost management": 4332,
        "Total Operating Expenses": 25024,
        "Total revenue financing activities": 1257,
        "Net profit from business activities": 19200,
        "Profit": 64,
        "Profit before tax": 19264,
        "Present corporate income tax expenses": 1598,
        "Deferred income taxes expenses": -39,
        "The interests of minority shareholders": "N/A",
        "Total Cost of profits": 1559,
        "Profit after tax corporate income": 17705,
        "Volume": 10673542,
        "Close of Quarter": 25.0,
        "EPS": 5254.2,
        "Non-adjusted EPS": 6305,
        "PE": 4.0,
        "Book Price": 18.7
      }
    },
    {
      "quarter": "Q3 2013",
      "income status": {
        "Net sales": 262792,
        "Cost of goods sold": 225411,
        "Gross Profit": 37381,
        "Financial expenses": 3408,
        "Of which: Interest expense": 3247,
        "Cost of sales": 12798,
        "Enterprise cost management": 3388,
        "Total Operating Expenses": 19594,
        "Total revenue financing activities": 135,
        "Net profit from business activities": 17922,
        "Profit": 87,
        "Profit before tax": 18009,
        "Present corporate income tax expenses": 1557,
        "Deferred income taxes expenses": -503,
        "The interests of minority shareholders": "N/A",
        "Total Cost of profits": 1054,
        "Profit after tax corporate income": 16955,
        "Volume": 10673542,
        "Close of Quarter": 20.8,
        "EPS": 4885.0,
        "Non-adjusted EPS": 5862,
        "PE": 3.6,
        "Book Price": 18
      }
    },
    {
      "quarter": "Q2 2013",
      "income status": {
        "Net sales": 228577,
        "Cost of goods sold": 195143,
        "Gross Profit": 33434,
        "Financial expenses": 4288,
        "Of which: Interest expense": 3812,
        "Cost of sales": 10962,
        "Enterprise cost management": 3861,
        "Total Operating Expenses": 19111,
        "Total revenue financing activities": 783,
        "Net profit from business activities": 15106,
        "Profit": 148,
        "Profit before tax": 15254,
        "Present corporate income tax expenses": 2299,
        "Deferred income taxes expenses": -3506,
        "The interests of minority shareholders": "N/A",
        "Total Cost of profits": -1207,
        "Profit after tax corporate income": 16461,
        "Volume": 8894690,
        "Close of Quarter": 20.7,
        "EPS": 4703.6,
        "Non-adjusted EPS": 6773,
        "PE": 3.1,
        "Book Price": 17.4
      }
    },
    {
      "quarter": "Q1 2013",
      "income status": {
        "Net sales": 209980,
        "Cost of goods sold": 174798,
        "Gross Profit": 35182,
        "Financial expenses": 3461,
        "Of which: Interest expense": 3146,
        "Cost of sales": 10835,
        "Enterprise cost management": 3793,
        "Total Operating Expenses": 18089,
        "Total revenue financing activities": 282,
        "Net profit from business activities": 17375,
        "Profit": 162,
        "Profit before tax": 17537,
        "Present corporate income tax expenses": 1361,
        "Deferred income taxes expenses": "N/A",
        "The interests of minority shareholders": "N/A",
        "Total Cost of profits": 1361,
        "Profit after tax corporate income": 16176,
        "Volume": 8894690,
        "Close of Quarter": 18.6,
        "EPS": 4761.2,
        "Non-adjusted EPS": 6856,
        "PE": 2.7,
        "Book Price": 16.2
      }
    },
    {
      "quarter": "Q4 2012",
      "income status": {
        "Net sales": 247825,
        "Cost of goods sold": 214743,
        "Gross Profit": 33083,
        "Financial expenses": 3839,
        "Of which: Interest expense": 3819,
        "Cost of sales": 12021,
        "Enterprise cost management": 5163,
        "Total Operating Expenses": 21023,
        "Total revenue financing activities": 1330,
        "Net profit from business activities": 13388,
        "Profit": 408,
        "Profit before tax": 13796,
        "Present corporate income tax expenses": 815,
        "Deferred income taxes expenses": "N/A",
        "The interests of minority shareholders": "N/A",
        "Total Cost of profits": 815,
        "Profit after tax corporate income": 12981,
        "Volume": 8894690,
        "Close of Quarter": 14.1,
        "EPS": 4726.5,
        "Non-adjusted EPS": 6806,
        "PE": 2.1,
        "Book Price": 15
      }
    },
    {
      "quarter": "Q3 2012",
      "income status": {
        "Net sales": 221615,
        "Cost of goods sold": 191785,
        "Gross Profit": 29830,
        "Financial expenses": 1105,
        "Of which: Interest expense": 1036,
        "Cost of sales": 9240,
        "Enterprise cost management": 4904,
        "Total Operating Expenses": 15249,
        "Total revenue financing activities": 1173,
        "Net profit from business activities": 15754,
        "Profit": 93,
        "Profit before tax": 15846,
        "Present corporate income tax expenses": 1224,
        "Deferred income taxes expenses": "N/A",
        "The interests of minority shareholders": "N/A",
        "Total Cost of profits": 1224,
        "Profit after tax corporate income": 14622,
        "Volume": 8894690,
        "Close of Quarter": 11.9,
        "EPS": 4860.5,
        "Non-adjusted EPS": 6999,
        "PE": 1.7,
        "Book Price": 15.4
      }
    },
    {
      "quarter": "Q2 2012",
      "income status": {
        "Net sales": 206147,
        "Cost of goods sold": 175048,
        "Gross Profit": 31099,
        "Financial expenses": 1485,
        "Of which: Interest expense": 1275,
        "Cost of sales": 9804,
        "Enterprise cost management": 3773,
        "Total Operating Expenses": 15062,
        "Total revenue financing activities": 2518,
        "Net profit from business activities": 18553,
        "Profit": 200,
        "Profit before tax": 18753,
        "Present corporate income tax expenses": 1551,
        "Deferred income taxes expenses": "N/A",
        "The interests of minority shareholders": "N/A",
        "Total Cost of profits": 1551,
        "Profit after tax corporate income": 17203,
        "Volume": 8894690,
        "Close of Quarter": 11.9,
        "EPS": 4852.2,
        "Non-adjusted EPS": 6987,
        "PE": 1.7,
        "Book Price": 15
      }
    },
    {
      "quarter": "Q1 2012",
      "income status": {
        "Net sales": 176162,
        "Cost of goods sold": 146903,
        "Gross Profit": 29259,
        "Financial expenses": 2514,
        "Of which: Interest expense": 2223,
        "Cost of sales": 7576,
        "Enterprise cost management": 4143,
        "Total Operating Expenses": 14233,
        "Total revenue financing activities": 1854,
        "Net profit from business activities": 16879,
        "Profit": 191,
        "Profit before tax": 17070,
        "Present corporate income tax expenses": 1336,
        "Deferred income taxes expenses": "N/A",
        "The interests of minority shareholders": "N/A",
        "Total Cost of profits": 1336,
        "Profit after tax corporate income": 15734,
        "Volume": 8894690,
        "Close of Quarter": 9.8,
        "EPS": 4544.5,
        "Non-adjusted EPS": 6544,
        "PE": 1.5,
        "Book Price": 13.7
      }
    },
    {
      "quarter": "Q4 2011",
      "income status": {
        "Net sales": 218856,
        "Cost of goods sold": 188178,
        "Gross Profit": 30678,
        "Financial expenses": 2332,
        "Of which: Interest expense": 1935,
        "Cost of sales": 9065,
        "Enterprise cost management": 5730,
        "Total Operating Expenses": 17127,
        "Total revenue financing activities": 1604,
        "Net profit from business activities": 15155,
        "Profit": 1213,
        "Profit before tax": 58564,
        "Present corporate income tax expenses": 1676,
        "Deferred income taxes expenses": "N/A",
        "The interests of minority shareholders": "N/A",
        "Total Cost of profits": 1676,
        "Profit after tax corporate income": 14693,
        "Volume": 5813550,
        "Close of Quarter": 8.6,
        "EPS": 4185.4,
        "Non-adjusted EPS": 9221,
        "PE": 0.9,
        "Book Price": 12.4
      }
    },
    {
      "quarter": "Q3 2011",
      "income status": {
        "Net sales": 188009,
        "Cost of goods sold": 161023,
        "Gross Profit": 26986,
        "Financial expenses": 1927,
        "Of which: Interest expense": 1170,
        "Cost of sales": 7363,
        "Enterprise cost management": 3059,
        "Total Operating Expenses": 12349,
        "Total revenue financing activities": 776,
        "Net profit from business activities": 15414,
        "Profit": 313,
        "Profit before tax": 15727,
        "Present corporate income tax expenses": 1213,
        "Deferred income taxes expenses": "N/A",
        "The interests of minority shareholders": "N/A",
        "Total Cost of profits": 1213,
        "Profit after tax corporate income": 14514,
        "Volume": 5813550,
        "Close of Quarter": 7.1,
        "EPS": 3994.7,
        "Non-adjusted EPS": 8801,
        "PE": 0.8,
        "Book Price": 11.6
      }
    },
    {
      "quarter": "Q2 2011",
      "income status": {
        "Net sales": 156060,
        "Cost of goods sold": 125798,
        "Gross Profit": 30262,
        "Financial expenses": 8031,
        "Of which: Interest expense": 1883,
        "Cost of sales": 5898,
        "Enterprise cost management": 3098,
        "Total Operating Expenses": 17027,
        "Total revenue financing activities": 912,
        "Net profit from business activities": 14147,
        "Profit": 203,
        "Profit before tax": 14350,
        "Present corporate income tax expenses": 1085,
        "Deferred income taxes expenses": "N/A",
        "The interests of minority shareholders": "N/A",
        "Total Cost of profits": 1085,
        "Profit after tax corporate income": 13265,
        "Volume": 5813550,
        "Close of Quarter": 6.4,
        "EPS": 3638.4,
        "Non-adjusted EPS": 8016,
        "PE": 0.8,
        "Book Price": 10.4
      }
    },
    {
      "quarter": "Q1 2011",
      "income status": {
        "Net sales": 131962,
        "Cost of goods sold": 106517,
        "Gross Profit": 25444,
        "Financial expenses": 6157,
        "Of which: Interest expense": 2143,
        "Cost of sales": 4774,
        "Enterprise cost management": 3179,
        "Total Operating Expenses": 14110,
        "Total revenue financing activities": 632,
        "Net profit from business activities": 11965,
        "Profit": 80,
        "Profit before tax": 12045,
        "Present corporate income tax expenses": 913,
        "Deferred income taxes expenses": "N/A",
        "The interests of minority shareholders": "N/A",
        "Total Cost of profits": 913,
        "Profit after tax corporate income": 11132,
        "Volume": 3875700,
        "Close of Quarter": 7.3,
        "EPS": 3208.4,
        "Non-adjusted EPS": 10603,
        "PE": 0.7,
        "Book Price": 7.1
      }
    }
  ]
}