{
  "ticker": "ANV",
  "data": [
    {
      "quarter": "Q4 2016",
      "income status": {
        "Net sales": 756944,
        "Cost of goods sold": 668068,
        "Gross Profit": 88875,
        "Financial expenses": 27694,
        "Of which: Interest expense": 19059,
        "Cost of sales": 40522,
        "Enterprise cost management": 23540,
        "Total Operating Expenses": 91756,
        "Total revenue financing activities": 7526,
        "Net profit from business activities": 1897,
        "Profit": 1453,
        "Profit before tax": 3349,
        "Present corporate income tax expenses": 678,
        "Deferred income taxes expenses": -105,
        "The interests of minority shareholders": -92,
        "Total Cost of profits": 481,
        "Profit after tax corporate income": 2869,
        "Volume": 65605250,
        "Close of Quarter": 4.9,
        "EPS": 300,
        "Non-adjusted EPS": 300,
        "PE": 16.5,
        "Book Price": 20
      }
    },
    {
      "quarter": "Q3 2016",
      "income status": {
        "Net sales": 726401,
        "Cost of goods sold": 626172,
        "Gross Profit": 100229,
        "Financial expenses": 17748,
        "Of which: Interest expense": 17170,
        "Cost of sales": 32719,
        "Enterprise cost management": 29336,
        "Total Operating Expenses": 79803,
        "Total revenue financing activities": 4046,
        "Net profit from business activities": 138126,
        "Profit": -2017,
        "Profit before tax": 136110,
        "Present corporate income tax expenses": 13525,
        "Deferred income taxes expenses": "N/A",
        "The interests of minority shareholders": -1191,
        "Total Cost of profits": 12334,
        "Profit after tax corporate income": 123776,
        "Volume": 65605250,
        "Close of Quarter": 6.4,
        "EPS": -129,
        "Non-adjusted EPS": -129,
        "PE": -49.7,
        "Book Price": 19.9
      }
    },
    {
      "quarter": "Q2 2016",
      "income status": {
        "Net sales": 764850,
        "Cost of goods sold": 661515,
        "Gross Profit": 103335,
        "Financial expenses": 22170,
        "Of which: Interest expense": 20592,
        "Cost of sales": 36942,
        "Enterprise cost management": 67885,
        "Total Operating Expenses": 126997,
        "Total revenue financing activities": 21320,
        "Net profit from business activities": -116869,
        "Profit": -1062,
        "Profit before tax": -117931,
        "Present corporate income tax expenses": -1472,
        "Deferred income taxes expenses": 735,
        "The interests of minority shareholders": -4726,
        "Total Cost of profits": -5463,
        "Profit after tax corporate income": -112468,
        "Volume": 65605250,
        "Close of Quarter": 6.0,
        "EPS": -1871,
        "Non-adjusted EPS": -1871,
        "PE": -3.2,
        "Book Price": 18
      }
    },
    {
      "quarter": "Q1 2016",
      "income status": {
        "Net sales": 576332,
        "Cost of goods sold": 507372,
        "Gross Profit": 68960,
        "Financial expenses": 21582,
        "Of which: Interest expense": 19442,
        "Cost of sales": 25607,
        "Enterprise cost management": 13477,
        "Total Operating Expenses": 60666,
        "Total revenue financing activities": 7807,
        "Net profit from business activities": 16100,
        "Profit": -8790,
        "Profit before tax": 7310,
        "Present corporate income tax expenses": 1817,
        "Deferred income taxes expenses": "N/A",
        "The interests of minority shareholders": -1,
        "Total Cost of profits": 1816,
        "Profit after tax corporate income": 5494,
        "Volume": 65605250,
        "Close of Quarter": 6.9,
        "EPS": -67,
        "Non-adjusted EPS": -67,
        "PE": -103.6,
        "Book Price": 19.8
      }
    },
    {
      "quarter": "Q4 2015",
      "income status": {
        "Net sales": 686983,
        "Cost of goods sold": 572886,
        "Gross Profit": 114097,
        "Financial expenses": 29622,
        "Of which: Interest expense": 21944,
        "Cost of sales": 41588,
        "Enterprise cost management": 16606,
        "Total Operating Expenses": 87816,
        "Total revenue financing activities": 9708,
        "Net profit from business activities": -29731,
        "Profit": 1083,
        "Profit before tax": -28648,
        "Present corporate income tax expenses": -2943,
        "Deferred income taxes expenses": -420,
        "The interests of minority shareholders": 6,
        "Total Cost of profits": -3357,
        "Profit after tax corporate income": -25291,
        "Volume": 65605250,
        "Close of Quarter": 7.1,
        "EPS": 68,
        "Non-adjusted EPS": 68,
        "PE": 104.7,
        "Book Price": 19.8
      }
    },
    {
      "quarter": "Q3 2015",
      "income status": {
        "Net sales": 706358,
        "Cost of goods sold": 589613,
        "Gross Profit": 116745,
        "Financial expenses": 31251,
        "Of which: Interest expense": 21513,
        "Cost of sales": 45880,
        "Enterprise cost management": 20664,
        "Total Operating Expenses": 97795,
        "Total revenue financing activities": 9088,
        "Net profit from business activities": 23724,
        "Profit": -10478,
        "Profit before tax": 13245,
        "Present corporate income tax expenses": 3744,
        "Deferred income taxes expenses": "N/A",
        "The interests of minority shareholders": 5,
        "Total Cost of profits": 3749,
        "Profit after tax corporate income": 9496,
        "Volume": 65605250,
        "Close of Quarter": 7.4,
        "EPS": 692,
        "Non-adjusted EPS": 692,
        "PE": 10.7,
        "Book Price": 20.2
      }
    },
    {
      "quarter": "Q2 2015",
      "income status": {
        "Net sales": 556360,
        "Cost of goods sold": 470197,
        "Gross Profit": 86164,
        "Financial expenses": 35287,
        "Of which: Interest expense": 21650,
        "Cost of sales": 47276,
        "Enterprise cost management": 15901,
        "Total Operating Expenses": 98464,
        "Total revenue financing activities": 14817,
        "Net profit from business activities": 2517,
        "Profit": 5619,
        "Profit before tax": 8136,
        "Present corporate income tax expenses": 2159,
        "Deferred income taxes expenses": 15,
        "The interests of minority shareholders": 32,
        "Total Cost of profits": 2206,
        "Profit after tax corporate income": 5930,
        "Volume": 65605250,
        "Close of Quarter": 8.6,
        "EPS": 928,
        "Non-adjusted EPS": 928,
        "PE": 9.3,
        "Book Price": 20
      }
    },
    {
      "quarter": "Q1 2015",
      "income status": {
        "Net sales": 544775,
        "Cost of goods sold": 478015,
        "Gross Profit": 66759,
        "Financial expenses": 20019,
        "Of which: Interest expense": 15421,
        "Cost of sales": 25913,
        "Enterprise cost management": 14278,
        "Total Operating Expenses": 60210,
        "Total revenue financing activities": 8362,
        "Net profit from business activities": 14911,
        "Profit": 508,
        "Profit before tax": 15420,
        "Present corporate income tax expenses": 1100,
        "Deferred income taxes expenses": "N/A",
        "The interests of minority shareholders": 24,
        "Total Cost of profits": 1124,
        "Profit after tax corporate income": 14295,
        "Volume": 65605250,
        "Close of Quarter": 9.0,
        "EPS": 1032,
        "Non-adjusted EPS": 1032,
        "PE": 8.7,
        "Book Price": 20.8
      }
    },
    {
      "quarter": "Q4 2014",
      "income status": {
        "Net sales": 853136,
        "Cost of goods sold": 717494,
        "Gross Profit": 135642,
        "Financial expenses": 25022,
        "Of which: Interest expense": 18315,
        "Cost of sales": 68943,
        "Enterprise cost management": 36198,
        "Total Operating Expenses": 130163,
        "Total revenue financing activities": 8685,
        "Net profit from business activities": 14165,
        "Profit": 1680,
        "Profit before tax": 15845,
        "Present corporate income tax expenses": 245,
        "Deferred income taxes expenses": -59,
        "The interests of minority shareholders": 12,
        "Total Cost of profits": 198,
        "Profit after tax corporate income": 15647,
        "Volume": 65605250,
        "Close of Quarter": 8.0,
        "EPS": 926,
        "Non-adjusted EPS": 926,
        "PE": 8.7,
        "Book Price": 20.6
      }
    },
    {
      "quarter": "Q3 2014",
      "income status": {
        "Net sales": 713291,
        "Cost of goods sold": 601461,
        "Gross Profit": 111830,
        "Financial expenses": 16880,
        "Of which: Interest expense": 14558,
        "Cost of sales": 44837,
        "Enterprise cost management": 33371,
        "Total Operating Expenses": 95088,
        "Total revenue financing activities": 3046,
        "Net profit from business activities": 19788,
        "Profit": 5212,
        "Profit before tax": 25000,
        "Present corporate income tax expenses": "N/A",
        "Deferred income taxes expenses": "N/A",
        "The interests of minority shareholders": -1,
        "Total Cost of profits": -1,
        "Profit after tax corporate income": 25001,
        "Volume": 65605250,
        "Close of Quarter": 8.6,
        "EPS": 342,
        "Non-adjusted EPS": 342,
        "PE": 25.1,
        "Book Price": 20.4
      }
    },
    {
      "quarter": "Q2 2014",
      "income status": {
        "Net sales": 581037,
        "Cost of goods sold": 476332,
        "Gross Profit": 104705,
        "Financial expenses": 25325,
        "Of which: Interest expense": 16915,
        "Cost of sales": 41341,
        "Enterprise cost management": 32744,
        "Total Operating Expenses": 99410,
        "Total revenue financing activities": 5396,
        "Net profit from business activities": 10692,
        "Profit": 2138,
        "Profit before tax": 12830,
        "Present corporate income tax expenses": "N/A",
        "Deferred income taxes expenses": 80,
        "The interests of minority shareholders": -44,
        "Total Cost of profits": 36,
        "Profit after tax corporate income": 12794,
        "Volume": 65605250,
        "Close of Quarter": 7.9,
        "EPS": 325,
        "Non-adjusted EPS": 325,
        "PE": 24.2,
        "Book Price": 20
      }
    },
    {
      "quarter": "Q1 2014",
      "income status": {
        "Net sales": 622279,
        "Cost of goods sold": 553841,
        "Gross Profit": 68438,
        "Financial expenses": 16288,
        "Of which: Interest expense": 16064,
        "Cost of sales": 37355,
        "Enterprise cost management": 11422,
        "Total Operating Expenses": 65065,
        "Total revenue financing activities": 3258,
        "Net profit from business activities": 6630,
        "Profit": 674,
        "Profit before tax": 7304,
        "Present corporate income tax expenses": "N/A",
        "Deferred income taxes expenses": "N/A",
        "The interests of minority shareholders": -20,
        "Total Cost of profits": -20,
        "Profit after tax corporate income": 7324,
        "Volume": 65605250,
        "Close of Quarter": 9.1,
        "EPS": 160,
        "Non-adjusted EPS": 160,
        "PE": 56.8,
        "Book Price": 20.8
      }
    },
    {
      "quarter": "Q4 2013",
      "income status": {
        "Net sales": 668619,
        "Cost of goods sold": 584664,
        "Gross Profit": 83955,
        "Financial expenses": 22306,
        "Of which: Interest expense": 19412,
        "Cost of sales": 46581,
        "Enterprise cost management": 42671,
        "Total Operating Expenses": 111558,
        "Total revenue financing activities": 2516,
        "Net profit from business activities": -25087,
        "Profit": 1673,
        "Profit before tax": -23415,
        "Present corporate income tax expenses": 267,
        "Deferred income taxes expenses": -428,
        "The interests of minority shareholders": -564,
        "Total Cost of profits": -725,
        "Profit after tax corporate income": -22690,
        "Volume": 65605250,
        "Close of Quarter": 6.3,
        "EPS": 145,
        "Non-adjusted EPS": 145,
        "PE": 43.5,
        "Book Price": 20.7
      }
    },
    {
      "quarter": "Q3 2013",
      "income status": {
        "Net sales": 651937,
        "Cost of goods sold": 544974,
        "Gross Profit": 106962,
        "Financial expenses": 17528,
        "Of which: Interest expense": 15987,
        "Cost of sales": 49233,
        "Enterprise cost management": 22412,
        "Total Operating Expenses": 89173,
        "Total revenue financing activities": 5842,
        "Net profit from business activities": 23631,
        "Profit": 41,
        "Profit before tax": 23672,
        "Present corporate income tax expenses": 105,
        "Deferred income taxes expenses": "N/A",
        "The interests of minority shareholders": -339,
        "Total Cost of profits": -234,
        "Profit after tax corporate income": 23906,
        "Volume": 65605250,
        "Close of Quarter": 4.9,
        "EPS": 614,
        "Non-adjusted EPS": 614,
        "PE": 8.0,
        "Book Price": 21.2
      }
    },
    {
      "quarter": "Q2 2013",
      "income status": {
        "Net sales": 694712,
        "Cost of goods sold": 594664,
        "Gross Profit": 100049,
        "Financial expenses": 21208,
        "Of which: Interest expense": 18811,
        "Cost of sales": 68818,
        "Enterprise cost management": 17910,
        "Total Operating Expenses": 107936,
        "Total revenue financing activities": 10839,
        "Net profit from business activities": 2952,
        "Profit": 565,
        "Profit before tax": 3517,
        "Present corporate income tax expenses": 1609,
        "Deferred income taxes expenses": -240,
        "The interests of minority shareholders": 187,
        "Total Cost of profits": 1556,
        "Profit after tax corporate income": 1961,
        "Volume": 65605250,
        "Close of Quarter": 5.4,
        "EPS": 334,
        "Non-adjusted EPS": 334,
        "PE": 16.2,
        "Book Price": 20.8
      }
    },
    {
      "quarter": "Q1 2013",
      "income status": {
        "Net sales": 489382,
        "Cost of goods sold": 431324,
        "Gross Profit": 58058,
        "Financial expenses": 14314,
        "Of which: Interest expense": 14292,
        "Cost of sales": 34155,
        "Enterprise cost management": 9248,
        "Total Operating Expenses": 57717,
        "Total revenue financing activities": 6412,
        "Net profit from business activities": 6753,
        "Profit": -238,
        "Profit before tax": 6515,
        "Present corporate income tax expenses": "N/A",
        "Deferred income taxes expenses": "N/A",
        "The interests of minority shareholders": 161,
        "Total Cost of profits": 161,
        "Profit after tax corporate income": 6354,
        "Volume": 65605250,
        "Close of Quarter": 5.1,
        "EPS": 467,
        "Non-adjusted EPS": 467,
        "PE": 11.0,
        "Book Price": 21.7
      }
    },
    {
      "quarter": "Q4 2012",
      "income status": {
        "Net sales": 427608,
        "Cost of goods sold": 361074,
        "Gross Profit": 66535,
        "Financial expenses": 13412,
        "Of which: Interest expense": 12936,
        "Cost of sales": 46400,
        "Enterprise cost management": 12007,
        "Total Operating Expenses": 71819,
        "Total revenue financing activities": 9197,
        "Net profit from business activities": 3913,
        "Profit": 4327,
        "Profit before tax": 8240,
        "Present corporate income tax expenses": 57,
        "Deferred income taxes expenses": 11,
        "The interests of minority shareholders": 133,
        "Total Cost of profits": 201,
        "Profit after tax corporate income": 8039,
        "Volume": 65605250,
        "Close of Quarter": 6.4,
        "EPS": 523,
        "Non-adjusted EPS": 523,
        "PE": 12.2,
        "Book Price": 21.7
      }
    },
    {
      "quarter": "Q3 2012",
      "income status": {
        "Net sales": 385301,
        "Cost of goods sold": 342917,
        "Gross Profit": 42384,
        "Financial expenses": 13041,
        "Of which: Interest expense": 12765,
        "Cost of sales": 19761,
        "Enterprise cost management": 9963,
        "Total Operating Expenses": 42765,
        "Total revenue financing activities": 1568,
        "Net profit from business activities": 1188,
        "Profit": -74,
        "Profit before tax": 1114,
        "Present corporate income tax expenses": 75,
        "Deferred income taxes expenses": "N/A",
        "The interests of minority shareholders": -4493,
        "Total Cost of profits": -4418,
        "Profit after tax corporate income": 5533,
        "Volume": 65605250,
        "Close of Quarter": 4.3,
        "EPS": 959,
        "Non-adjusted EPS": 959,
        "PE": 4.5,
        "Book Price": 21.6
      }
    },
    {
      "quarter": "Q2 2012",
      "income status": {
        "Net sales": 590805,
        "Cost of goods sold": 512994,
        "Gross Profit": 77811,
        "Financial expenses": 21892,
        "Of which: Interest expense": 22495,
        "Cost of sales": 34493,
        "Enterprise cost management": 14920,
        "Total Operating Expenses": 71305,
        "Total revenue financing activities": 5111,
        "Net profit from business activities": 11617,
        "Profit": -2835,
        "Profit before tax": 8782,
        "Present corporate income tax expenses": 124,
        "Deferred income taxes expenses": "N/A",
        "The interests of minority shareholders": -2082,
        "Total Cost of profits": -1958,
        "Profit after tax corporate income": 10740,
        "Volume": 65605250,
        "Close of Quarter": 5.5,
        "EPS": 1215,
        "Non-adjusted EPS": 1215,
        "PE": 4.5,
        "Book Price": 21.5
      }
    },
    {
      "quarter": "Q1 2012",
      "income status": {
        "Net sales": 324790,
        "Cost of goods sold": 284974,
        "Gross Profit": 39817,
        "Financial expenses": 16206,
        "Of which: Interest expense": 15742,
        "Cost of sales": 17005,
        "Enterprise cost management": 7076,
        "Total Operating Expenses": 40287,
        "Total revenue financing activities": 5738,
        "Net profit from business activities": 5267,
        "Profit": 1998,
        "Profit before tax": 7265,
        "Present corporate income tax expenses": "N/A",
        "Deferred income taxes expenses": "N/A",
        "The interests of minority shareholders": -2739,
        "Total Cost of profits": -2739,
        "Profit after tax corporate income": 10004,
        "Volume": 65605250,
        "Close of Quarter": 5.6,
        "EPS": 1216,
        "Non-adjusted EPS": 1216,
        "PE": 4.6,
        "Book Price": 22.1
      }
    },
    {
      "quarter": "Q4 2011",
      "income status": {
        "Net sales": 550810,
        "Cost of goods sold": 472693,
        "Gross Profit": 78117,
        "Financial expenses": 19742,
        "Of which: Interest expense": 15288,
        "Cost of sales": 32195,
        "Enterprise cost management": 27369,
        "Total Operating Expenses": 79306,
        "Total revenue financing activities": 31513,
        "Net profit from business activities": 30325,
        "Profit": -2790,
        "Profit before tax": 27535,
        "Present corporate income tax expenses": "N/A",
        "Deferred income taxes expenses": "N/A",
        "The interests of minority shareholders": -9110,
        "Total Cost of profits": -9110,
        "Profit after tax corporate income": 36645,
        "Volume": 65605250,
        "Close of Quarter": 4.4,
        "EPS": 1069,
        "Non-adjusted EPS": 1069,
        "PE": 4.1,
        "Book Price": 22.2
      }
    },
    {
      "quarter": "Q3 2011",
      "income status": {
        "Net sales": 484050,
        "Cost of goods sold": 442627,
        "Gross Profit": 41424,
        "Financial expenses": 12108,
        "Of which: Interest expense": 11607,
        "Cost of sales": 22222,
        "Enterprise cost management": 8340,
        "Total Operating Expenses": 42670,
        "Total revenue financing activities": 13366,
        "Net profit from business activities": 12120,
        "Profit": 853,
        "Profit before tax": 12972,
        "Present corporate income tax expenses": "N/A",
        "Deferred income taxes expenses": "N/A",
        "The interests of minority shareholders": -9380,
        "Total Cost of profits": -9380,
        "Profit after tax corporate income": 22352,
        "Volume": 65605250,
        "Close of Quarter": 6.0,
        "EPS": 779,
        "Non-adjusted EPS": 779,
        "PE": 7.7,
        "Book Price": 21.7
      }
    },
    {
      "quarter": "Q2 2011",
      "income status": {
        "Net sales": 469940,
        "Cost of goods sold": 424458,
        "Gross Profit": 45482,
        "Financial expenses": 21291,
        "Of which: Interest expense": 10470,
        "Cost of sales": 24649,
        "Enterprise cost management": 8621,
        "Total Operating Expenses": 54561,
        "Total revenue financing activities": 22426,
        "Net profit from business activities": 13347,
        "Profit": -2578,
        "Profit before tax": 10768,
        "Present corporate income tax expenses": "N/A",
        "Deferred income taxes expenses": "N/A",
        "The interests of minority shareholders": "N/A",
        "Total Cost of profits": 0,
        "Profit after tax corporate income": 10768,
        "Volume": 65605250,
        "Close of Quarter": 4.9,
        "EPS": 620,
        "Non-adjusted EPS": 620,
        "PE": 7.9,
        "Book Price": 21.3
      }
    },
    {
      "quarter": "Q1 2011",
      "income status": {
        "Net sales": 250555,
        "Cost of goods sold": 234053,
        "Gross Profit": 16502,
        "Financial expenses": 13652,
        "Of which: Interest expense": 11419,
        "Cost of sales": 15164,
        "Enterprise cost management": 8893,
        "Total Operating Expenses": 37709,
        "Total revenue financing activities": 27267,
        "Net profit from business activities": 6060,
        "Profit": -5681,
        "Profit before tax": 379,
        "Present corporate income tax expenses": "N/A",
        "Deferred income taxes expenses": "N/A",
        "The interests of minority shareholders": "N/A",
        "Total Cost of profits": 0,
        "Profit after tax corporate income": 379,
        "Volume": 65605250,
        "Close of Quarter": 6.7,
        "EPS": 890,
        "Non-adjusted EPS": 890,
        "PE": 7.6,
        "Book Price": 21.9
      }
    }
  ]
}