{
  "ticker": "CIG",
  "data": [
    {
      "quarter": "Q4 2016",
      "income status": {
        "Net sales": 8859,
        "Cost of goods sold": 5525,
        "Gross Profit": 3334,
        "Financial expenses": 112,
        "Of which: Interest expense": 112,
        "Cost of sales": 69,
        "Enterprise cost management": 1635,
        "Total Operating Expenses": 1816,
        "Total revenue financing activities": 46,
        "Net profit from business activities": 1564,
        "Profit": 576,
        "Profit before tax": 2141,
        "Present corporate income tax expenses": "N/A",
        "Deferred income taxes expenses": "N/A",
        "The interests of minority shareholders": "N/A",
        "Total Cost of profits": 0,
        "Profit after tax corporate income": 2141,
        "Volume": 13439947,
        "Close of Quarter": 3,
        "EPS": 212,
        "Non-adjusted EPS": 212,
        "PE": 14.2,
        "Book Price": 15.4
      }
    },
    {
      "quarter": "Q3 2016",
      "income status": {
        "Net sales": 11096,
        "Cost of goods sold": 9415,
        "Gross Profit": 1681,
        "Financial expenses": "N/A",
        "Of which: Interest expense": "N/A",
        "Cost of sales": 74,
        "Enterprise cost management": 1635,
        "Total Operating Expenses": 1709,
        "Total revenue financing activities": 18,
        "Net profit from business activities": -11,
        "Profit": 84,
        "Profit before tax": 73,
        "Present corporate income tax expenses": "N/A",
        "Deferred income taxes expenses": "N/A",
        "The interests of minority shareholders": "N/A",
        "Total Cost of profits": 0,
        "Profit after tax corporate income": 73,
        "Volume": 13439947,
        "Close of Quarter": 3.1,
        "EPS": 19,
        "Non-adjusted EPS": 19,
        "PE": 162.1,
        "Book Price": 1.7
      }
    },
    {
      "quarter": "Q2 2016",
      "income status": {
        "Net sales": 14474,
        "Cost of goods sold": 6523,
        "Gross Profit": 7951,
        "Financial expenses": 72,
        "Of which: Interest expense": 72,
        "Cost of sales": 376,
        "Enterprise cost management": 4523,
        "Total Operating Expenses": 4971,
        "Total revenue financing activities": 53,
        "Net profit from business activities": 3032,
        "Profit": -399,
        "Profit before tax": 2633,
        "Present corporate income tax expenses": "N/A",
        "Deferred income taxes expenses": "N/A",
        "The interests of minority shareholders": "N/A",
        "Total Cost of profits": 0,
        "Profit after tax corporate income": 2633,
        "Volume": 13439947,
        "Close of Quarter": 3.3,
        "EPS": -1358,
        "Non-adjusted EPS": -1358,
        "PE": -2.4,
        "Book Price": 1.7
      }
    },
    {
      "quarter": "Q1 2016",
      "income status": {
        "Net sales": 12549,
        "Cost of goods sold": 9183,
        "Gross Profit": 3366,
        "Financial expenses": 88,
        "Of which: Interest expense": 88,
        "Cost of sales": 1243,
        "Enterprise cost management": 4162,
        "Total Operating Expenses": 5493,
        "Total revenue financing activities": 468,
        "Net profit from business activities": -1659,
        "Profit": -344,
        "Profit before tax": -2003,
        "Present corporate income tax expenses": "N/A",
        "Deferred income taxes expenses": "N/A",
        "The interests of minority shareholders": "N/A",
        "Total Cost of profits": 0,
        "Profit after tax corporate income": -2003,
        "Volume": 13439947,
        "Close of Quarter": 1.9,
        "EPS": -1660,
        "Non-adjusted EPS": -1660,
        "PE": -1.1,
        "Book Price": 1.7
      }
    },
    {
      "quarter": "Q4 2015",
      "income status": {
        "Net sales": 22459,
        "Cost of goods sold": 19693,
        "Gross Profit": 2765,
        "Financial expenses": 798,
        "Of which: Interest expense": 798,
        "Cost of sales": 548,
        "Enterprise cost management": 2049,
        "Total Operating Expenses": 3395,
        "Total revenue financing activities": 61,
        "Net profit from business activities": -569,
        "Profit": 128,
        "Profit before tax": -441,
        "Present corporate income tax expenses": "N/A",
        "Deferred income taxes expenses": "N/A",
        "The interests of minority shareholders": "N/A",
        "Total Cost of profits": 0,
        "Profit after tax corporate income": -441,
        "Volume": 13439947,
        "Close of Quarter": 2.1,
        "EPS": -1726,
        "Non-adjusted EPS": -1726,
        "PE": -1.2,
        "Book Price": 1.8
      }
    },
    {
      "quarter": "Q3 2015",
      "income status": {
        "Net sales": 20963,
        "Cost of goods sold": 31739,
        "Gross Profit": -10776,
        "Financial expenses": 70,
        "Of which: Interest expense": 70,
        "Cost of sales": 1050,
        "Enterprise cost management": 6842,
        "Total Operating Expenses": 7962,
        "Total revenue financing activities": 47,
        "Net profit from business activities": -18689,
        "Profit": 251,
        "Profit before tax": -18439,
        "Present corporate income tax expenses": "N/A",
        "Deferred income taxes expenses": "N/A",
        "The interests of minority shareholders": "N/A",
        "Total Cost of profits": 0,
        "Profit after tax corporate income": -18439,
        "Volume": 13439947,
        "Close of Quarter": 2,
        "EPS": -4592,
        "Non-adjusted EPS": -4592,
        "PE": -0.4,
        "Book Price": 2.8
      }
    },
    {
      "quarter": "Q2 2015",
      "income status": {
        "Net sales": 34918,
        "Cost of goods sold": 30904,
        "Gross Profit": 4013,
        "Financial expenses": 49,
        "Of which: Interest expense": 49,
        "Cost of sales": 948,
        "Enterprise cost management": 4317,
        "Total Operating Expenses": 5314,
        "Total revenue financing activities": 46,
        "Net profit from business activities": -1256,
        "Profit": -166,
        "Profit before tax": -1422,
        "Present corporate income tax expenses": "N/A",
        "Deferred income taxes expenses": "N/A",
        "The interests of minority shareholders": "N/A",
        "Total Cost of profits": 0,
        "Profit after tax corporate income": -1422,
        "Volume": 13439947,
        "Close of Quarter": 1.9,
        "EPS": -3488,
        "Non-adjusted EPS": -3488,
        "PE": -0.5,
        "Book Price": 3.8
      }
    },
    {
      "quarter": "Q1 2015",
      "income status": {
        "Net sales": 16972,
        "Cost of goods sold": 15291,
        "Gross Profit": 1681,
        "Financial expenses": 28,
        "Of which: Interest expense": 28,
        "Cost of sales": 616,
        "Enterprise cost management": 4141,
        "Total Operating Expenses": 4785,
        "Total revenue financing activities": 15,
        "Net profit from business activities": -3089,
        "Profit": 188,
        "Profit before tax": -2901,
        "Present corporate income tax expenses": "N/A",
        "Deferred income taxes expenses": "N/A",
        "The interests of minority shareholders": "N/A",
        "Total Cost of profits": 0,
        "Profit after tax corporate income": -2901,
        "Volume": 13439947,
        "Close of Quarter": 2.3,
        "EPS": -4592,
        "Non-adjusted EPS": -4592,
        "PE": -0.5,
        "Book Price": 3.9
      }
    },
    {
      "quarter": "Q4 2014",
      "income status": {
        "Net sales": 37258,
        "Cost of goods sold": 72897,
        "Gross Profit": -35639,
        "Financial expenses": 56,
        "Of which: Interest expense": 56,
        "Cost of sales": 5701,
        "Enterprise cost management": -2245,
        "Total Operating Expenses": 3512,
        "Total revenue financing activities": 7,
        "Net profit from business activities": -39143,
        "Profit": 190,
        "Profit before tax": -38953,
        "Present corporate income tax expenses": "N/A",
        "Deferred income taxes expenses": "N/A",
        "The interests of minority shareholders": "N/A",
        "Total Cost of profits": 0,
        "Profit after tax corporate income": -38953,
        "Volume": 13439947,
        "Close of Quarter": 2.9,
        "EPS": -4545,
        "Non-adjusted EPS": -4545,
        "PE": -0.6,
        "Book Price": 4.1
      }
    },
    {
      "quarter": "Q3 2014",
      "income status": {
        "Net sales": 35968,
        "Cost of goods sold": 34939,
        "Gross Profit": 1029,
        "Financial expenses": 70,
        "Of which: Interest expense": 70,
        "Cost of sales": 332,
        "Enterprise cost management": 4517,
        "Total Operating Expenses": 4919,
        "Total revenue financing activities": 74,
        "Net profit from business activities": -3816,
        "Profit": 206,
        "Profit before tax": -3609,
        "Present corporate income tax expenses": "N/A",
        "Deferred income taxes expenses": "N/A",
        "The interests of minority shareholders": "N/A",
        "Total Cost of profits": 0,
        "Profit after tax corporate income": -3609,
        "Volume": 13439947,
        "Close of Quarter": 3.4,
        "EPS": -1064,
        "Non-adjusted EPS": -1064,
        "PE": -3.2,
        "Book Price": 7.5
      }
    },
    {
      "quarter": "Q2 2014",
      "income status": {
        "Net sales": 95886,
        "Cost of goods sold": 109272,
        "Gross Profit": -13386,
        "Financial expenses": 57,
        "Of which: Interest expense": 57,
        "Cost of sales": -513,
        "Enterprise cost management": 4327,
        "Total Operating Expenses": 3871,
        "Total revenue financing activities": 38,
        "Net profit from business activities": -17218,
        "Profit": 967,
        "Profit before tax": -16251,
        "Present corporate income tax expenses": "N/A",
        "Deferred income taxes expenses": "N/A",
        "The interests of minority shareholders": "N/A",
        "Total Cost of profits": 0,
        "Profit after tax corporate income": -16251,
        "Volume": 13439947,
        "Close of Quarter": 3.5,
        "EPS": -886,
        "Non-adjusted EPS": -886,
        "PE": -4.0,
        "Book Price": 7.9
      }
    },
    {
      "quarter": "Q1 2014",
      "income status": {
        "Net sales": 8318,
        "Cost of goods sold": 6669,
        "Gross Profit": 1649,
        "Financial expenses": 132,
        "Of which: Interest expense": 132,
        "Cost of sales": 638,
        "Enterprise cost management": 3319,
        "Total Operating Expenses": 4089,
        "Total revenue financing activities": 54,
        "Net profit from business activities": -2386,
        "Profit": 120,
        "Profit before tax": -2266,
        "Present corporate income tax expenses": "N/A",
        "Deferred income taxes expenses": "N/A",
        "The interests of minority shareholders": "N/A",
        "Total Cost of profits": 0,
        "Profit after tax corporate income": -2266,
        "Volume": 13439947,
        "Close of Quarter": 5.6,
        "EPS": 202,
        "Non-adjusted EPS": 202,
        "PE": 27.7,
        "Book Price": 9
      }
    },
    {
      "quarter": "Q4 2013",
      "income status": {
        "Net sales": 124283,
        "Cost of goods sold": 109620,
        "Gross Profit": 14663,
        "Financial expenses": 1991,
        "Of which: Interest expense": 1991,
        "Cost of sales": 552,
        "Enterprise cost management": -111,
        "Total Operating Expenses": 2432,
        "Total revenue financing activities": 34,
        "Net profit from business activities": 12265,
        "Profit": -4437,
        "Profit before tax": 7828,
        "Present corporate income tax expenses": "N/A",
        "Deferred income taxes expenses": "N/A",
        "The interests of minority shareholders": "N/A",
        "Total Cost of profits": 0,
        "Profit after tax corporate income": 7828,
        "Volume": 13439947,
        "Close of Quarter": 3.1,
        "EPS": 158,
        "Non-adjusted EPS": 158,
        "PE": 19.6,
        "Book Price": 9.2
      }
    },
    {
      "quarter": "Q3 2013",
      "income status": {
        "Net sales": 12595,
        "Cost of goods sold": 10506,
        "Gross Profit": 2089,
        "Financial expenses": 162,
        "Of which: Interest expense": 162,
        "Cost of sales": 414,
        "Enterprise cost management": 3217,
        "Total Operating Expenses": 3793,
        "Total revenue financing activities": 47,
        "Net profit from business activities": -1656,
        "Profit": 37,
        "Profit before tax": -1619,
        "Present corporate income tax expenses": "N/A",
        "Deferred income taxes expenses": -405,
        "The interests of minority shareholders": "N/A",
        "Total Cost of profits": -405,
        "Profit after tax corporate income": -1214,
        "Volume": 13439947,
        "Close of Quarter": 2,
        "EPS": -821,
        "Non-adjusted EPS": -821,
        "PE": -2.4,
        "Book Price": 8.4
      }
    },
    {
      "quarter": "Q2 2013",
      "income status": {
        "Net sales": 3185,
        "Cost of goods sold": 1434,
        "Gross Profit": 1751,
        "Financial expenses": 215,
        "Of which: Interest expense": 215,
        "Cost of sales": 248,
        "Enterprise cost management": 3054,
        "Total Operating Expenses": 3517,
        "Total revenue financing activities": 151,
        "Net profit from business activities": -1614,
        "Profit": -23,
        "Profit before tax": -1637,
        "Present corporate income tax expenses": "N/A",
        "Deferred income taxes expenses": "N/A",
        "The interests of minority shareholders": "N/A",
        "Total Cost of profits": 0,
        "Profit after tax corporate income": -1637,
        "Volume": 13439947,
        "Close of Quarter": 2.4,
        "EPS": -854,
        "Non-adjusted EPS": -854,
        "PE": -2.8,
        "Book Price": 10
      }
    },
    {
      "quarter": "Q1 2013",
      "income status": {
        "Net sales": 6026,
        "Cost of goods sold": 2553,
        "Gross Profit": 3473,
        "Financial expenses": 291,
        "Of which: Interest expense": 291,
        "Cost of sales": 2313,
        "Enterprise cost management": 3795,
        "Total Operating Expenses": 6399,
        "Total revenue financing activities": 8,
        "Net profit from business activities": -2918,
        "Profit": 67,
        "Profit before tax": -2851,
        "Present corporate income tax expenses": "N/A",
        "Deferred income taxes expenses": "N/A",
        "The interests of minority shareholders": "N/A",
        "Total Cost of profits": 0,
        "Profit after tax corporate income": -2851,
        "Volume": 13439947,
        "Close of Quarter": 2.6,
        "EPS": -1014,
        "Non-adjusted EPS": -1014,
        "PE": -2.6,
        "Book Price": 9.9
      }
    },
    {
      "quarter": "Q4 2012",
      "income status": {
        "Net sales": 324,
        "Cost of goods sold": -2860,
        "Gross Profit": 3184,
        "Financial expenses": 2238,
        "Of which: Interest expense": 2238,
        "Cost of sales": 4079,
        "Enterprise cost management": 2495,
        "Total Operating Expenses": 8812,
        "Total revenue financing activities": 91,
        "Net profit from business activities": -5537,
        "Profit": 201,
        "Profit before tax": -5336,
        "Present corporate income tax expenses": "N/A",
        "Deferred income taxes expenses": "N/A",
        "The interests of minority shareholders": "N/A",
        "Total Cost of profits": 0,
        "Profit after tax corporate income": -5336,
        "Volume": 13439947,
        "Close of Quarter": 2.7,
        "EPS": -789,
        "Non-adjusted EPS": -789,
        "PE": -3.4,
        "Book Price": 10.1
      }
    },
    {
      "quarter": "Q3 2012",
      "income status": {
        "Net sales": 13825,
        "Cost of goods sold": 10743,
        "Gross Profit": 3082,
        "Financial expenses": 639,
        "Of which: Interest expense": 639,
        "Cost of sales": 1372,
        "Enterprise cost management": 3046,
        "Total Operating Expenses": 5057,
        "Total revenue financing activities": 7,
        "Net profit from business activities": -1968,
        "Profit": 319,
        "Profit before tax": -1649,
        "Present corporate income tax expenses": "N/A",
        "Deferred income taxes expenses": "N/A",
        "The interests of minority shareholders": "N/A",
        "Total Cost of profits": 0,
        "Profit after tax corporate income": -1649,
        "Volume": 13439947,
        "Close of Quarter": 3.2,
        "EPS": -684,
        "Non-adjusted EPS": -684,
        "PE": -4.7,
        "Book Price": 10.5
      }
    },
    {
      "quarter": "Q2 2012",
      "income status": {
        "Net sales": 14730,
        "Cost of goods sold": 17105,
        "Gross Profit": -2375,
        "Financial expenses": 785,
        "Of which: Interest expense": 785,
        "Cost of sales": 216,
        "Enterprise cost management": 1751,
        "Total Operating Expenses": 2752,
        "Total revenue financing activities": 2,
        "Net profit from business activities": -5124,
        "Profit": 74,
        "Profit before tax": -5050,
        "Present corporate income tax expenses": -56,
        "Deferred income taxes expenses": -1207,
        "The interests of minority shareholders": "N/A",
        "Total Cost of profits": -1263,
        "Profit after tax corporate income": -3788,
        "Volume": 13439947,
        "Close of Quarter": 3.7,
        "EPS": -531,
        "Non-adjusted EPS": -531,
        "PE": -7.0,
        "Book Price": 10.7
      }
    },
    {
      "quarter": "Q1 2012",
      "income status": {
        "Net sales": 14377,
        "Cost of goods sold": 11670,
        "Gross Profit": 2706,
        "Financial expenses": 931,
        "Of which: Interest expense": 931,
        "Cost of sales": 218,
        "Enterprise cost management": 4271,
        "Total Operating Expenses": 5420,
        "Total revenue financing activities": 170,
        "Net profit from business activities": -2544,
        "Profit": 2768,
        "Profit before tax": 224,
        "Present corporate income tax expenses": 56,
        "Deferred income taxes expenses": "N/A",
        "The interests of minority shareholders": "N/A",
        "Total Cost of profits": 56,
        "Profit after tax corporate income": 168,
        "Volume": 13439947,
        "Close of Quarter": 4.3,
        "EPS": -189,
        "Non-adjusted EPS": -189,
        "PE": -22.8,
        "Book Price": 11
      }
    },
    {
      "quarter": "Q4 2011",
      "income status": {
        "Net sales": 17960,
        "Cost of goods sold": 18487,
        "Gross Profit": -527,
        "Financial expenses": 1259,
        "Of which: Interest expense": 1259,
        "Cost of sales": 477,
        "Enterprise cost management": 552,
        "Total Operating Expenses": 2288,
        "Total revenue financing activities": 162,
        "Net profit from business activities": -2653,
        "Profit": -1271,
        "Profit before tax": -3925,
        "Present corporate income tax expenses": "N/A",
        "Deferred income taxes expenses": "N/A",
        "The interests of minority shareholders": "N/A",
        "Total Cost of profits": 0,
        "Profit after tax corporate income": -3925,
        "Volume": 12000000,
        "Close of Quarter": 4.5,
        "EPS": -8.0,
        "Non-adjusted EPS": -9,
        "PE": -500,
        "Book Price": 11.0
      }
    },
    {
      "quarter": "Q3 2011",
      "income status": {
        "Net sales": 17933,
        "Cost of goods sold": 12124,
        "Gross Profit": 5809,
        "Financial expenses": 1508,
        "Of which: Interest expense": 1508,
        "Cost of sales": 562,
        "Enterprise cost management": 1698,
        "Total Operating Expenses": 3768,
        "Total revenue financing activities": 413,
        "Net profit from business activities": 2453,
        "Profit": -1906,
        "Profit before tax": 547,
        "Present corporate income tax expenses": 136,
        "Deferred income taxes expenses": "N/A",
        "The interests of minority shareholders": "N/A",
        "Total Cost of profits": 136,
        "Profit after tax corporate income": 411,
        "Volume": 12000000,
        "Close of Quarter": 5.5,
        "EPS": 1434.8,
        "Non-adjusted EPS": 1607,
        "PE": 3.4,
        "Book Price": 11.3
      }
    },
    {
      "quarter": "Q2 2011",
      "income status": {
        "Net sales": 16858,
        "Cost of goods sold": 14819,
        "Gross Profit": 2039,
        "Financial expenses": 1282,
        "Of which: Interest expense": 1282,
        "Cost of sales": 285,
        "Enterprise cost management": 1073,
        "Total Operating Expenses": 2640,
        "Total revenue financing activities": 278,
        "Net profit from business activities": -322,
        "Profit": 1393,
        "Profit before tax": 1071,
        "Present corporate income tax expenses": 271,
        "Deferred income taxes expenses": "N/A",
        "The interests of minority shareholders": "N/A",
        "Total Cost of profits": 271,
        "Profit after tax corporate income": 800,
        "Volume": 12000000,
        "Close of Quarter": "N/A",
        "EPS": 1558.0,
        "Non-adjusted EPS": 1745,
        "PE": "N/A",
        "Book Price": 11.3
      }
    },
    {
      "quarter": "Q1 2011",
      "income status": {
        "Net sales": 25923,
        "Cost of goods sold": 17062,
        "Gross Profit": 8861,
        "Financial expenses": 515,
        "Of which: Interest expense": 515,
        "Cost of sales": 261,
        "Enterprise cost management": 4872,
        "Total Operating Expenses": 5648,
        "Total revenue financing activities": 382,
        "Net profit from business activities": 3595,
        "Profit": -125,
        "Profit before tax": 3470,
        "Present corporate income tax expenses": 864,
        "Deferred income taxes expenses": "N/A",
        "The interests of minority shareholders": "N/A",
        "Total Cost of profits": 864,
        "Profit after tax corporate income": 2606,
        "Volume": 12000000,
        "Close of Quarter": "N/A",
        "EPS": 1390.2,
        "Non-adjusted EPS": 1557,
        "PE": "N/A",
        "Book Price": 11.3
      }
    }
  ]
}