{
  "ticker": "VC6",
  "data": [
    {
      "quarter": "Q4 2016",
      "income status": {
        "Net sales": 245069,
        "Cost of goods sold": 237032,
        "Gross Profit": 8037,
        "Financial expenses": 3095,
        "Of which: Interest expense": 3095,
        "Cost of sales": "N/A",
        "Enterprise cost management": 5451,
        "Total Operating Expenses": 8546,
        "Total revenue financing activities": 1526,
        "Net profit from business activities": 1016,
        "Profit": 2040,
        "Profit before tax": 3056,
        "Present corporate income tax expenses": 43,
        "Deferred income taxes expenses": "N/A",
        "The interests of minority shareholders": "N/A",
        "Total Cost of profits": 43,
        "Profit after tax corporate income": 3014,
        "Volume": 8000000,
        "Close of Quarter": 7.1,
        "EPS": 946,
        "Non-adjusted EPS": 946,
        "PE": 7.5,
        "Book Price": 14.1
      }
    },
    {
      "quarter": "Q3 2016",
      "income status": {
        "Net sales": 216566,
        "Cost of goods sold": 209207,
        "Gross Profit": 7358,
        "Financial expenses": 2863,
        "Of which: Interest expense": 2863,
        "Cost of sales": "N/A",
        "Enterprise cost management": 4914,
        "Total Operating Expenses": 7777,
        "Total revenue financing activities": 1327,
        "Net profit from business activities": 908,
        "Profit": 2758,
        "Profit before tax": 3667,
        "Present corporate income tax expenses": 672,
        "Deferred income taxes expenses": "N/A",
        "The interests of minority shareholders": "N/A",
        "Total Cost of profits": 672,
        "Profit after tax corporate income": 2995,
        "Volume": 8000000,
        "Close of Quarter": 7.0,
        "EPS": 700,
        "Non-adjusted EPS": 700,
        "PE": 9.9,
        "Book Price": 13.7
      }
    },
    {
      "quarter": "Q2 2016",
      "income status": {
        "Net sales": 144080,
        "Cost of goods sold": 137036,
        "Gross Profit": 7044,
        "Financial expenses": 2841,
        "Of which: Interest expense": 2841,
        "Cost of sales": "N/A",
        "Enterprise cost management": 4734,
        "Total Operating Expenses": 7575,
        "Total revenue financing activities": 2329,
        "Net profit from business activities": 1799,
        "Profit": -261,
        "Profit before tax": 1538,
        "Present corporate income tax expenses": 351,
        "Deferred income taxes expenses": "N/A",
        "The interests of minority shareholders": "N/A",
        "Total Cost of profits": 351,
        "Profit after tax corporate income": 1187,
        "Volume": 8000000,
        "Close of Quarter": 8.0,
        "EPS": 409,
        "Non-adjusted EPS": 409,
        "PE": 19.7,
        "Book Price": 13.3
      }
    },
    {
      "quarter": "Q1 2016",
      "income status": {
        "Net sales": 121635,
        "Cost of goods sold": 115837,
        "Gross Profit": 5798,
        "Financial expenses": 2415,
        "Of which: Interest expense": "N/A",
        "Cost of sales": "N/A",
        "Enterprise cost management": 4200,
        "Total Operating Expenses": 6615,
        "Total revenue financing activities": 1360,
        "Net profit from business activities": 543,
        "Profit": -57,
        "Profit before tax": 486,
        "Present corporate income tax expenses": 115,
        "Deferred income taxes expenses": "N/A",
        "The interests of minority shareholders": "N/A",
        "Total Cost of profits": 115,
        "Profit after tax corporate income": 371,
        "Volume": 8000000,
        "Close of Quarter": 7.9,
        "EPS": 310,
        "Non-adjusted EPS": 310,
        "PE": 25.6,
        "Book Price": 13.2
      }
    },
    {
      "quarter": "Q4 2015",
      "income status": {
        "Net sales": 153123,
        "Cost of goods sold": 145978,
        "Gross Profit": 7145,
        "Financial expenses": 2459,
        "Of which: Interest expense": 2459,
        "Cost of sales": "N/A",
        "Enterprise cost management": 4572,
        "Total Operating Expenses": 7031,
        "Total revenue financing activities": 1423,
        "Net profit from business activities": 1537,
        "Profit": -190,
        "Profit before tax": 1347,
        "Present corporate income tax expenses": 298,
        "Deferred income taxes expenses": "N/A",
        "The interests of minority shareholders": "N/A",
        "Total Cost of profits": 298,
        "Profit after tax corporate income": 1050,
        "Volume": 8000000,
        "Close of Quarter": 7.4,
        "EPS": 278,
        "Non-adjusted EPS": 278,
        "PE": 26.6,
        "Book Price": 13.4
      }
    },
    {
      "quarter": "Q3 2015",
      "income status": {
        "Net sales": 109484,
        "Cost of goods sold": 103930,
        "Gross Profit": 5554,
        "Financial expenses": 3014,
        "Of which: Interest expense": 3014,
        "Cost of sales": "N/A",
        "Enterprise cost management": 4071,
        "Total Operating Expenses": 7085,
        "Total revenue financing activities": 1599,
        "Net profit from business activities": 68,
        "Profit": 788,
        "Profit before tax": 856,
        "Present corporate income tax expenses": 192,
        "Deferred income taxes expenses": "N/A",
        "The interests of minority shareholders": "N/A",
        "Total Cost of profits": 192,
        "Profit after tax corporate income": 664,
        "Volume": 8000000,
        "Close of Quarter": 7.4,
        "EPS": 581,
        "Non-adjusted EPS": 581,
        "PE": 12.7,
        "Book Price": 13.3
      }
    },
    {
      "quarter": "Q2 2015",
      "income status": {
        "Net sales": 132927,
        "Cost of goods sold": 127586,
        "Gross Profit": 5342,
        "Financial expenses": 2495,
        "Of which: Interest expense": 2495,
        "Cost of sales": "N/A",
        "Enterprise cost management": 4235,
        "Total Operating Expenses": 6730,
        "Total revenue financing activities": 1943,
        "Net profit from business activities": 555,
        "Profit": -48,
        "Profit before tax": 506,
        "Present corporate income tax expenses": 114,
        "Deferred income taxes expenses": "N/A",
        "The interests of minority shareholders": "N/A",
        "Total Cost of profits": 114,
        "Profit after tax corporate income": 392,
        "Volume": 8000000,
        "Close of Quarter": 7.3,
        "EPS": 672,
        "Non-adjusted EPS": 672,
        "PE": 10.9,
        "Book Price": 13.2
      }
    },
    {
      "quarter": "Q1 2015",
      "income status": {
        "Net sales": 131089,
        "Cost of goods sold": 126546,
        "Gross Profit": 4543,
        "Financial expenses": 2056,
        "Of which: Interest expense": 2056,
        "Cost of sales": "N/A",
        "Enterprise cost management": 4232,
        "Total Operating Expenses": 6288,
        "Total revenue financing activities": 1892,
        "Net profit from business activities": 147,
        "Profit": "N/A",
        "Profit before tax": 147,
        "Present corporate income tax expenses": 32,
        "Deferred income taxes expenses": "N/A",
        "The interests of minority shareholders": "N/A",
        "Total Cost of profits": 32,
        "Profit after tax corporate income": 114,
        "Volume": 8000000,
        "Close of Quarter": 6.6,
        "EPS": 891,
        "Non-adjusted EPS": 891,
        "PE": 7.4,
        "Book Price": 13.1
      }
    },
    {
      "quarter": "Q4 2014",
      "income status": {
        "Net sales": 192579,
        "Cost of goods sold": 187090,
        "Gross Profit": 5489,
        "Financial expenses": 2608,
        "Of which: Interest expense": 2608,
        "Cost of sales": "N/A",
        "Enterprise cost management": 2186,
        "Total Operating Expenses": 4794,
        "Total revenue financing activities": 2410,
        "Net profit from business activities": 3105,
        "Profit": 10,
        "Profit before tax": 3116,
        "Present corporate income tax expenses": -366,
        "Deferred income taxes expenses": "N/A",
        "The interests of minority shareholders": "N/A",
        "Total Cost of profits": -366,
        "Profit after tax corporate income": 3481,
        "Volume": 8000000,
        "Close of Quarter": 6.2,
        "EPS": 976,
        "Non-adjusted EPS": 976,
        "PE": 6.3,
        "Book Price": 14.1
      }
    },
    {
      "quarter": "Q3 2014",
      "income status": {
        "Net sales": 106829,
        "Cost of goods sold": 103220,
        "Gross Profit": 3609,
        "Financial expenses": 3168,
        "Of which: Interest expense": 3168,
        "Cost of sales": "N/A",
        "Enterprise cost management": 625,
        "Total Operating Expenses": 3793,
        "Total revenue financing activities": 1960,
        "Net profit from business activities": 1776,
        "Profit": "N/A",
        "Profit before tax": 1776,
        "Present corporate income tax expenses": 391,
        "Deferred income taxes expenses": "N/A",
        "The interests of minority shareholders": "N/A",
        "Total Cost of profits": 391,
        "Profit after tax corporate income": 1385,
        "Volume": 8000000,
        "Close of Quarter": 6.3,
        "EPS": 1099,
        "Non-adjusted EPS": 1099,
        "PE": 5.8,
        "Book Price": 13.6
      }
    },
    {
      "quarter": "Q2 2014",
      "income status": {
        "Net sales": 119230,
        "Cost of goods sold": 99757,
        "Gross Profit": 19473,
        "Financial expenses": 3250,
        "Of which: Interest expense": 3250,
        "Cost of sales": "N/A",
        "Enterprise cost management": 12276,
        "Total Operating Expenses": 15526,
        "Total revenue financing activities": 2483,
        "Net profit from business activities": 6430,
        "Profit": 219,
        "Profit before tax": 6648,
        "Present corporate income tax expenses": 4504,
        "Deferred income taxes expenses": "N/A",
        "The interests of minority shareholders": "N/A",
        "Total Cost of profits": 4504,
        "Profit after tax corporate income": 2144,
        "Volume": 8000000,
        "Close of Quarter": 6.3,
        "EPS": 1072,
        "Non-adjusted EPS": 1072,
        "PE": 5.9,
        "Book Price": 13.5
      }
    },
    {
      "quarter": "Q1 2014",
      "income status": {
        "Net sales": 163402,
        "Cost of goods sold": 157281,
        "Gross Profit": 6120,
        "Financial expenses": 2788,
        "Of which: Interest expense": 2788,
        "Cost of sales": "N/A",
        "Enterprise cost management": 4828,
        "Total Operating Expenses": 7616,
        "Total revenue financing activities": 2031,
        "Net profit from business activities": 535,
        "Profit": 486,
        "Profit before tax": 1021,
        "Present corporate income tax expenses": 225,
        "Deferred income taxes expenses": "N/A",
        "The interests of minority shareholders": "N/A",
        "Total Cost of profits": 225,
        "Profit after tax corporate income": 796,
        "Volume": 8000000,
        "Close of Quarter": 7.0,
        "EPS": 1037,
        "Non-adjusted EPS": 1037,
        "PE": 6.7,
        "Book Price": 14
      }
    },
    {
      "quarter": "Q4 2013",
      "income status": {
        "Net sales": 151896,
        "Cost of goods sold": 145838,
        "Gross Profit": 6058,
        "Financial expenses": 3537,
        "Of which: Interest expense": 4348,
        "Cost of sales": "N/A",
        "Enterprise cost management": 3855,
        "Total Operating Expenses": 7392,
        "Total revenue financing activities": 3808,
        "Net profit from business activities": 2474,
        "Profit": 2955,
        "Profit before tax": 5430,
        "Present corporate income tax expenses": 962,
        "Deferred income taxes expenses": "N/A",
        "The interests of minority shareholders": "N/A",
        "Total Cost of profits": 962,
        "Profit after tax corporate income": 4468,
        "Volume": 8000000,
        "Close of Quarter": 4.4,
        "EPS": 1040,
        "Non-adjusted EPS": 1040,
        "PE": 4.3,
        "Book Price": 14
      }
    },
    {
      "quarter": "Q3 2013",
      "income status": {
        "Net sales": 193169,
        "Cost of goods sold": 182519,
        "Gross Profit": 10649,
        "Financial expenses": 3278,
        "Of which: Interest expense": 2467,
        "Cost of sales": "N/A",
        "Enterprise cost management": 5929,
        "Total Operating Expenses": 9207,
        "Total revenue financing activities": 1912,
        "Net profit from business activities": 3355,
        "Profit": -1348,
        "Profit before tax": 2007,
        "Present corporate income tax expenses": 837,
        "Deferred income taxes expenses": "N/A",
        "The interests of minority shareholders": "N/A",
        "Total Cost of profits": 837,
        "Profit after tax corporate income": 1169,
        "Volume": 8000000,
        "Close of Quarter": 4.7,
        "EPS": 877,
        "Non-adjusted EPS": 877,
        "PE": 5.4,
        "Book Price": 13.5
      }
    },
    {
      "quarter": "Q2 2013",
      "income status": {
        "Net sales": 213172,
        "Cost of goods sold": 203029,
        "Gross Profit": 10144,
        "Financial expenses": 2884,
        "Of which: Interest expense": 7147,
        "Cost of sales": "N/A",
        "Enterprise cost management": 3871,
        "Total Operating Expenses": 6755,
        "Total revenue financing activities": 809,
        "Net profit from business activities": 4197,
        "Profit": -1423,
        "Profit before tax": 2774,
        "Present corporate income tax expenses": 910,
        "Deferred income taxes expenses": "N/A",
        "The interests of minority shareholders": "N/A",
        "Total Cost of profits": 910,
        "Profit after tax corporate income": 1864,
        "Volume": 8000000,
        "Close of Quarter": 4.6,
        "EPS": 984,
        "Non-adjusted EPS": 984,
        "PE": 4.7,
        "Book Price": 13.5
      }
    },
    {
      "quarter": "Q1 2013",
      "income status": {
        "Net sales": 196521,
        "Cost of goods sold": 187678,
        "Gross Profit": 8842,
        "Financial expenses": 3451,
        "Of which: Interest expense": "N/A",
        "Cost of sales": "N/A",
        "Enterprise cost management": 5724,
        "Total Operating Expenses": 9175,
        "Total revenue financing activities": 2735,
        "Net profit from business activities": 2402,
        "Profit": -932,
        "Profit before tax": 1470,
        "Present corporate income tax expenses": 653,
        "Deferred income taxes expenses": "N/A",
        "The interests of minority shareholders": "N/A",
        "Total Cost of profits": 653,
        "Profit after tax corporate income": 817,
        "Volume": 8000000,
        "Close of Quarter": 3.7,
        "EPS": 916,
        "Non-adjusted EPS": 916,
        "PE": 4.0,
        "Book Price": 14
      }
    },
    {
      "quarter": "Q4 2012",
      "income status": {
        "Net sales": 252697,
        "Cost of goods sold": 241992,
        "Gross Profit": 10704,
        "Financial expenses": 10565,
        "Of which: Interest expense": "N/A",
        "Cost of sales": "N/A",
        "Enterprise cost management": 6144,
        "Total Operating Expenses": 16709,
        "Total revenue financing activities": 8683,
        "Net profit from business activities": 2678,
        "Profit": 2012,
        "Profit before tax": 4690,
        "Present corporate income tax expenses": 1524,
        "Deferred income taxes expenses": "N/A",
        "The interests of minority shareholders": "N/A",
        "Total Cost of profits": 1524,
        "Profit after tax corporate income": 3166,
        "Volume": 8000000,
        "Close of Quarter": 3.9,
        "EPS": 956,
        "Non-adjusted EPS": 956,
        "PE": 4.0,
        "Book Price": 14.1
      }
    },
    {
      "quarter": "Q3 2012",
      "income status": {
        "Net sales": 126070,
        "Cost of goods sold": 117355,
        "Gross Profit": 8715,
        "Financial expenses": 1594,
        "Of which: Interest expense": "N/A",
        "Cost of sales": "N/A",
        "Enterprise cost management": 5612,
        "Total Operating Expenses": 7206,
        "Total revenue financing activities": 20,
        "Net profit from business activities": 1528,
        "Profit": 1169,
        "Profit before tax": 2697,
        "Present corporate income tax expenses": 674,
        "Deferred income taxes expenses": "N/A",
        "The interests of minority shareholders": "N/A",
        "Total Cost of profits": 674,
        "Profit after tax corporate income": 2023,
        "Volume": 8000000,
        "Close of Quarter": 4.2,
        "EPS": 826,
        "Non-adjusted EPS": 826,
        "PE": 5.1,
        "Book Price": 13.7
      }
    },
    {
      "quarter": "Q2 2012",
      "income status": {
        "Net sales": 129196,
        "Cost of goods sold": 120384,
        "Gross Profit": 8812,
        "Financial expenses": 1397,
        "Of which: Interest expense": 2549,
        "Cost of sales": "N/A",
        "Enterprise cost management": 5676,
        "Total Operating Expenses": 7073,
        "Total revenue financing activities": 31,
        "Net profit from business activities": 1769,
        "Profit": "N/A",
        "Profit before tax": 1769,
        "Present corporate income tax expenses": 444,
        "Deferred income taxes expenses": "N/A",
        "The interests of minority shareholders": "N/A",
        "Total Cost of profits": 444,
        "Profit after tax corporate income": 1325,
        "Volume": 8000000,
        "Close of Quarter": 4.6,
        "EPS": 824,
        "Non-adjusted EPS": 824,
        "PE": 5.5,
        "Book Price": 13.4
      }
    },
    {
      "quarter": "Q1 2012",
      "income status": {
        "Net sales": 122484,
        "Cost of goods sold": 115089,
        "Gross Profit": 7395,
        "Financial expenses": 605,
        "Of which: Interest expense": "N/A",
        "Cost of sales": "N/A",
        "Enterprise cost management": 5571,
        "Total Operating Expenses": 6176,
        "Total revenue financing activities": 62,
        "Net profit from business activities": 1280,
        "Profit": 232,
        "Profit before tax": 1512,
        "Present corporate income tax expenses": 378,
        "Deferred income taxes expenses": "N/A",
        "The interests of minority shareholders": "N/A",
        "Total Cost of profits": 378,
        "Profit after tax corporate income": 1134,
        "Volume": 8000000,
        "Close of Quarter": 5.2,
        "EPS": 895,
        "Non-adjusted EPS": 895,
        "PE": 5.8,
        "Book Price": 14.2
      }
    },
    {
      "quarter": "Q4 2011",
      "income status": {
        "Net sales": 172278,
        "Cost of goods sold": 161761,
        "Gross Profit": 10517,
        "Financial expenses": 2514,
        "Of which: Interest expense": "N/A",
        "Cost of sales": "N/A",
        "Enterprise cost management": 6884,
        "Total Operating Expenses": 9398,
        "Total revenue financing activities": 366,
        "Net profit from business activities": 1484,
        "Profit": 1405,
        "Profit before tax": 12860,
        "Present corporate income tax expenses": 765,
        "Deferred income taxes expenses": "N/A",
        "The interests of minority shareholders": "N/A",
        "Total Cost of profits": 765,
        "Profit after tax corporate income": 2125,
        "Volume": 8000000,
        "Close of Quarter": 4.3,
        "EPS": 1183,
        "Non-adjusted EPS": 1183,
        "PE": 3.7,
        "Book Price": 14.3
      }
    },
    {
      "quarter": "Q3 2011",
      "income status": {
        "Net sales": 120024,
        "Cost of goods sold": 110735,
        "Gross Profit": 9289,
        "Financial expenses": 927,
        "Of which: Interest expense": "N/A",
        "Cost of sales": "N/A",
        "Enterprise cost management": 5580,
        "Total Operating Expenses": 6507,
        "Total revenue financing activities": 57,
        "Net profit from business activities": 2840,
        "Profit": -164,
        "Profit before tax": 2675,
        "Present corporate income tax expenses": 669,
        "Deferred income taxes expenses": "N/A",
        "The interests of minority shareholders": "N/A",
        "Total Cost of profits": 669,
        "Profit after tax corporate income": 2006,
        "Volume": 8000000,
        "Close of Quarter": 5.0,
        "EPS": 1425,
        "Non-adjusted EPS": 1425,
        "PE": 3.5,
        "Book Price": 14
      }
    },
    {
      "quarter": "Q2 2011",
      "income status": {
        "Net sales": 120820,
        "Cost of goods sold": 111038,
        "Gross Profit": 9782,
        "Financial expenses": 2808,
        "Of which: Interest expense": "N/A",
        "Cost of sales": "N/A",
        "Enterprise cost management": 4644,
        "Total Operating Expenses": 7452,
        "Total revenue financing activities": 363,
        "Net profit from business activities": 2692,
        "Profit": 17,
        "Profit before tax": 2710,
        "Present corporate income tax expenses": 817,
        "Deferred income taxes expenses": "N/A",
        "The interests of minority shareholders": "N/A",
        "Total Cost of profits": 817,
        "Profit after tax corporate income": 1893,
        "Volume": 5000000,
        "Close of Quarter": 5.4,
        "EPS": 1606.3,
        "Non-adjusted EPS": 2570,
        "PE": 2.1,
        "Book Price": 13.8
      }
    },
    {
      "quarter": "Q1 2011",
      "income status": {
        "Net sales": 105676,
        "Cost of goods sold": 97979,
        "Gross Profit": 7697,
        "Financial expenses": 896,
        "Of which: Interest expense": "N/A",
        "Cost of sales": "N/A",
        "Enterprise cost management": 2448,
        "Total Operating Expenses": 3344,
        "Total revenue financing activities": 178,
        "Net profit from business activities": 4531,
        "Profit": 54,
        "Profit before tax": 4585,
        "Present corporate income tax expenses": 1146,
        "Deferred income taxes expenses": "N/A",
        "The interests of minority shareholders": "N/A",
        "Total Cost of profits": 1146,
        "Profit after tax corporate income": 3439,
        "Volume": 5000000,
        "Close of Quarter": 6.9,
        "EPS": 1956.3,
        "Non-adjusted EPS": 3130,
        "PE": 2.2,
        "Book Price": 10.9
      }
    }
  ]
}