{
  "ticker": "PMP",
  "data": [
    {
      "quarter": "Q4 2016",
      "income status": {
        "Net sales": 79156,
        "Cost of goods sold": 68667,
        "Gross Profit": 10489,
        "Financial expenses": 753,
        "Of which: Interest expense": 607,
        "Cost of sales": 2159,
        "Enterprise cost management": 4329,
        "Total Operating Expenses": 7241,
        "Total revenue financing activities": 143,
        "Net profit from business activities": 3392,
        "Profit": 134,
        "Profit before tax": 3526,
        "Present corporate income tax expenses": 791,
        "Deferred income taxes expenses": "N/A",
        "The interests of minority shareholders": "N/A",
        "Total Cost of profits": 791,
        "Profit after tax corporate income": 2735,
        "Volume": 4200000,
        "Close of Quarter": 14.3,
        "EPS": 2456,
        "Non-adjusted EPS": 2456,
        "PE": 5.8,
        "Book Price": 15.3
      }
    },
    {
      "quarter": "Q3 2016",
      "income status": {
        "Net sales": 84564,
        "Cost of goods sold": 73159,
        "Gross Profit": 11406,
        "Financial expenses": 812,
        "Of which: Interest expense": 774,
        "Cost of sales": 2133,
        "Enterprise cost management": 4831,
        "Total Operating Expenses": 7776,
        "Total revenue financing activities": 5,
        "Net profit from business activities": 3634,
        "Profit": -71,
        "Profit before tax": 3563,
        "Present corporate income tax expenses": 713,
        "Deferred income taxes expenses": "N/A",
        "The interests of minority shareholders": "N/A",
        "Total Cost of profits": 713,
        "Profit after tax corporate income": 2850,
        "Volume": 4200000,
        "Close of Quarter": 13.9,
        "EPS": 2459,
        "Non-adjusted EPS": 2459,
        "PE": 5.6,
        "Book Price": 14.6
      }
    },
    {
      "quarter": "Q2 2016",
      "income status": {
        "Net sales": 75766,
        "Cost of goods sold": 65577,
        "Gross Profit": 10189,
        "Financial expenses": 896,
        "Of which: Interest expense": 887,
        "Cost of sales": 1677,
        "Enterprise cost management": 4104,
        "Total Operating Expenses": 6677,
        "Total revenue financing activities": 29,
        "Net profit from business activities": 3541,
        "Profit": -63,
        "Profit before tax": 3478,
        "Present corporate income tax expenses": 696,
        "Deferred income taxes expenses": "N/A",
        "The interests of minority shareholders": "N/A",
        "Total Cost of profits": 696,
        "Profit after tax corporate income": 2782,
        "Volume": 4200000,
        "Close of Quarter": 13.6,
        "EPS": 2483,
        "Non-adjusted EPS": 2483,
        "PE": 5.5,
        "Book Price": 13.9
      }
    },
    {
      "quarter": "Q1 2016",
      "income status": {
        "Net sales": 46907,
        "Cost of goods sold": 37736,
        "Gross Profit": 9171,
        "Financial expenses": 586,
        "Of which: Interest expense": 565,
        "Cost of sales": 1809,
        "Enterprise cost management": 4415,
        "Total Operating Expenses": 6810,
        "Total revenue financing activities": 17,
        "Net profit from business activities": 2378,
        "Profit": 79,
        "Profit before tax": 2456,
        "Present corporate income tax expenses": 508,
        "Deferred income taxes expenses": "N/A",
        "The interests of minority shareholders": "N/A",
        "Total Cost of profits": 508,
        "Profit after tax corporate income": 1949,
        "Volume": 4200000,
        "Close of Quarter": 11.8,
        "EPS": 2478,
        "Non-adjusted EPS": 2478,
        "PE": 4.8,
        "Book Price": 15.4
      }
    },
    {
      "quarter": "Q4 2015",
      "income status": {
        "Net sales": 66583,
        "Cost of goods sold": 55820,
        "Gross Profit": 10764,
        "Financial expenses": 848,
        "Of which: Interest expense": 775,
        "Cost of sales": 2534,
        "Enterprise cost management": 4683,
        "Total Operating Expenses": 8065,
        "Total revenue financing activities": 126,
        "Net profit from business activities": 2825,
        "Profit": 252,
        "Profit before tax": 3077,
        "Present corporate income tax expenses": 331,
        "Deferred income taxes expenses": "N/A",
        "The interests of minority shareholders": "N/A",
        "Total Cost of profits": 331,
        "Profit after tax corporate income": 2745,
        "Volume": 4200000,
        "Close of Quarter": 11.4,
        "EPS": 2620,
        "Non-adjusted EPS": 2620,
        "PE": 4.4,
        "Book Price": 14.9
      }
    },
    {
      "quarter": "Q3 2015",
      "income status": {
        "Net sales": 78611,
        "Cost of goods sold": 67711,
        "Gross Profit": 10900,
        "Financial expenses": 991,
        "Of which: Interest expense": 807,
        "Cost of sales": 2136,
        "Enterprise cost management": 4537,
        "Total Operating Expenses": 7664,
        "Total revenue financing activities": 245,
        "Net profit from business activities": 3479,
        "Profit": -24,
        "Profit before tax": 3455,
        "Present corporate income tax expenses": 501,
        "Deferred income taxes expenses": "N/A",
        "The interests of minority shareholders": "N/A",
        "Total Cost of profits": 501,
        "Profit after tax corporate income": 2954,
        "Volume": 4200000,
        "Close of Quarter": 13.9,
        "EPS": 2645,
        "Non-adjusted EPS": 2645,
        "PE": 5.2,
        "Book Price": 14.4
      }
    },
    {
      "quarter": "Q2 2015",
      "income status": {
        "Net sales": 84710,
        "Cost of goods sold": 73969,
        "Gross Profit": 10741,
        "Financial expenses": 634,
        "Of which: Interest expense": 616,
        "Cost of sales": 2475,
        "Enterprise cost management": 4686,
        "Total Operating Expenses": 7795,
        "Total revenue financing activities": 205,
        "Net profit from business activities": 3151,
        "Profit": 17,
        "Profit before tax": 3168,
        "Present corporate income tax expenses": 409,
        "Deferred income taxes expenses": "N/A",
        "The interests of minority shareholders": "N/A",
        "Total Cost of profits": 409,
        "Profit after tax corporate income": 2759,
        "Volume": 4200000,
        "Close of Quarter": "N/A",
        "EPS": 2434,
        "Non-adjusted EPS": 2434,
        "PE": "N/A",
        "Book Price": 13.7
      }
    },
    {
      "quarter": "Q1 2015",
      "income status": {
        "Net sales": 64928,
        "Cost of goods sold": 55716,
        "Gross Profit": 9212,
        "Financial expenses": 451,
        "Of which: Interest expense": 449,
        "Cost of sales": 949,
        "Enterprise cost management": 4975,
        "Total Operating Expenses": 6375,
        "Total revenue financing activities": 94,
        "Net profit from business activities": 2930,
        "Profit": 33,
        "Profit before tax": 2964,
        "Present corporate income tax expenses": 418,
        "Deferred income taxes expenses": "N/A",
        "The interests of minority shareholders": "N/A",
        "Total Cost of profits": 418,
        "Profit after tax corporate income": 2545,
        "Volume": 4200000,
        "Close of Quarter": "N/A",
        "EPS": 1777,
        "Non-adjusted EPS": 1777,
        "PE": "N/A",
        "Book Price": 13
      }
    },
    {
      "quarter": "Q2 2014",
      "income status": {
        "Net sales": 57728,
        "Cost of goods sold": 48781,
        "Gross Profit": 8947,
        "Financial expenses": 575,
        "Of which: Interest expense": 575,
        "Cost of sales": 1314,
        "Enterprise cost management": 4168,
        "Total Operating Expenses": 6057,
        "Total revenue financing activities": 170,
        "Net profit from business activities": 3060,
        "Profit": 16,
        "Profit before tax": 3076,
        "Present corporate income tax expenses": 226,
        "Deferred income taxes expenses": "N/A",
        "The interests of minority shareholders": "N/A",
        "Total Cost of profits": 226,
        "Profit after tax corporate income": 2850,
        "Volume": 4200000,
        "Close of Quarter": "N/A",
        "EPS": 1171,
        "Non-adjusted EPS": 1171,
        "PE": "N/A",
        "Book Price": "N/A"
      }
    },
    {
      "quarter": "Q1 2014",
      "income status": {
        "Net sales": 48651,
        "Cost of goods sold": 40457,
        "Gross Profit": 8194,
        "Financial expenses": 457,
        "Of which: Interest expense": 456,
        "Cost of sales": 1266,
        "Enterprise cost management": 4216,
        "Total Operating Expenses": 5939,
        "Total revenue financing activities": 176,
        "Net profit from business activities": 2431,
        "Profit": 4,
        "Profit before tax": 2434,
        "Present corporate income tax expenses": 367,
        "Deferred income taxes expenses": "N/A",
        "The interests of minority shareholders": "N/A",
        "Total Cost of profits": 367,
        "Profit after tax corporate income": 2067,
        "Volume": 4200000,
        "Close of Quarter": "N/A",
        "EPS": 492,
        "Non-adjusted EPS": 492,
        "PE": "N/A",
        "Book Price": "N/A"
      }
    }
  ]
}