{
  "ticker": "IDV",
  "data": [
    {
      "quarter": "Q4 2016",
      "income status": {
        "Net sales": 45836,
        "Cost of goods sold": 12186,
        "Gross Profit": 33650,
        "Financial expenses": 80,
        "Of which: Interest expense": 72,
        "Cost of sales": 30,
        "Enterprise cost management": 2598,
        "Total Operating Expenses": 2708,
        "Total revenue financing activities": 5698,
        "Net profit from business activities": 36639,
        "Profit": 63,
        "Profit before tax": 36703,
        "Present corporate income tax expenses": 2610,
        "Deferred income taxes expenses": "N/A",
        "The interests of minority shareholders": -12738,
        "Total Cost of profits": -10128,
        "Profit after tax corporate income": 46831,
        "Volume": 11565225,
        "Close of Quarter": 44.1,
        "EPS": 9863,
        "Non-adjusted EPS": 9863,
        "PE": 4.5,
        "Book Price": 14.3
      }
    },
    {
      "quarter": "Q3 2016",
      "income status": {
        "Net sales": 63816,
        "Cost of goods sold": 18754,
        "Gross Profit": 45062,
        "Financial expenses": 268,
        "Of which: Interest expense": 38,
        "Cost of sales": 1472,
        "Enterprise cost management": 2745,
        "Total Operating Expenses": 4485,
        "Total revenue financing activities": 3588,
        "Net profit from business activities": 43902,
        "Profit": -3291,
        "Profit before tax": 40611,
        "Present corporate income tax expenses": 2702,
        "Deferred income taxes expenses": "N/A",
        "The interests of minority shareholders": "N/A",
        "Total Cost of profits": 2702,
        "Profit after tax corporate income": 37909,
        "Volume": 11565225,
        "Close of Quarter": 44.6,
        "EPS": 6352,
        "Non-adjusted EPS": 6352,
        "PE": 7.0,
        "Book Price": 13.5
      }
    },
    {
      "quarter": "Q2 2016",
      "income status": {
        "Net sales": 8182,
        "Cost of goods sold": 3737,
        "Gross Profit": 4445,
        "Financial expenses": 47,
        "Of which: Interest expense": 44,
        "Cost of sales": 36,
        "Enterprise cost management": 1853,
        "Total Operating Expenses": 1936,
        "Total revenue financing activities": 3933,
        "Net profit from business activities": 6442,
        "Profit": 78,
        "Profit before tax": 6520,
        "Present corporate income tax expenses": 697,
        "Deferred income taxes expenses": "N/A",
        "The interests of minority shareholders": "N/A",
        "Total Cost of profits": 697,
        "Profit after tax corporate income": 5823,
        "Volume": 7725730,
        "Close of Quarter": 34.4,
        "EPS": 4249.2,
        "Non-adjusted EPS": 6361,
        "PE": 5.4,
        "Book Price": 11.8
      }
    },
    {
      "quarter": "Q1 2016",
      "income status": {
        "Net sales": 32874,
        "Cost of goods sold": 7133,
        "Gross Profit": 25741,
        "Financial expenses": 77,
        "Of which: Interest expense": 43,
        "Cost of sales": 36,
        "Enterprise cost management": 3608,
        "Total Operating Expenses": 3721,
        "Total revenue financing activities": 3179,
        "Net profit from business activities": 25199,
        "Profit": -62,
        "Profit before tax": 25137,
        "Present corporate income tax expenses": 1632,
        "Deferred income taxes expenses": "N/A",
        "The interests of minority shareholders": "N/A",
        "Total Cost of profits": 1632,
        "Profit after tax corporate income": 23505,
        "Volume": 7725730,
        "Close of Quarter": 24.6,
        "EPS": 4802.4,
        "Non-adjusted EPS": 7189,
        "PE": 3.4,
        "Book Price": 11.4
      }
    },
    {
      "quarter": "Q4 2015",
      "income status": {
        "Net sales": 10372,
        "Cost of goods sold": 3898,
        "Gross Profit": 6474,
        "Financial expenses": 73,
        "Of which: Interest expense": 50,
        "Cost of sales": 83,
        "Enterprise cost management": 2599,
        "Total Operating Expenses": 2755,
        "Total revenue financing activities": 3233,
        "Net profit from business activities": 6952,
        "Profit": 309,
        "Profit before tax": 7260,
        "Present corporate income tax expenses": 1032,
        "Deferred income taxes expenses": "N/A",
        "The interests of minority shareholders": "N/A",
        "Total Cost of profits": 1032,
        "Profit after tax corporate income": 6228,
        "Volume": 7725730,
        "Close of Quarter": 26.4,
        "EPS": 3277.9,
        "Non-adjusted EPS": 4907,
        "PE": 5.4,
        "Book Price": 9.5
      }
    },
    {
      "quarter": "Q3 2015",
      "income status": {
        "Net sales": 18663,
        "Cost of goods sold": 4646,
        "Gross Profit": 14017,
        "Financial expenses": 178,
        "Of which: Interest expense": 54,
        "Cost of sales": "N/A",
        "Enterprise cost management": 2051,
        "Total Operating Expenses": 2229,
        "Total revenue financing activities": 3148,
        "Net profit from business activities": 14935,
        "Profit": 32,
        "Profit before tax": 14967,
        "Present corporate income tax expenses": 1377,
        "Deferred income taxes expenses": "N/A",
        "The interests of minority shareholders": "N/A",
        "Total Cost of profits": 1377,
        "Profit after tax corporate income": 13591,
        "Volume": 7725730,
        "Close of Quarter": 22.5,
        "EPS": 4155.1,
        "Non-adjusted EPS": 6220,
        "PE": 3.6,
        "Book Price": 10.2
      }
    },
    {
      "quarter": "Q2 2015",
      "income status": {
        "Net sales": 16355,
        "Cost of goods sold": 4642,
        "Gross Profit": 11713,
        "Financial expenses": 67,
        "Of which: Interest expense": 60,
        "Cost of sales": "N/A",
        "Enterprise cost management": 2209,
        "Total Operating Expenses": 2276,
        "Total revenue financing activities": 3791,
        "Net profit from business activities": 13229,
        "Profit": 113,
        "Profit before tax": 13342,
        "Present corporate income tax expenses": 1123,
        "Deferred income taxes expenses": "N/A",
        "The interests of minority shareholders": "N/A",
        "Total Cost of profits": 1123,
        "Profit after tax corporate income": 12219,
        "Volume": 5150487,
        "Close of Quarter": 22.9,
        "EPS": 4342.1,
        "Non-adjusted EPS": 9750,
        "PE": 2.3,
        "Book Price": 9.4
      }
    },
    {
      "quarter": "Q1 2015",
      "income status": {
        "Net sales": 9015,
        "Cost of goods sold": 3703,
        "Gross Profit": 5312,
        "Financial expenses": 84,
        "Of which: Interest expense": 65,
        "Cost of sales": "N/A",
        "Enterprise cost management": 1970,
        "Total Operating Expenses": 2054,
        "Total revenue financing activities": 1869,
        "Net profit from business activities": 5127,
        "Profit": 1701,
        "Profit before tax": 6828,
        "Present corporate income tax expenses": 955,
        "Deferred income taxes expenses": "N/A",
        "The interests of minority shareholders": "N/A",
        "Total Cost of profits": 955,
        "Profit after tax corporate income": 5873,
        "Volume": 5150487,
        "Close of Quarter": 23.4,
        "EPS": 4192.0,
        "Non-adjusted EPS": 9413,
        "PE": 2.5,
        "Book Price": 8.4
      }
    },
    {
      "quarter": "Q4 2014",
      "income status": {
        "Net sales": 19673,
        "Cost of goods sold": 5078,
        "Gross Profit": 14595,
        "Financial expenses": 132,
        "Of which: Interest expense": 71,
        "Cost of sales": "N/A",
        "Enterprise cost management": 1949,
        "Total Operating Expenses": 2081,
        "Total revenue financing activities": 3884,
        "Net profit from business activities": 16398,
        "Profit": 1512,
        "Profit before tax": 17910,
        "Present corporate income tax expenses": 1539,
        "Deferred income taxes expenses": "N/A",
        "The interests of minority shareholders": "N/A",
        "Total Cost of profits": 1539,
        "Profit after tax corporate income": 16371,
        "Volume": 5150487,
        "Close of Quarter": 21.4,
        "EPS": 4362.6,
        "Non-adjusted EPS": 9796,
        "PE": 2.2,
        "Book Price": 7.8
      }
    },
    {
      "quarter": "Q3 2014",
      "income status": {
        "Net sales": 22443,
        "Cost of goods sold": 6728,
        "Gross Profit": 15715,
        "Financial expenses": 91,
        "Of which: Interest expense": 51,
        "Cost of sales": "N/A",
        "Enterprise cost management": 4181,
        "Total Operating Expenses": 4272,
        "Total revenue financing activities": 5927,
        "Net profit from business activities": 17368,
        "Profit": 95,
        "Profit before tax": 17464,
        "Present corporate income tax expenses": 1709,
        "Deferred income taxes expenses": "N/A",
        "The interests of minority shareholders": "N/A",
        "Total Cost of profits": 1709,
        "Profit after tax corporate income": 15755,
        "Volume": 5099493,
        "Close of Quarter": 19.8,
        "EPS": 4150.1,
        "Non-adjusted EPS": 9412,
        "PE": 2.1,
        "Book Price": 7.4
      }
    },
    {
      "quarter": "Q2 2014",
      "income status": {
        "Net sales": 14020,
        "Cost of goods sold": 4385,
        "Gross Profit": 9634,
        "Financial expenses": 126,
        "Of which: Interest expense": 82,
        "Cost of sales": "N/A",
        "Enterprise cost management": 2407,
        "Total Operating Expenses": 2533,
        "Total revenue financing activities": 3918,
        "Net profit from business activities": 11020,
        "Profit": 382,
        "Profit before tax": 11402,
        "Present corporate income tax expenses": 921,
        "Deferred income taxes expenses": "N/A",
        "The interests of minority shareholders": "N/A",
        "Total Cost of profits": 921,
        "Profit after tax corporate income": 10480,
        "Volume": 5099493,
        "Close of Quarter": 12.1,
        "EPS": 3760.3,
        "Non-adjusted EPS": 8528,
        "PE": 1.4,
        "Book Price": 6.5
      }
    },
    {
      "quarter": "Q1 2014",
      "income status": {
        "Net sales": 15859,
        "Cost of goods sold": 5051,
        "Gross Profit": 10809,
        "Financial expenses": 3708,
        "Of which: Interest expense": 150,
        "Cost of sales": "N/A",
        "Enterprise cost management": 2015,
        "Total Operating Expenses": 5723,
        "Total revenue financing activities": 2818,
        "Net profit from business activities": 7904,
        "Profit": 656,
        "Profit before tax": 8559,
        "Present corporate income tax expenses": 711,
        "Deferred income taxes expenses": "N/A",
        "The interests of minority shareholders": "N/A",
        "Total Cost of profits": 711,
        "Profit after tax corporate income": 7848,
        "Volume": 4434352,
        "Close of Quarter": 9.6,
        "EPS": 2784.8,
        "Non-adjusted EPS": 7263,
        "PE": 1.3,
        "Book Price": 6.4
      }
    },
    {
      "quarter": "Q4 2013",
      "income status": {
        "Net sales": 13773,
        "Cost of goods sold": 2487,
        "Gross Profit": 11286,
        "Financial expenses": -2146,
        "Of which: Interest expense": 123,
        "Cost of sales": "N/A",
        "Enterprise cost management": 1618,
        "Total Operating Expenses": -528,
        "Total revenue financing activities": 2937,
        "Net profit from business activities": 14751,
        "Profit": 18,
        "Profit before tax": 14769,
        "Present corporate income tax expenses": 857,
        "Deferred income taxes expenses": "N/A",
        "The interests of minority shareholders": "N/A",
        "Total Cost of profits": 857,
        "Profit after tax corporate income": 13912,
        "Volume": 4434352,
        "Close of Quarter": 5.7,
        "EPS": 2513.3,
        "Non-adjusted EPS": 6555,
        "PE": 0.9,
        "Book Price": 5.5
      }
    },
    {
      "quarter": "Q3 2013",
      "income status": {
        "Net sales": 15882,
        "Cost of goods sold": 2584,
        "Gross Profit": 13298,
        "Financial expenses": 6124,
        "Of which: Interest expense": 139,
        "Cost of sales": "N/A",
        "Enterprise cost management": 1985,
        "Total Operating Expenses": 8109,
        "Total revenue financing activities": 2704,
        "Net profit from business activities": 7894,
        "Profit": 3180,
        "Profit before tax": 11074,
        "Present corporate income tax expenses": -173,
        "Deferred income taxes expenses": "N/A",
        "The interests of minority shareholders": "N/A",
        "Total Cost of profits": -173,
        "Profit after tax corporate income": 11247,
        "Volume": 4031316,
        "Close of Quarter": 7.1,
        "EPS": 1302.6,
        "Non-adjusted EPS": 3737,
        "PE": 1.9,
        "Book Price": 4.4
      }
    },
    {
      "quarter": "Q2 2013",
      "income status": {
        "Net sales": 7903,
        "Cost of goods sold": 6449,
        "Gross Profit": 1453,
        "Financial expenses": 2340,
        "Of which: Interest expense": 264,
        "Cost of sales": "N/A",
        "Enterprise cost management": 1356,
        "Total Operating Expenses": 3696,
        "Total revenue financing activities": 1093,
        "Net profit from business activities": -1150,
        "Profit": 288,
        "Profit before tax": -862,
        "Present corporate income tax expenses": -63,
        "Deferred income taxes expenses": "N/A",
        "The interests of minority shareholders": "N/A",
        "Total Cost of profits": -63,
        "Profit after tax corporate income": -799,
        "Volume": 4031316,
        "Close of Quarter": 4.4,
        "EPS": 586.3,
        "Non-adjusted EPS": 1682,
        "PE": 2.6,
        "Book Price": 3.8
      }
    },
    {
      "quarter": "Q1 2013",
      "income status": {
        "Net sales": 4826,
        "Cost of goods sold": 2278,
        "Gross Profit": 2548,
        "Financial expenses": -1450,
        "Of which: Interest expense": "N/A",
        "Cost of sales": "N/A",
        "Enterprise cost management": 1201,
        "Total Operating Expenses": -249,
        "Total revenue financing activities": 1934,
        "Net profit from business activities": 4731,
        "Profit": 187,
        "Profit before tax": 4918,
        "Present corporate income tax expenses": 209,
        "Deferred income taxes expenses": "N/A",
        "The interests of minority shareholders": "N/A",
        "Total Cost of profits": 209,
        "Profit after tax corporate income": 4709,
        "Volume": 4031316,
        "Close of Quarter": 4.7,
        "EPS": 1111.3,
        "Non-adjusted EPS": 3188,
        "PE": 1.5,
        "Book Price": 3.8
      }
    },
    {
      "quarter": "Q3 2012",
      "income status": {
        "Net sales": 4125,
        "Cost of goods sold": 2553,
        "Gross Profit": 1571,
        "Financial expenses": 1886,
        "Of which: Interest expense": 121,
        "Cost of sales": 150,
        "Enterprise cost management": 1563,
        "Total Operating Expenses": 3599,
        "Total revenue financing activities": 803,
        "Net profit from business activities": -1225,
        "Profit": 1131,
        "Profit before tax": -93,
        "Present corporate income tax expenses": "N/A",
        "Deferred income taxes expenses": "N/A",
        "The interests of minority shareholders": "N/A",
        "Total Cost of profits": 0,
        "Profit after tax corporate income": -93,
        "Volume": 3634350,
        "Close of Quarter": 5.7,
        "EPS": 265.9,
        "Non-adjusted EPS": 846,
        "PE": 6.7,
        "Book Price": 3.9
      }
    },
    {
      "quarter": "Q2 2012",
      "income status": {
        "Net sales": 4592,
        "Cost of goods sold": 2166,
        "Gross Profit": 2427,
        "Financial expenses": -5957,
        "Of which: Interest expense": 128,
        "Cost of sales": "N/A",
        "Enterprise cost management": 1240,
        "Total Operating Expenses": -4717,
        "Total revenue financing activities": -4206,
        "Net profit from business activities": 2937,
        "Profit": 247,
        "Profit before tax": 3184,
        "Present corporate income tax expenses": 219,
        "Deferred income taxes expenses": "N/A",
        "The interests of minority shareholders": "N/A",
        "Total Cost of profits": 219,
        "Profit after tax corporate income": 2965,
        "Volume": 3528500,
        "Close of Quarter": 3.7,
        "EPS": 692.0,
        "Non-adjusted EPS": 2268,
        "PE": 1.6,
        "Book Price": 4.2
      }
    },
    {
      "quarter": "Q1 2012",
      "income status": {
        "Net sales": 7084,
        "Cost of goods sold": 2609,
        "Gross Profit": 4474,
        "Financial expenses": 5000,
        "Of which: Interest expense": 132,
        "Cost of sales": "N/A",
        "Enterprise cost management": 1234,
        "Total Operating Expenses": 6234,
        "Total revenue financing activities": 7285,
        "Net profit from business activities": 5526,
        "Profit": 43,
        "Profit before tax": 5569,
        "Present corporate income tax expenses": 298,
        "Deferred income taxes expenses": "N/A",
        "The interests of minority shareholders": "N/A",
        "Total Cost of profits": 298,
        "Profit after tax corporate income": 5271,
        "Volume": 3528500,
        "Close of Quarter": 4,
        "EPS": 1043.7,
        "Non-adjusted EPS": 3421,
        "PE": 1.2,
        "Book Price": 4.9
      }
    },
    {
      "quarter": "Q4 2011",
      "income status": {
        "Net sales": 8363,
        "Cost of goods sold": 2011,
        "Gross Profit": 6351,
        "Financial expenses": 20502,
        "Of which: Interest expense": "N/A",
        "Cost of sales": "N/A",
        "Enterprise cost management": 1355,
        "Total Operating Expenses": 21857,
        "Total revenue financing activities": 9664,
        "Net profit from business activities": -5842,
        "Profit": 50,
        "Profit before tax": -5792,
        "Present corporate income tax expenses": -724,
        "Deferred income taxes expenses": "N/A",
        "The interests of minority shareholders": "N/A",
        "Total Cost of profits": -724,
        "Profit after tax corporate income": -5068,
        "Volume": 3528500,
        "Close of Quarter": 7.3,
        "EPS": 997.7,
        "Non-adjusted EPS": 3270,
        "PE": 2.2,
        "Book Price": 4.3
      }
    },
    {
      "quarter": "Q3 2011",
      "income status": {
        "Net sales": 6940,
        "Cost of goods sold": 1625,
        "Gross Profit": 5315,
        "Financial expenses": 164,
        "Of which: Interest expense": 132,
        "Cost of sales": "N/A",
        "Enterprise cost management": 1208,
        "Total Operating Expenses": 1372,
        "Total revenue financing activities": 1386,
        "Net profit from business activities": 5330,
        "Profit": 33,
        "Profit before tax": 5363,
        "Present corporate income tax expenses": 527,
        "Deferred income taxes expenses": "N/A",
        "The interests of minority shareholders": "N/A",
        "Total Cost of profits": 527,
        "Profit after tax corporate income": 4836,
        "Volume": 3258500,
        "Close of Quarter": 4.1,
        "EPS": 1849.1,
        "Non-adjusted EPS": 6563,
        "PE": 0.6,
        "Book Price": 4.3
      }
    },
    {
      "quarter": "Q2 2011",
      "income status": {
        "Net sales": 8375,
        "Cost of goods sold": 1741,
        "Gross Profit": 6634,
        "Financial expenses": 552,
        "Of which: Interest expense": 120,
        "Cost of sales": "N/A",
        "Enterprise cost management": 1005,
        "Total Operating Expenses": 1557,
        "Total revenue financing activities": 2369,
        "Net profit from business activities": 7446,
        "Profit": 137,
        "Profit before tax": 7583,
        "Present corporate income tax expenses": 551,
        "Deferred income taxes expenses": "N/A",
        "The interests of minority shareholders": "N/A",
        "Total Cost of profits": 551,
        "Profit after tax corporate income": 7032,
        "Volume": 3258500,
        "Close of Quarter": 6.2,
        "EPS": 1678.1,
        "Non-adjusted EPS": 5956,
        "PE": 1.0,
        "Book Price": 4.2
      }
    },
    {
      "quarter": "Q1 2011",
      "income status": {
        "Net sales": 6228,
        "Cost of goods sold": 1462,
        "Gross Profit": 4767,
        "Financial expenses": 952,
        "Of which: Interest expense": 89,
        "Cost of sales": "N/A",
        "Enterprise cost management": 890,
        "Total Operating Expenses": 1842,
        "Total revenue financing activities": 1992,
        "Net profit from business activities": 4917,
        "Profit": 26,
        "Profit before tax": 4943,
        "Present corporate income tax expenses": 205,
        "Deferred income taxes expenses": "N/A",
        "The interests of minority shareholders": "N/A",
        "Total Cost of profits": 205,
        "Profit after tax corporate income": 4739,
        "Volume": 3393500,
        "Close of Quarter": 3.7,
        "EPS": 1318.6,
        "Non-adjusted EPS": 4494,
        "PE": 0.8,
        "Book Price": 3.4
      }
    }
  ]
}