{
  "ticker": "CTX",
  "data": [
    {
      "quarter": "Q4 2016",
      "income status": {
        "Net sales": 270163,
        "Cost of goods sold": 197121,
        "Gross Profit": 73041,
        "Financial expenses": 88795,
        "Of which: Interest expense": 1933,
        "Cost of sales": "N/A",
        "Enterprise cost management": -840,
        "Total Operating Expenses": 87955,
        "Total revenue financing activities": 68453,
        "Net profit from business activities": 53539,
        "Profit": -21719,
        "Profit before tax": 31820,
        "Present corporate income tax expenses": 13,
        "Deferred income taxes expenses": -1952,
        "The interests of minority shareholders": 4,
        "Total Cost of profits": -1935,
        "Profit after tax corporate income": 33755,
        "Volume": 26353800,
        "Close of Quarter": 19.4,
        "EPS": 330,
        "Non-adjusted EPS": 330,
        "PE": 58.8,
        "Book Price": 21.5
      }
    },
    {
      "quarter": "Q3 2016",
      "income status": {
        "Net sales": -182,
        "Cost of goods sold": 332,
        "Gross Profit": -513,
        "Financial expenses": 4044,
        "Of which: Interest expense": "N/A",
        "Cost of sales": "N/A",
        "Enterprise cost management": 5673,
        "Total Operating Expenses": 9717,
        "Total revenue financing activities": 2024,
        "Net profit from business activities": -8206,
        "Profit": -422,
        "Profit before tax": -8628,
        "Present corporate income tax expenses": 25,
        "Deferred income taxes expenses": "N/A",
        "The interests of minority shareholders": -3,
        "Total Cost of profits": 22,
        "Profit after tax corporate income": -8650,
        "Volume": 26353800,
        "Close of Quarter": 17.8,
        "EPS": -929,
        "Non-adjusted EPS": -929,
        "PE": -19.2,
        "Book Price": 20.2
      }
    },
    {
      "quarter": "Q2 2016",
      "income status": {
        "Net sales": 1271,
        "Cost of goods sold": 6175,
        "Gross Profit": -4903,
        "Financial expenses": 7458,
        "Of which: Interest expense": 8949,
        "Cost of sales": 6,
        "Enterprise cost management": 5421,
        "Total Operating Expenses": 12885,
        "Total revenue financing activities": 57,
        "Net profit from business activities": -18262,
        "Profit": 2214,
        "Profit before tax": -16048,
        "Present corporate income tax expenses": -224,
        "Deferred income taxes expenses": "N/A",
        "The interests of minority shareholders": 852,
        "Total Cost of profits": 628,
        "Profit after tax corporate income": -16677,
        "Volume": 26353800,
        "Close of Quarter": 17.8,
        "EPS": 18,
        "Non-adjusted EPS": 18,
        "PE": 988.9,
        "Book Price": 20.6
      }
    },
    {
      "quarter": "Q1 2016",
      "income status": {
        "Net sales": 10315,
        "Cost of goods sold": -1351,
        "Gross Profit": 11666,
        "Financial expenses": 1492,
        "Of which: Interest expense": "N/A",
        "Cost of sales": "N/A",
        "Enterprise cost management": 6579,
        "Total Operating Expenses": 8071,
        "Total revenue financing activities": 90,
        "Net profit from business activities": 3686,
        "Profit": -968,
        "Profit before tax": 2717,
        "Present corporate income tax expenses": 2457,
        "Deferred income taxes expenses": "N/A",
        "The interests of minority shareholders": -14,
        "Total Cost of profits": 2443,
        "Profit after tax corporate income": 274,
        "Volume": 26353800,
        "Close of Quarter": 20.2,
        "EPS": 702,
        "Non-adjusted EPS": 702,
        "PE": 28.8,
        "Book Price": 21.1
      }
    },
    {
      "quarter": "Q4 2015",
      "income status": {
        "Net sales": 121182,
        "Cost of goods sold": 113929,
        "Gross Profit": 7253,
        "Financial expenses": 2687,
        "Of which: Interest expense": 3824,
        "Cost of sales": "N/A",
        "Enterprise cost management": 5921,
        "Total Operating Expenses": 8608,
        "Total revenue financing activities": 2917,
        "Net profit from business activities": 1562,
        "Profit": "N/A",
        "Profit before tax": 1562,
        "Present corporate income tax expenses": 1027,
        "Deferred income taxes expenses": "N/A",
        "The interests of minority shareholders": -36,
        "Total Cost of profits": 991,
        "Profit after tax corporate income": 571,
        "Volume": 26353800,
        "Close of Quarter": 24.5,
        "EPS": 702,
        "Non-adjusted EPS": 702,
        "PE": 34.9,
        "Book Price": 20.9
      }
    },
    {
      "quarter": "Q3 2015",
      "income status": {
        "Net sales": 70651,
        "Cost of goods sold": 70068,
        "Gross Profit": 583,
        "Financial expenses": 3925,
        "Of which: Interest expense": 2785,
        "Cost of sales": "N/A",
        "Enterprise cost management": 5575,
        "Total Operating Expenses": 9500,
        "Total revenue financing activities": 381,
        "Net profit from business activities": -8536,
        "Profit": 26102,
        "Profit before tax": 17566,
        "Present corporate income tax expenses": 1270,
        "Deferred income taxes expenses": "N/A",
        "The interests of minority shareholders": -11,
        "Total Cost of profits": 1259,
        "Profit after tax corporate income": 16307,
        "Volume": 26353800,
        "Close of Quarter": 19.4,
        "EPS": 1736,
        "Non-adjusted EPS": 1736,
        "PE": 11.2,
        "Book Price": 21.2
      }
    },
    {
      "quarter": "Q2 2015",
      "income status": {
        "Net sales": 74173,
        "Cost of goods sold": 58137,
        "Gross Profit": 16036,
        "Financial expenses": 4873,
        "Of which: Interest expense": 4532,
        "Cost of sales": -8,
        "Enterprise cost management": 7818,
        "Total Operating Expenses": 12683,
        "Total revenue financing activities": 1881,
        "Net profit from business activities": 5453,
        "Profit": -489,
        "Profit before tax": 4964,
        "Present corporate income tax expenses": 3240,
        "Deferred income taxes expenses": 386,
        "The interests of minority shareholders": -14,
        "Total Cost of profits": 3612,
        "Profit after tax corporate income": 1351,
        "Volume": 25453800,
        "Close of Quarter": 17,
        "EPS": 1125.2,
        "Non-adjusted EPS": 1165,
        "PE": 14.6,
        "Book Price": 20.6
      }
    },
    {
      "quarter": "Q1 2015",
      "income status": {
        "Net sales": 50908,
        "Cost of goods sold": 45240,
        "Gross Profit": 5668,
        "Financial expenses": 593,
        "Of which: Interest expense": 593,
        "Cost of sales": 8,
        "Enterprise cost management": 4751,
        "Total Operating Expenses": 5352,
        "Total revenue financing activities": 191,
        "Net profit from business activities": 507,
        "Profit": -24,
        "Profit before tax": 483,
        "Present corporate income tax expenses": 209,
        "Deferred income taxes expenses": "N/A",
        "The interests of minority shareholders": 8,
        "Total Cost of profits": 217,
        "Profit after tax corporate income": 266,
        "Volume": 25453800,
        "Close of Quarter": 10.7,
        "EPS": 1113.6,
        "Non-adjusted EPS": 1153,
        "PE": 9.3,
        "Book Price": 20.6
      }
    },
    {
      "quarter": "Q4 2014",
      "income status": {
        "Net sales": 19516,
        "Cost of goods sold": 7071,
        "Gross Profit": 12446,
        "Financial expenses": 6294,
        "Of which: Interest expense": 5853,
        "Cost of sales": 212,
        "Enterprise cost management": 13468,
        "Total Operating Expenses": 19974,
        "Total revenue financing activities": 350,
        "Net profit from business activities": -7179,
        "Profit": 42674,
        "Profit before tax": 35496,
        "Present corporate income tax expenses": 7919,
        "Deferred income taxes expenses": "N/A",
        "The interests of minority shareholders": -249,
        "Total Cost of profits": 7670,
        "Profit after tax corporate income": 27826,
        "Volume": 25453800,
        "Close of Quarter": 10.1,
        "EPS": 1113.6,
        "Non-adjusted EPS": 1153,
        "PE": 8.8,
        "Book Price": 20.3
      }
    },
    {
      "quarter": "Q3 2014",
      "income status": {
        "Net sales": 266694,
        "Cost of goods sold": 260579,
        "Gross Profit": 6115,
        "Financial expenses": 56,
        "Of which: Interest expense": 465,
        "Cost of sales": "N/A",
        "Enterprise cost management": 5840,
        "Total Operating Expenses": 5896,
        "Total revenue financing activities": 701,
        "Net profit from business activities": 920,
        "Profit": -447,
        "Profit before tax": 473,
        "Present corporate income tax expenses": 278,
        "Deferred income taxes expenses": "N/A",
        "The interests of minority shareholders": -21,
        "Total Cost of profits": 257,
        "Profit after tax corporate income": 215,
        "Volume": 25453800,
        "Close of Quarter": 8.1,
        "EPS": 1546.3,
        "Non-adjusted EPS": 1601,
        "PE": 5.1,
        "Book Price": 19.2
      }
    },
    {
      "quarter": "Q2 2014",
      "income status": {
        "Net sales": 43192,
        "Cost of goods sold": 29107,
        "Gross Profit": 14085,
        "Financial expenses": 8954,
        "Of which: Interest expense": 8378,
        "Cost of sales": "N/A",
        "Enterprise cost management": 9198,
        "Total Operating Expenses": 18152,
        "Total revenue financing activities": 1465,
        "Net profit from business activities": -2279,
        "Profit": 3419,
        "Profit before tax": 1141,
        "Present corporate income tax expenses": 115,
        "Deferred income taxes expenses": "N/A",
        "The interests of minority shareholders": -26,
        "Total Cost of profits": 89,
        "Profit after tax corporate income": 1052,
        "Volume": 25453800,
        "Close of Quarter": 8.4,
        "EPS": 1601.4,
        "Non-adjusted EPS": 1658,
        "PE": 5.1,
        "Book Price": 19.4
      }
    },
    {
      "quarter": "Q1 2014",
      "income status": {
        "Net sales": 51099,
        "Cost of goods sold": 44006,
        "Gross Profit": 7093,
        "Financial expenses": 3443,
        "Of which: Interest expense": 3443,
        "Cost of sales": "N/A",
        "Enterprise cost management": 5494,
        "Total Operating Expenses": 8937,
        "Total revenue financing activities": 2050,
        "Net profit from business activities": 206,
        "Profit": 26,
        "Profit before tax": 232,
        "Present corporate income tax expenses": "N/A",
        "Deferred income taxes expenses": "N/A",
        "The interests of minority shareholders": -11,
        "Total Cost of profits": -11,
        "Profit after tax corporate income": 243,
        "Volume": 25453800,
        "Close of Quarter": 10.6,
        "EPS": 1659.3,
        "Non-adjusted EPS": 1718,
        "PE": 6.2,
        "Book Price": 19.4
      }
    },
    {
      "quarter": "Q4 2013",
      "income status": {
        "Net sales": 1103009,
        "Cost of goods sold": 997286,
        "Gross Profit": 105723,
        "Financial expenses": 43661,
        "Of which: Interest expense": 43661,
        "Cost of sales": 490,
        "Enterprise cost management": 164310,
        "Total Operating Expenses": 208461,
        "Total revenue financing activities": 2756,
        "Net profit from business activities": -99982,
        "Profit": 153259,
        "Profit before tax": 53276,
        "Present corporate income tax expenses": 14514,
        "Deferred income taxes expenses": "N/A",
        "The interests of minority shareholders": -467,
        "Total Cost of profits": 14047,
        "Profit after tax corporate income": 39229,
        "Volume": 25453800,
        "Close of Quarter": 7,
        "EPS": 1659.3,
        "Non-adjusted EPS": 1718,
        "PE": 4.1,
        "Book Price": 19.4
      }
    },
    {
      "quarter": "Q3 2013",
      "income status": {
        "Net sales": 60021,
        "Cost of goods sold": 56710,
        "Gross Profit": 3311,
        "Financial expenses": 38,
        "Of which: Interest expense": "N/A",
        "Cost of sales": "N/A",
        "Enterprise cost management": 9803,
        "Total Operating Expenses": 9841,
        "Total revenue financing activities": 1568,
        "Net profit from business activities": -4963,
        "Profit": 6589,
        "Profit before tax": 1626,
        "Present corporate income tax expenses": 3,
        "Deferred income taxes expenses": "N/A",
        "The interests of minority shareholders": -52,
        "Total Cost of profits": -49,
        "Profit after tax corporate income": 1675,
        "Volume": 25453800,
        "Close of Quarter": 7.2,
        "EPS": 48.3,
        "Non-adjusted EPS": 50,
        "PE": 144,
        "Book Price": 11.0
      }
    },
    {
      "quarter": "Q2 2013",
      "income status": {
        "Net sales": 149837,
        "Cost of goods sold": 144420,
        "Gross Profit": 5417,
        "Financial expenses": 2201,
        "Of which: Interest expense": 2170,
        "Cost of sales": "N/A",
        "Enterprise cost management": 11148,
        "Total Operating Expenses": 13349,
        "Total revenue financing activities": 8447,
        "Net profit from business activities": 515,
        "Profit": 841,
        "Profit before tax": 2240,
        "Present corporate income tax expenses": -42,
        "Deferred income taxes expenses": "N/A",
        "The interests of minority shareholders": -304,
        "Total Cost of profits": -346,
        "Profit after tax corporate income": 2586,
        "Volume": 25453800,
        "Close of Quarter": 6,
        "EPS": 86.9,
        "Non-adjusted EPS": 90,
        "PE": 66.7,
        "Book Price": 11.1
      }
    },
    {
      "quarter": "Q1 2013",
      "income status": {
        "Net sales": 40967,
        "Cost of goods sold": 40936,
        "Gross Profit": 31,
        "Financial expenses": 2386,
        "Of which: Interest expense": "N/A",
        "Cost of sales": "N/A",
        "Enterprise cost management": 5345,
        "Total Operating Expenses": 7731,
        "Total revenue financing activities": 7971,
        "Net profit from business activities": 272,
        "Profit": 13,
        "Profit before tax": 285,
        "Present corporate income tax expenses": 42,
        "Deferred income taxes expenses": "N/A",
        "The interests of minority shareholders": "N/A",
        "Total Cost of profits": 42,
        "Profit after tax corporate income": 243,
        "Volume": 25453800,
        "Close of Quarter": 8.3,
        "EPS": 43.5,
        "Non-adjusted EPS": 45,
        "PE": 184.4,
        "Book Price": 10.9
      }
    },
    {
      "quarter": "Q4 2012",
      "income status": {
        "Net sales": 247412,
        "Cost of goods sold": 242158,
        "Gross Profit": 5254,
        "Financial expenses": 13713,
        "Of which: Interest expense": 12001,
        "Cost of sales": 381,
        "Enterprise cost management": 20662,
        "Total Operating Expenses": 34756,
        "Total revenue financing activities": 5768,
        "Net profit from business activities": -23735,
        "Profit": 22649,
        "Profit before tax": -1086,
        "Present corporate income tax expenses": 2138,
        "Deferred income taxes expenses": "N/A",
        "The interests of minority shareholders": 14,
        "Total Cost of profits": 2152,
        "Profit after tax corporate income": -3238,
        "Volume": 25453800,
        "Close of Quarter": 8.1,
        "EPS": 33.8,
        "Non-adjusted EPS": 35,
        "PE": 231.4,
        "Book Price": 11.5
      }
    },
    {
      "quarter": "Q3 2012",
      "income status": {
        "Net sales": 167596,
        "Cost of goods sold": 148836,
        "Gross Profit": 18760,
        "Financial expenses": 9155,
        "Of which: Interest expense": 12001,
        "Cost of sales": 738,
        "Enterprise cost management": 8863,
        "Total Operating Expenses": 18756,
        "Total revenue financing activities": 4232,
        "Net profit from business activities": 4236,
        "Profit": -549,
        "Profit before tax": 3687,
        "Present corporate income tax expenses": 1012,
        "Deferred income taxes expenses": "N/A",
        "The interests of minority shareholders": -28,
        "Total Cost of profits": 984,
        "Profit after tax corporate income": 2704,
        "Volume": 25453800,
        "Close of Quarter": 6.4,
        "EPS": 156.5,
        "Non-adjusted EPS": 162,
        "PE": 39.3,
        "Book Price": 11.2
      }
    },
    {
      "quarter": "Q2 2012",
      "income status": {
        "Net sales": 96156,
        "Cost of goods sold": 81624,
        "Gross Profit": 14533,
        "Financial expenses": 7659,
        "Of which: Interest expense": 4691,
        "Cost of sales": 569,
        "Enterprise cost management": 8656,
        "Total Operating Expenses": 16884,
        "Total revenue financing activities": 3659,
        "Net profit from business activities": 1308,
        "Profit": 550,
        "Profit before tax": 1858,
        "Present corporate income tax expenses": 464,
        "Deferred income taxes expenses": "N/A",
        "The interests of minority shareholders": -36,
        "Total Cost of profits": 428,
        "Profit after tax corporate income": 1429,
        "Volume": 25453800,
        "Close of Quarter": 7.0,
        "EPS": 54.1,
        "Non-adjusted EPS": 56,
        "PE": 124.6,
        "Book Price": 11.0
      }
    }
  ]
}