{
  "ticker": "BRC",
  "data": [
    {
      "quarter": "Q4 2016",
      "income status": {
        "Net sales": 66905,
        "Cost of goods sold": 50225,
        "Gross Profit": 16680,
        "Financial expenses": 1240,
        "Of which: Interest expense": 272,
        "Cost of sales": 9172,
        "Enterprise cost management": 1997,
        "Total Operating Expenses": 12409,
        "Total revenue financing activities": 7241,
        "Net profit from business activities": 11512,
        "Profit": -83,
        "Profit before tax": 11429,
        "Present corporate income tax expenses": 1349,
        "Deferred income taxes expenses": "N/A",
        "The interests of minority shareholders": "N/A",
        "Total Cost of profits": 1349,
        "Profit after tax corporate income": 10080,
        "Volume": 12374997,
        "Close of Quarter": 9.6,
        "EPS": 1849,
        "Non-adjusted EPS": 1849,
        "PE": 5.2,
        "Book Price": 15.7
      }
    },
    {
      "quarter": "Q3 2016",
      "income status": {
        "Net sales": 44017,
        "Cost of goods sold": 33622,
        "Gross Profit": 10396,
        "Financial expenses": 236,
        "Of which: Interest expense": 225,
        "Cost of sales": 6129,
        "Enterprise cost management": 1621,
        "Total Operating Expenses": 7986,
        "Total revenue financing activities": 515,
        "Net profit from business activities": 2925,
        "Profit": 15,
        "Profit before tax": 2940,
        "Present corporate income tax expenses": 802,
        "Deferred income taxes expenses": "N/A",
        "The interests of minority shareholders": "N/A",
        "Total Cost of profits": 802,
        "Profit after tax corporate income": 2138,
        "Volume": 12374997,
        "Close of Quarter": 11.0,
        "EPS": 1275,
        "Non-adjusted EPS": 1275,
        "PE": 8.6,
        "Book Price": 15.4
      }
    },
    {
      "quarter": "Q2 2016",
      "income status": {
        "Net sales": 46272,
        "Cost of goods sold": 29654,
        "Gross Profit": 16618,
        "Financial expenses": 817,
        "Of which: Interest expense": 308,
        "Cost of sales": 8087,
        "Enterprise cost management": 3110,
        "Total Operating Expenses": 12014,
        "Total revenue financing activities": 2011,
        "Net profit from business activities": 6616,
        "Profit": 7,
        "Profit before tax": 6622,
        "Present corporate income tax expenses": 1332,
        "Deferred income taxes expenses": "N/A",
        "The interests of minority shareholders": "N/A",
        "Total Cost of profits": 1332,
        "Profit after tax corporate income": 5291,
        "Volume": 12374997,
        "Close of Quarter": 8.8,
        "EPS": 1444,
        "Non-adjusted EPS": 1444,
        "PE": 6.1,
        "Book Price": 15.2
      }
    },
    {
      "quarter": "Q1 2016",
      "income status": {
        "Net sales": 45690,
        "Cost of goods sold": 31506,
        "Gross Profit": 14184,
        "Financial expenses": 268,
        "Of which: Interest expense": 264,
        "Cost of sales": 5661,
        "Enterprise cost management": 1758,
        "Total Operating Expenses": 7687,
        "Total revenue financing activities": 222,
        "Net profit from business activities": 6719,
        "Profit": "N/A",
        "Profit before tax": 6719,
        "Present corporate income tax expenses": 1344,
        "Deferred income taxes expenses": "N/A",
        "The interests of minority shareholders": "N/A",
        "Total Cost of profits": 1344,
        "Profit after tax corporate income": 5374,
        "Volume": 12374997,
        "Close of Quarter": 7.7,
        "EPS": 1397,
        "Non-adjusted EPS": 1397,
        "PE": 5.5,
        "Book Price": 15.8
      }
    },
    {
      "quarter": "Q4 2015",
      "income status": {
        "Net sales": 37280,
        "Cost of goods sold": 25494,
        "Gross Profit": 11786,
        "Financial expenses": 581,
        "Of which: Interest expense": 496,
        "Cost of sales": 6494,
        "Enterprise cost management": 1149,
        "Total Operating Expenses": 8224,
        "Total revenue financing activities": 281,
        "Net profit from business activities": 3843,
        "Profit": -1,
        "Profit before tax": 3842,
        "Present corporate income tax expenses": 870,
        "Deferred income taxes expenses": "N/A",
        "The interests of minority shareholders": "N/A",
        "Total Cost of profits": 870,
        "Profit after tax corporate income": 2972,
        "Volume": 12374997,
        "Close of Quarter": 8.6,
        "EPS": 1173,
        "Non-adjusted EPS": 1173,
        "PE": 7.3,
        "Book Price": 15.4
      }
    },
    {
      "quarter": "Q3 2015",
      "income status": {
        "Net sales": 53930,
        "Cost of goods sold": 38778,
        "Gross Profit": 15152,
        "Financial expenses": 507,
        "Of which: Interest expense": 447,
        "Cost of sales": 7898,
        "Enterprise cost management": 1816,
        "Total Operating Expenses": 10221,
        "Total revenue financing activities": 318,
        "Net profit from business activities": 5249,
        "Profit": 114,
        "Profit before tax": 5363,
        "Present corporate income tax expenses": 1133,
        "Deferred income taxes expenses": "N/A",
        "The interests of minority shareholders": "N/A",
        "Total Cost of profits": 1133,
        "Profit after tax corporate income": 4230,
        "Volume": 12374997,
        "Close of Quarter": 7.6,
        "EPS": 1212,
        "Non-adjusted EPS": 1212,
        "PE": 6.3,
        "Book Price": 15.2
      }
    },
    {
      "quarter": "Q2 2015",
      "income status": {
        "Net sales": 47457,
        "Cost of goods sold": 30150,
        "Gross Profit": 17307,
        "Financial expenses": 1088,
        "Of which: Interest expense": 602,
        "Cost of sales": 8267,
        "Enterprise cost management": 2139,
        "Total Operating Expenses": 11494,
        "Total revenue financing activities": 398,
        "Net profit from business activities": 6211,
        "Profit": -37,
        "Profit before tax": 6174,
        "Present corporate income tax expenses": 1456,
        "Deferred income taxes expenses": "N/A",
        "The interests of minority shareholders": "N/A",
        "Total Cost of profits": 1456,
        "Profit after tax corporate income": 4717,
        "Volume": 12374997,
        "Close of Quarter": 7.8,
        "EPS": 1242,
        "Non-adjusted EPS": 1242,
        "PE": 6.3,
        "Book Price": 14.8
      }
    },
    {
      "quarter": "Q1 2015",
      "income status": {
        "Net sales": 41295,
        "Cost of goods sold": 33619,
        "Gross Profit": 7676,
        "Financial expenses": 108,
        "Of which: Interest expense": 102,
        "Cost of sales": 3352,
        "Enterprise cost management": 1810,
        "Total Operating Expenses": 5270,
        "Total revenue financing activities": 806,
        "Net profit from business activities": 3212,
        "Profit": -1,
        "Profit before tax": 3211,
        "Present corporate income tax expenses": 616,
        "Deferred income taxes expenses": "N/A",
        "The interests of minority shareholders": "N/A",
        "Total Cost of profits": 616,
        "Profit after tax corporate income": 2595,
        "Volume": 12374997,
        "Close of Quarter": 7.7,
        "EPS": 1156,
        "Non-adjusted EPS": 1156,
        "PE": 6.7,
        "Book Price": 15.3
      }
    },
    {
      "quarter": "Q4 2014",
      "income status": {
        "Net sales": 52476,
        "Cost of goods sold": 40254,
        "Gross Profit": 12221,
        "Financial expenses": -843,
        "Of which: Interest expense": -1394,
        "Cost of sales": 7595,
        "Enterprise cost management": 1351,
        "Total Operating Expenses": 8103,
        "Total revenue financing activities": 702,
        "Net profit from business activities": 4820,
        "Profit": -312,
        "Profit before tax": 4508,
        "Present corporate income tax expenses": 1049,
        "Deferred income taxes expenses": "N/A",
        "The interests of minority shareholders": "N/A",
        "Total Cost of profits": 1049,
        "Profit after tax corporate income": 3459,
        "Volume": 12374997,
        "Close of Quarter": 8.4,
        "EPS": 1291,
        "Non-adjusted EPS": 1291,
        "PE": 6.5,
        "Book Price": 15.1
      }
    },
    {
      "quarter": "Q3 2014",
      "income status": {
        "Net sales": 56603,
        "Cost of goods sold": 40608,
        "Gross Profit": 15995,
        "Financial expenses": 1629,
        "Of which: Interest expense": 1460,
        "Cost of sales": 6612,
        "Enterprise cost management": 1949,
        "Total Operating Expenses": 10190,
        "Total revenue financing activities": 409,
        "Net profit from business activities": 6214,
        "Profit": -342,
        "Profit before tax": 5872,
        "Present corporate income tax expenses": 1276,
        "Deferred income taxes expenses": "N/A",
        "The interests of minority shareholders": "N/A",
        "Total Cost of profits": 1276,
        "Profit after tax corporate income": 4596,
        "Volume": 12374997,
        "Close of Quarter": 7.8,
        "EPS": 1278,
        "Non-adjusted EPS": 1278,
        "PE": 6.1,
        "Book Price": 14.8
      }
    },
    {
      "quarter": "Q2 2014",
      "income status": {
        "Net sales": 46483,
        "Cost of goods sold": 35258,
        "Gross Profit": 11225,
        "Financial expenses": -27,
        "Of which: Interest expense": -65,
        "Cost of sales": 4036,
        "Enterprise cost management": 3659,
        "Total Operating Expenses": 7668,
        "Total revenue financing activities": 1145,
        "Net profit from business activities": 4703,
        "Profit": 9,
        "Profit before tax": 4712,
        "Present corporate income tax expenses": 1058,
        "Deferred income taxes expenses": "N/A",
        "The interests of minority shareholders": "N/A",
        "Total Cost of profits": 1058,
        "Profit after tax corporate income": 3653,
        "Volume": 12374997,
        "Close of Quarter": 8.4,
        "EPS": 1041,
        "Non-adjusted EPS": 1041,
        "PE": 8.0,
        "Book Price": 14.4
      }
    },
    {
      "quarter": "Q1 2014",
      "income status": {
        "Net sales": 48152,
        "Cost of goods sold": 33918,
        "Gross Profit": 14233,
        "Financial expenses": 748,
        "Of which: Interest expense": 599,
        "Cost of sales": 6953,
        "Enterprise cost management": 1661,
        "Total Operating Expenses": 9362,
        "Total revenue financing activities": 607,
        "Net profit from business activities": 5479,
        "Profit": -2,
        "Profit before tax": 5477,
        "Present corporate income tax expenses": 1207,
        "Deferred income taxes expenses": "N/A",
        "The interests of minority shareholders": "N/A",
        "Total Cost of profits": 1207,
        "Profit after tax corporate income": 4270,
        "Volume": 12374997,
        "Close of Quarter": 8.5,
        "EPS": 975,
        "Non-adjusted EPS": 975,
        "PE": 8.7,
        "Book Price": 14.6
      }
    },
    {
      "quarter": "Q4 2013",
      "income status": {
        "Net sales": 53246,
        "Cost of goods sold": 39956,
        "Gross Profit": 13290,
        "Financial expenses": 918,
        "Of which: Interest expense": 409,
        "Cost of sales": 6471,
        "Enterprise cost management": 2257,
        "Total Operating Expenses": 9646,
        "Total revenue financing activities": 784,
        "Net profit from business activities": 4429,
        "Profit": 3,
        "Profit before tax": 4433,
        "Present corporate income tax expenses": 1133,
        "Deferred income taxes expenses": "N/A",
        "The interests of minority shareholders": "N/A",
        "Total Cost of profits": 1133,
        "Profit after tax corporate income": 3299,
        "Volume": 12374997,
        "Close of Quarter": 7.9,
        "EPS": 864,
        "Non-adjusted EPS": 864,
        "PE": 9.2,
        "Book Price": 14.3
      }
    },
    {
      "quarter": "Q3 2013",
      "income status": {
        "Net sales": 40001,
        "Cost of goods sold": 31244,
        "Gross Profit": 8757,
        "Financial expenses": 616,
        "Of which: Interest expense": -60,
        "Cost of sales": 4179,
        "Enterprise cost management": 2434,
        "Total Operating Expenses": 7229,
        "Total revenue financing activities": 690,
        "Net profit from business activities": 2217,
        "Profit": -6,
        "Profit before tax": 2212,
        "Present corporate income tax expenses": 553,
        "Deferred income taxes expenses": "N/A",
        "The interests of minority shareholders": "N/A",
        "Total Cost of profits": 553,
        "Profit after tax corporate income": 1659,
        "Volume": 8249998,
        "Close of Quarter": 8.3,
        "EPS": 1111.3,
        "Non-adjusted EPS": 1667,
        "PE": 5.0,
        "Book Price": 10.9
      }
    },
    {
      "quarter": "Q2 2013",
      "income status": {
        "Net sales": 39118,
        "Cost of goods sold": 28199,
        "Gross Profit": 10919,
        "Financial expenses": 680,
        "Of which: Interest expense": 76,
        "Cost of sales": 4955,
        "Enterprise cost management": 2326,
        "Total Operating Expenses": 7961,
        "Total revenue financing activities": 992,
        "Net profit from business activities": 3950,
        "Profit": -173,
        "Profit before tax": 3777,
        "Present corporate income tax expenses": 944,
        "Deferred income taxes expenses": "N/A",
        "The interests of minority shareholders": "N/A",
        "Total Cost of profits": 944,
        "Profit after tax corporate income": 2833,
        "Volume": 8249998,
        "Close of Quarter": 8.2,
        "EPS": 1360,
        "Non-adjusted EPS": 2040,
        "PE": 4.0,
        "Book Price": 10.7
      }
    },
    {
      "quarter": "Q1 2013",
      "income status": {
        "Net sales": 70522,
        "Cost of goods sold": 59330,
        "Gross Profit": 11193,
        "Financial expenses": 639,
        "Of which: Interest expense": 379,
        "Cost of sales": 5524,
        "Enterprise cost management": 1652,
        "Total Operating Expenses": 7815,
        "Total revenue financing activities": 488,
        "Net profit from business activities": 3866,
        "Profit": 3,
        "Profit before tax": 3869,
        "Present corporate income tax expenses": 967,
        "Deferred income taxes expenses": "N/A",
        "The interests of minority shareholders": "N/A",
        "Total Cost of profits": 967,
        "Profit after tax corporate income": 2902,
        "Volume": 8249998,
        "Close of Quarter": 8.3,
        "EPS": 1414.7,
        "Non-adjusted EPS": 2122,
        "PE": 3.9,
        "Book Price": 11.5
      }
    },
    {
      "quarter": "Q4 2012",
      "income status": {
        "Net sales": 46010,
        "Cost of goods sold": 35211,
        "Gross Profit": 10799,
        "Financial expenses": 614,
        "Of which: Interest expense": 258,
        "Cost of sales": 3313,
        "Enterprise cost management": 2687,
        "Total Operating Expenses": 6614,
        "Total revenue financing activities": 1208,
        "Net profit from business activities": 5392,
        "Profit": 1758,
        "Profit before tax": 7151,
        "Present corporate income tax expenses": 789,
        "Deferred income taxes expenses": "N/A",
        "The interests of minority shareholders": "N/A",
        "Total Cost of profits": 789,
        "Profit after tax corporate income": 6362,
        "Volume": 8249998,
        "Close of Quarter": 7.8,
        "EPS": 1393.3,
        "Non-adjusted EPS": 2090,
        "PE": 3.7,
        "Book Price": 11.3
      }
    },
    {
      "quarter": "Q3 2012",
      "income status": {
        "Net sales": 39196,
        "Cost of goods sold": 30439,
        "Gross Profit": 8756,
        "Financial expenses": 561,
        "Of which: Interest expense": 307,
        "Cost of sales": 3365,
        "Enterprise cost management": 1360,
        "Total Operating Expenses": 5286,
        "Total revenue financing activities": 1940,
        "Net profit from business activities": 5410,
        "Profit": -4,
        "Profit before tax": 5406,
        "Present corporate income tax expenses": 673,
        "Deferred income taxes expenses": "N/A",
        "The interests of minority shareholders": "N/A",
        "Total Cost of profits": 673,
        "Profit after tax corporate income": 4733,
        "Volume": 8249998,
        "Close of Quarter": 7.8,
        "EPS": 1077.3,
        "Non-adjusted EPS": 1616,
        "PE": 4.8,
        "Book Price": 10.8
      }
    },
    {
      "quarter": "Q2 2012",
      "income status": {
        "Net sales": 56472,
        "Cost of goods sold": 47324,
        "Gross Profit": 9148,
        "Financial expenses": 550,
        "Of which: Interest expense": 403,
        "Cost of sales": 4272,
        "Enterprise cost management": 2369,
        "Total Operating Expenses": 7191,
        "Total revenue financing activities": 1770,
        "Net profit from business activities": 3727,
        "Profit": 35,
        "Profit before tax": 3762,
        "Present corporate income tax expenses": 256,
        "Deferred income taxes expenses": "N/A",
        "The interests of minority shareholders": "N/A",
        "Total Cost of profits": 256,
        "Profit after tax corporate income": 3507,
        "Volume": 8249998,
        "Close of Quarter": 7.7,
        "EPS": 1008.7,
        "Non-adjusted EPS": 1513,
        "PE": 5.1,
        "Book Price": 10.5
      }
    },
    {
      "quarter": "Q1 2012",
      "income status": {
        "Net sales": 50207,
        "Cost of goods sold": 40849,
        "Gross Profit": 9358,
        "Financial expenses": 691,
        "Of which: Interest expense": 405,
        "Cost of sales": 4493,
        "Enterprise cost management": 1897,
        "Total Operating Expenses": 7081,
        "Total revenue financing activities": 1243,
        "Net profit from business activities": 3520,
        "Profit": "N/A",
        "Profit before tax": 3519,
        "Present corporate income tax expenses": 880,
        "Deferred income taxes expenses": "N/A",
        "The interests of minority shareholders": "N/A",
        "Total Cost of profits": 880,
        "Profit after tax corporate income": 2639,
        "Volume": 8249998,
        "Close of Quarter": 7.1,
        "EPS": 931.3,
        "Non-adjusted EPS": 1397,
        "PE": 5.1,
        "Book Price": 10.2
      }
    },
    {
      "quarter": "Q4 2011",
      "income status": {
        "Net sales": 50326,
        "Cost of goods sold": 40601,
        "Gross Profit": 9726,
        "Financial expenses": 1917,
        "Of which: Interest expense": 283,
        "Cost of sales": 6376,
        "Enterprise cost management": 2863,
        "Total Operating Expenses": 11156,
        "Total revenue financing activities": 4497,
        "Net profit from business activities": 3067,
        "Profit": 7,
        "Profit before tax": 17163,
        "Present corporate income tax expenses": 622,
        "Deferred income taxes expenses": "N/A",
        "The interests of minority shareholders": "N/A",
        "Total Cost of profits": 622,
        "Profit after tax corporate income": 2452,
        "Volume": 8249998,
        "Close of Quarter": 4.8,
        "EPS": 888,
        "Non-adjusted EPS": 1332,
        "PE": 3.6,
        "Book Price": 10.1
      }
    },
    {
      "quarter": "Q3 2011",
      "income status": {
        "Net sales": 56791,
        "Cost of goods sold": 46804,
        "Gross Profit": 9987,
        "Financial expenses": 633,
        "Of which: Interest expense": 218,
        "Cost of sales": 4129,
        "Enterprise cost management": 1364,
        "Total Operating Expenses": 6126,
        "Total revenue financing activities": 1317,
        "Net profit from business activities": 5178,
        "Profit": -1,
        "Profit before tax": 14611,
        "Present corporate income tax expenses": 1294,
        "Deferred income taxes expenses": "N/A",
        "The interests of minority shareholders": "N/A",
        "Total Cost of profits": 1294,
        "Profit after tax corporate income": 3883,
        "Volume": 8249998,
        "Close of Quarter": "N/A",
        "EPS": 876,
        "Non-adjusted EPS": 1314,
        "PE": "N/A",
        "Book Price": 10.7
      }
    },
    {
      "quarter": "Q1 2011",
      "income status": {
        "Net sales": 22940,
        "Cost of goods sold": 15575,
        "Gross Profit": 7364,
        "Financial expenses": 721,
        "Of which: Interest expense": 111,
        "Cost of sales": 2790,
        "Enterprise cost management": 1886,
        "Total Operating Expenses": 5397,
        "Total revenue financing activities": 1432,
        "Net profit from business activities": 3399,
        "Profit": 8,
        "Profit before tax": 3406,
        "Present corporate income tax expenses": 852,
        "Deferred income taxes expenses": "N/A",
        "The interests of minority shareholders": "N/A",
        "Total Cost of profits": 852,
        "Profit after tax corporate income": 2555,
        "Volume": 8249998,
        "Close of Quarter": "N/A",
        "EPS": 562.7,
        "Non-adjusted EPS": 844,
        "PE": "N/A",
        "Book Price": "N/A"
      }
    }
  ]
}