{
  "ticker": "GLT",
  "data": [
    {
      "quarter": "Q4 2016",
      "income status": {
        "Net sales": 77622,
        "Cost of goods sold": 48333,
        "Gross Profit": 29289,
        "Financial expenses": 365,
        "Of which: Interest expense": 279,
        "Cost of sales": 5089,
        "Enterprise cost management": 4621,
        "Total Operating Expenses": 10075,
        "Total revenue financing activities": 908,
        "Net profit from business activities": 20121,
        "Profit": 8,
        "Profit before tax": 20129,
        "Present corporate income tax expenses": 4497,
        "Deferred income taxes expenses": "N/A",
        "The interests of minority shareholders": 802,
        "Total Cost of profits": 5299,
        "Profit after tax corporate income": 14830,
        "Volume": 9216696,
        "Close of Quarter": 44.6,
        "EPS": 2874,
        "Non-adjusted EPS": 2874,
        "PE": 15.5,
        "Book Price": 12.4
      }
    },
    {
      "quarter": "Q3 2016",
      "income status": {
        "Net sales": 30375,
        "Cost of goods sold": 18027,
        "Gross Profit": 12349,
        "Financial expenses": 282,
        "Of which: Interest expense": 261,
        "Cost of sales": 3987,
        "Enterprise cost management": 2492,
        "Total Operating Expenses": 6761,
        "Total revenue financing activities": 933,
        "Net profit from business activities": 6522,
        "Profit": -2,
        "Profit before tax": 6520,
        "Present corporate income tax expenses": 1260,
        "Deferred income taxes expenses": 25,
        "The interests of minority shareholders": -157,
        "Total Cost of profits": 1128,
        "Profit after tax corporate income": 5391,
        "Volume": 9216696,
        "Close of Quarter": 30.1,
        "EPS": 2369,
        "Non-adjusted EPS": 2369,
        "PE": 12.7,
        "Book Price": 12.4
      }
    },
    {
      "quarter": "Q2 2016",
      "income status": {
        "Net sales": 34280,
        "Cost of goods sold": 20774,
        "Gross Profit": 13506,
        "Financial expenses": 341,
        "Of which: Interest expense": 324,
        "Cost of sales": 3706,
        "Enterprise cost management": 2358,
        "Total Operating Expenses": 6405,
        "Total revenue financing activities": 936,
        "Net profit from business activities": 8037,
        "Profit": -3,
        "Profit before tax": 8034,
        "Present corporate income tax expenses": 1684,
        "Deferred income taxes expenses": "N/A",
        "The interests of minority shareholders": 978,
        "Total Cost of profits": 2662,
        "Profit after tax corporate income": 5372,
        "Volume": 9216696,
        "Close of Quarter": 41.3,
        "EPS": 2602,
        "Non-adjusted EPS": 2602,
        "PE": 15.9,
        "Book Price": 11.8
      }
    },
    {
      "quarter": "Q1 2016",
      "income status": {
        "Net sales": 25765,
        "Cost of goods sold": 15672,
        "Gross Profit": 10093,
        "Financial expenses": 460,
        "Of which: Interest expense": 455,
        "Cost of sales": 5625,
        "Enterprise cost management": 3719,
        "Total Operating Expenses": 9804,
        "Total revenue financing activities": 1191,
        "Net profit from business activities": 1481,
        "Profit": 129,
        "Profit before tax": 1609,
        "Present corporate income tax expenses": 667,
        "Deferred income taxes expenses": 8,
        "The interests of minority shareholders": 36,
        "Total Cost of profits": 711,
        "Profit after tax corporate income": 899,
        "Volume": 9216696,
        "Close of Quarter": 26.6,
        "EPS": 2527,
        "Non-adjusted EPS": 2527,
        "PE": 10.5,
        "Book Price": 11.1
      }
    },
    {
      "quarter": "Q4 2015",
      "income status": {
        "Net sales": 77428,
        "Cost of goods sold": 53890,
        "Gross Profit": 23538,
        "Financial expenses": 310,
        "Of which: Interest expense": 449,
        "Cost of sales": 5514,
        "Enterprise cost management": 2505,
        "Total Operating Expenses": 8329,
        "Total revenue financing activities": 1134,
        "Net profit from business activities": 16343,
        "Profit": 58,
        "Profit before tax": 16401,
        "Present corporate income tax expenses": 3531,
        "Deferred income taxes expenses": "N/A",
        "The interests of minority shareholders": 2701,
        "Total Cost of profits": 6232,
        "Profit after tax corporate income": 10169,
        "Volume": 9216696,
        "Close of Quarter": 24.8,
        "EPS": 2983,
        "Non-adjusted EPS": 2983,
        "PE": 8.3,
        "Book Price": 13.5
      }
    },
    {
      "quarter": "Q3 2015",
      "income status": {
        "Net sales": 65591,
        "Cost of goods sold": 45467,
        "Gross Profit": 20124,
        "Financial expenses": 666,
        "Of which: Interest expense": 434,
        "Cost of sales": 5024,
        "Enterprise cost management": 2975,
        "Total Operating Expenses": 8665,
        "Total revenue financing activities": 1003,
        "Net profit from business activities": 12462,
        "Profit": -85,
        "Profit before tax": 12377,
        "Present corporate income tax expenses": 2434,
        "Deferred income taxes expenses": 78,
        "The interests of minority shareholders": 2321,
        "Total Cost of profits": 4833,
        "Profit after tax corporate income": 7544,
        "Volume": 9216696,
        "Close of Quarter": 22.1,
        "EPS": 2556,
        "Non-adjusted EPS": 2556,
        "PE": 8.7,
        "Book Price": 12.2
      }
    },
    {
      "quarter": "Q2 2015",
      "income status": {
        "Net sales": 25300,
        "Cost of goods sold": 13571,
        "Gross Profit": 11729,
        "Financial expenses": 331,
        "Of which: Interest expense": 268,
        "Cost of sales": 3429,
        "Enterprise cost management": 2626,
        "Total Operating Expenses": 6386,
        "Total revenue financing activities": 1112,
        "Net profit from business activities": 6455,
        "Profit": 1,
        "Profit before tax": 6457,
        "Present corporate income tax expenses": 1431,
        "Deferred income taxes expenses": "N/A",
        "The interests of minority shareholders": 345,
        "Total Cost of profits": 1776,
        "Profit after tax corporate income": 4680,
        "Volume": 9216696,
        "Close of Quarter": 17.4,
        "EPS": 2176,
        "Non-adjusted EPS": 2176,
        "PE": 8.0,
        "Book Price": 11.4
      }
    },
    {
      "quarter": "Q1 2015",
      "income status": {
        "Net sales": 50960,
        "Cost of goods sold": 32533,
        "Gross Profit": 18427,
        "Financial expenses": 228,
        "Of which: Interest expense": 141,
        "Cost of sales": 5333,
        "Enterprise cost management": 5540,
        "Total Operating Expenses": 11101,
        "Total revenue financing activities": 1279,
        "Net profit from business activities": 8605,
        "Profit": -77,
        "Profit before tax": 8528,
        "Present corporate income tax expenses": 1791,
        "Deferred income taxes expenses": -76,
        "The interests of minority shareholders": 1708,
        "Total Cost of profits": 3423,
        "Profit after tax corporate income": 5104,
        "Volume": 9216696,
        "Close of Quarter": 16.0,
        "EPS": 1931,
        "Non-adjusted EPS": 1931,
        "PE": 8.3,
        "Book Price": 12
      }
    },
    {
      "quarter": "Q4 2014",
      "income status": {
        "Net sales": 38016,
        "Cost of goods sold": 21036,
        "Gross Profit": 16980,
        "Financial expenses": 160,
        "Of which: Interest expense": 81,
        "Cost of sales": 5652,
        "Enterprise cost management": 2901,
        "Total Operating Expenses": 8713,
        "Total revenue financing activities": 1423,
        "Net profit from business activities": 9690,
        "Profit": -2,
        "Profit before tax": 9687,
        "Present corporate income tax expenses": 2379,
        "Deferred income taxes expenses": "N/A",
        "The interests of minority shareholders": 1077,
        "Total Cost of profits": 3456,
        "Profit after tax corporate income": 6231,
        "Volume": 9216696,
        "Close of Quarter": 15.6,
        "EPS": 1725,
        "Non-adjusted EPS": 1725,
        "PE": 9.1,
        "Book Price": 12.6
      }
    },
    {
      "quarter": "Q3 2014",
      "income status": {
        "Net sales": 28687,
        "Cost of goods sold": 17267,
        "Gross Profit": 11420,
        "Financial expenses": 160,
        "Of which: Interest expense": 137,
        "Cost of sales": 4827,
        "Enterprise cost management": 2322,
        "Total Operating Expenses": 7309,
        "Total revenue financing activities": 1531,
        "Net profit from business activities": 5642,
        "Profit": -28,
        "Profit before tax": 5613,
        "Present corporate income tax expenses": 1289,
        "Deferred income taxes expenses": -58,
        "The interests of minority shareholders": 339,
        "Total Cost of profits": 1570,
        "Profit after tax corporate income": 4043,
        "Volume": 9216696,
        "Close of Quarter": 15.3,
        "EPS": 1216,
        "Non-adjusted EPS": 1216,
        "PE": 12.6,
        "Book Price": 11.9
      }
    },
    {
      "quarter": "Q2 2014",
      "income status": {
        "Net sales": 27540,
        "Cost of goods sold": 17767,
        "Gross Profit": 9773,
        "Financial expenses": 153,
        "Of which: Interest expense": 1215,
        "Cost of sales": 4244,
        "Enterprise cost management": 2503,
        "Total Operating Expenses": 6900,
        "Total revenue financing activities": 971,
        "Net profit from business activities": 3845,
        "Profit": -110,
        "Profit before tax": 3735,
        "Present corporate income tax expenses": 863,
        "Deferred income taxes expenses": "N/A",
        "The interests of minority shareholders": 456,
        "Total Cost of profits": 1319,
        "Profit after tax corporate income": 2416,
        "Volume": 9216696,
        "Close of Quarter": 13.1,
        "EPS": 2033,
        "Non-adjusted EPS": 2033,
        "PE": 6.4,
        "Book Price": 12.9
      }
    },
    {
      "quarter": "Q1 2014",
      "income status": {
        "Net sales": 39655,
        "Cost of goods sold": 25268,
        "Gross Profit": 14386,
        "Financial expenses": 3286,
        "Of which: Interest expense": "N/A",
        "Cost of sales": 3333,
        "Enterprise cost management": 5013,
        "Total Operating Expenses": 11632,
        "Total revenue financing activities": 2553,
        "Net profit from business activities": 5307,
        "Profit": 226,
        "Profit before tax": 5533,
        "Present corporate income tax expenses": 1496,
        "Deferred income taxes expenses": -150,
        "The interests of minority shareholders": 975,
        "Total Cost of profits": 2321,
        "Profit after tax corporate income": 3211,
        "Volume": 9216696,
        "Close of Quarter": 13.6,
        "EPS": 1936,
        "Non-adjusted EPS": 1936,
        "PE": 7,
        "Book Price": 12.6
      }
    },
    {
      "quarter": "Q4 2013",
      "income status": {
        "Net sales": 33849,
        "Cost of goods sold": 24175,
        "Gross Profit": 9674,
        "Financial expenses": 302,
        "Of which: Interest expense": 195,
        "Cost of sales": 3840,
        "Enterprise cost management": 3253,
        "Total Operating Expenses": 7395,
        "Total revenue financing activities": 459,
        "Net profit from business activities": 2738,
        "Profit": -3,
        "Profit before tax": 2735,
        "Present corporate income tax expenses": 629,
        "Deferred income taxes expenses": "N/A",
        "The interests of minority shareholders": 571,
        "Total Cost of profits": 1200,
        "Profit after tax corporate income": 1536,
        "Volume": 9216696,
        "Close of Quarter": 13.4,
        "EPS": 1753,
        "Non-adjusted EPS": 1753,
        "PE": 7.6,
        "Book Price": 12.8
      }
    },
    {
      "quarter": "Q3 2013",
      "income status": {
        "Net sales": 63843,
        "Cost of goods sold": 41734,
        "Gross Profit": 22108,
        "Financial expenses": 342,
        "Of which: Interest expense": 244,
        "Cost of sales": 4092,
        "Enterprise cost management": 3151,
        "Total Operating Expenses": 7585,
        "Total revenue financing activities": 2814,
        "Net profit from business activities": 17336,
        "Profit": 46,
        "Profit before tax": 17382,
        "Present corporate income tax expenses": 3768,
        "Deferred income taxes expenses": 10,
        "The interests of minority shareholders": 2029,
        "Total Cost of profits": 5807,
        "Profit after tax corporate income": 11576,
        "Volume": 9216696,
        "Close of Quarter": 9.8,
        "EPS": 4331,
        "Non-adjusted EPS": 4331,
        "PE": 2.3,
        "Book Price": 12.6
      }
    },
    {
      "quarter": "Q2 2013",
      "income status": {
        "Net sales": 27008,
        "Cost of goods sold": 18577,
        "Gross Profit": 8431,
        "Financial expenses": 45,
        "Of which: Interest expense": 7,
        "Cost of sales": 3372,
        "Enterprise cost management": 3817,
        "Total Operating Expenses": 7234,
        "Total revenue financing activities": 717,
        "Net profit from business activities": 1914,
        "Profit": 262,
        "Profit before tax": 2176,
        "Present corporate income tax expenses": 602,
        "Deferred income taxes expenses": "N/A",
        "The interests of minority shareholders": 50,
        "Total Cost of profits": 652,
        "Profit after tax corporate income": 1524,
        "Volume": 9216696,
        "Close of Quarter": 13.0,
        "EPS": 3758,
        "Non-adjusted EPS": 3758,
        "PE": 3.5,
        "Book Price": 16.4
      }
    },
    {
      "quarter": "Q1 2013",
      "income status": {
        "Net sales": 27008,
        "Cost of goods sold": 18577,
        "Gross Profit": 8431,
        "Financial expenses": 45,
        "Of which: Interest expense": 7,
        "Cost of sales": 3372,
        "Enterprise cost management": 3817,
        "Total Operating Expenses": 7234,
        "Total revenue financing activities": 717,
        "Net profit from business activities": 1914,
        "Profit": 262,
        "Profit before tax": 2176,
        "Present corporate income tax expenses": 602,
        "Deferred income taxes expenses": "N/A",
        "The interests of minority shareholders": 50,
        "Total Cost of profits": 652,
        "Profit after tax corporate income": 1524,
        "Volume": 9216696,
        "Close of Quarter": 7.5,
        "EPS": 4580,
        "Non-adjusted EPS": 4580,
        "PE": 1.6,
        "Book Price": 16.4
      }
    },
    {
      "quarter": "Q4 2012",
      "income status": {
        "Net sales": 33509,
        "Cost of goods sold": 20034,
        "Gross Profit": 13474,
        "Financial expenses": 182,
        "Of which: Interest expense": 118,
        "Cost of sales": 3308,
        "Enterprise cost management": 3945,
        "Total Operating Expenses": 7435,
        "Total revenue financing activities": 31321,
        "Net profit from business activities": 37360,
        "Profit": -3896,
        "Profit before tax": 40862,
        "Present corporate income tax expenses": 14318,
        "Deferred income taxes expenses": 11,
        "The interests of minority shareholders": 1236,
        "Total Cost of profits": 15565,
        "Profit after tax corporate income": 25297,
        "Volume": 9216696,
        "Close of Quarter": 7.8,
        "EPS": 4884,
        "Non-adjusted EPS": 4884,
        "PE": 1.6,
        "Book Price": 16.3
      }
    },
    {
      "quarter": "Q3 2012",
      "income status": {
        "Net sales": 34009,
        "Cost of goods sold": 21956,
        "Gross Profit": 12054,
        "Financial expenses": 548,
        "Of which: Interest expense": 368,
        "Cost of sales": 3558,
        "Enterprise cost management": 3234,
        "Total Operating Expenses": 7340,
        "Total revenue financing activities": 544,
        "Net profit from business activities": 5258,
        "Profit": -41,
        "Profit before tax": 7290,
        "Present corporate income tax expenses": 989,
        "Deferred income taxes expenses": "N/A",
        "The interests of minority shareholders": 9,
        "Total Cost of profits": 998,
        "Profit after tax corporate income": 6292,
        "Volume": 9216696,
        "Close of Quarter": 6.2,
        "EPS": 3467,
        "Non-adjusted EPS": 3467,
        "PE": 1.8,
        "Book Price": 14
      }
    },
    {
      "quarter": "Q2 2012",
      "income status": {
        "Net sales": 49434,
        "Cost of goods sold": 36122,
        "Gross Profit": 13312,
        "Financial expenses": 72,
        "Of which: Interest expense": 44,
        "Cost of sales": 3556,
        "Enterprise cost management": 3476,
        "Total Operating Expenses": 7104,
        "Total revenue financing activities": 2463,
        "Net profit from business activities": 8672,
        "Profit": 240,
        "Profit before tax": 11066,
        "Present corporate income tax expenses": 1663,
        "Deferred income taxes expenses": "N/A",
        "The interests of minority shareholders": 301,
        "Total Cost of profits": 1964,
        "Profit after tax corporate income": 9102,
        "Volume": 9216696,
        "Close of Quarter": 10.2,
        "EPS": 3426,
        "Non-adjusted EPS": 3426,
        "PE": 3.0,
        "Book Price": 14.4
      }
    },
    {
      "quarter": "Q1 2012",
      "income status": {
        "Net sales": 27673,
        "Cost of goods sold": 17853,
        "Gross Profit": 9821,
        "Financial expenses": 67,
        "Of which: Interest expense": 44,
        "Cost of sales": 3775,
        "Enterprise cost management": 3144,
        "Total Operating Expenses": 6986,
        "Total revenue financing activities": 543,
        "Net profit from business activities": 3378,
        "Profit": 5,
        "Profit before tax": 5331,
        "Present corporate income tax expenses": 565,
        "Deferred income taxes expenses": "N/A",
        "The interests of minority shareholders": 441,
        "Total Cost of profits": 1006,
        "Profit after tax corporate income": 4325,
        "Volume": 9216696,
        "Close of Quarter": 6.9,
        "EPS": 3633,
        "Non-adjusted EPS": 3633,
        "PE": 1.9,
        "Book Price": 14.1
      }
    },
    {
      "quarter": "Q4 2011",
      "income status": {
        "Net sales": 89902,
        "Cost of goods sold": 65691,
        "Gross Profit": 24211,
        "Financial expenses": 620,
        "Of which: Interest expense": 219,
        "Cost of sales": 5957,
        "Enterprise cost management": 4871,
        "Total Operating Expenses": 11448,
        "Total revenue financing activities": 754,
        "Net profit from business activities": 13518,
        "Profit": 284,
        "Profit before tax": 15627,
        "Present corporate income tax expenses": 800,
        "Deferred income taxes expenses": 12,
        "The interests of minority shareholders": 2580,
        "Total Cost of profits": 3392,
        "Profit after tax corporate income": 12235,
        "Volume": 9216696,
        "Close of Quarter": 5.4,
        "EPS": 3632,
        "Non-adjusted EPS": 3632,
        "PE": 1.5,
        "Book Price": 14.5
      }
    },
    {
      "quarter": "Q3 2011",
      "income status": {
        "Net sales": 28503,
        "Cost of goods sold": 17199,
        "Gross Profit": 11304,
        "Financial expenses": 336,
        "Of which: Interest expense": 183,
        "Cost of sales": 3215,
        "Enterprise cost management": 2751,
        "Total Operating Expenses": 6302,
        "Total revenue financing activities": 563,
        "Net profit from business activities": 5565,
        "Profit": 455,
        "Profit before tax": 27863,
        "Present corporate income tax expenses": 1441,
        "Deferred income taxes expenses": "N/A",
        "The interests of minority shareholders": -150,
        "Total Cost of profits": 1291,
        "Profit after tax corporate income": 5914,
        "Volume": 9216696,
        "Close of Quarter": 6.0,
        "EPS": 3230,
        "Non-adjusted EPS": 3230,
        "PE": 1.9,
        "Book Price": 13.7
      }
    },
    {
      "quarter": "Q2 2011",
      "income status": {
        "Net sales": 58887,
        "Cost of goods sold": 40352,
        "Gross Profit": 18535,
        "Financial expenses": 428,
        "Of which: Interest expense": "N/A",
        "Cost of sales": 3959,
        "Enterprise cost management": 1913,
        "Total Operating Expenses": 6300,
        "Total revenue financing activities": 1035,
        "Net profit from business activities": 13270,
        "Profit": 33,
        "Profit before tax": 14745,
        "Present corporate income tax expenses": 2551,
        "Deferred income taxes expenses": 150,
        "The interests of minority shareholders": 1036,
        "Total Cost of profits": 3737,
        "Profit after tax corporate income": 11008,
        "Volume": 9216696,
        "Close of Quarter": 6.1,
        "EPS": 3536,
        "Non-adjusted EPS": 3536,
        "PE": 1.7,
        "Book Price": 14.3
      }
    },
    {
      "quarter": "Q1 2011",
      "income status": {
        "Net sales": 25586,
        "Cost of goods sold": 15287,
        "Gross Profit": 10299,
        "Financial expenses": 492,
        "Of which: Interest expense": 267,
        "Cost of sales": 3522,
        "Enterprise cost management": 1901,
        "Total Operating Expenses": 5915,
        "Total revenue financing activities": 600,
        "Net profit from business activities": 4985,
        "Profit": -30,
        "Profit before tax": 5914,
        "Present corporate income tax expenses": 1134,
        "Deferred income taxes expenses": "N/A",
        "The interests of minority shareholders": 461,
        "Total Cost of profits": 1595,
        "Profit after tax corporate income": 4319,
        "Volume": 9216696,
        "Close of Quarter": 8.5,
        "EPS": 3228,
        "Non-adjusted EPS": 3228,
        "PE": 2.6,
        "Book Price": 14.7
      }
    }
  ]
}