{
  "ticker": "DCM",
  "data": [
    {
      "quarter": "Q4 2016",
      "income status": {
        "Net sales": 1745984,
        "Cost of goods sold": 1184146,
        "Gross Profit": 561838,
        "Financial expenses": 188607,
        "Of which: Interest expense": 51810,
        "Cost of sales": 79196,
        "Enterprise cost management": 87853,
        "Total Operating Expenses": 355656,
        "Total revenue financing activities": 39278,
        "Net profit from business activities": 245461,
        "Profit": 9958,
        "Profit before tax": 255419,
        "Present corporate income tax expenses": 13913,
        "Deferred income taxes expenses": "N/A",
        "The interests of minority shareholders": 1102,
        "Total Cost of profits": 15015,
        "Profit after tax corporate income": 240404,
        "Volume": 529400000,
        "Close of Quarter": 9.8,
        "EPS": 1171,
        "Non-adjusted EPS": 1171,
        "PE": 8.4,
        "Book Price": 11.1
      }
    },
    {
      "quarter": "Q3 2016",
      "income status": {
        "Net sales": 855658,
        "Cost of goods sold": 704540,
        "Gross Profit": 151118,
        "Financial expenses": 61072,
        "Of which: Interest expense": 49999,
        "Cost of sales": 58517,
        "Enterprise cost management": 53010,
        "Total Operating Expenses": 172599,
        "Total revenue financing activities": 41984,
        "Net profit from business activities": 20503,
        "Profit": 15078,
        "Profit before tax": 35581,
        "Present corporate income tax expenses": 1903,
        "Deferred income taxes expenses": "N/A",
        "The interests of minority shareholders": 973,
        "Total Cost of profits": 2876,
        "Profit after tax corporate income": 32705,
        "Volume": 529400000,
        "Close of Quarter": 11.3,
        "EPS": 1264,
        "Non-adjusted EPS": 1264,
        "PE": 8.9,
        "Book Price": 11.1
      }
    },
    {
      "quarter": "Q2 2016",
      "income status": {
        "Net sales": 1378513,
        "Cost of goods sold": 962359,
        "Gross Profit": 416154,
        "Financial expenses": 90507,
        "Of which: Interest expense": 49594,
        "Cost of sales": 88630,
        "Enterprise cost management": 61703,
        "Total Operating Expenses": 240840,
        "Total revenue financing activities": 68673,
        "Net profit from business activities": 243988,
        "Profit": 655,
        "Profit before tax": 244642,
        "Present corporate income tax expenses": 12381,
        "Deferred income taxes expenses": "N/A",
        "The interests of minority shareholders": 802,
        "Total Cost of profits": 13183,
        "Profit after tax corporate income": 231459,
        "Volume": 529400000,
        "Close of Quarter": 11.9,
        "EPS": 1229,
        "Non-adjusted EPS": 1229,
        "PE": 9.7,
        "Book Price": 11
      }
    },
    {
      "quarter": "Q1 2016",
      "income status": {
        "Net sales": 930015,
        "Cost of goods sold": 744275,
        "Gross Profit": 185740,
        "Financial expenses": 92533,
        "Of which: Interest expense": 55218,
        "Cost of sales": 49491,
        "Enterprise cost management": 52188,
        "Total Operating Expenses": 194212,
        "Total revenue financing activities": 131418,
        "Net profit from business activities": 122945,
        "Profit": 491,
        "Profit before tax": 123436,
        "Present corporate income tax expenses": 6365,
        "Deferred income taxes expenses": "N/A",
        "The interests of minority shareholders": 1632,
        "Total Cost of profits": 7997,
        "Profit after tax corporate income": 115439,
        "Volume": 529400000,
        "Close of Quarter": 11.1,
        "EPS": 1268,
        "Non-adjusted EPS": 1268,
        "PE": 8.8,
        "Book Price": 12
      }
    },
    {
      "quarter": "Q4 2015",
      "income status": {
        "Net sales": 1716208,
        "Cost of goods sold": 1313431,
        "Gross Profit": 402778,
        "Financial expenses": 131416,
        "Of which: Interest expense": 57534,
        "Cost of sales": 16606,
        "Enterprise cost management": 65626,
        "Total Operating Expenses": 213648,
        "Total revenue financing activities": 103449,
        "Net profit from business activities": 292578,
        "Profit": 642,
        "Profit before tax": 293220,
        "Present corporate income tax expenses": 3173,
        "Deferred income taxes expenses": "N/A",
        "The interests of minority shareholders": 316,
        "Total Cost of profits": 3489,
        "Profit after tax corporate income": 289732,
        "Volume": 529400000,
        "Close of Quarter": 11.3,
        "EPS": 1420,
        "Non-adjusted EPS": 1420,
        "PE": 7.9,
        "Book Price": 11.8
      }
    },
    {
      "quarter": "Q3 2015",
      "income status": {
        "Net sales": 1034219,
        "Cost of goods sold": 684446,
        "Gross Profit": 349773,
        "Financial expenses": 295231,
        "Of which: Interest expense": 60666,
        "Cost of sales": 81371,
        "Enterprise cost management": 48654,
        "Total Operating Expenses": 425256,
        "Total revenue financing activities": 88029,
        "Net profit from business activities": 12546,
        "Profit": 2242,
        "Profit before tax": 14788,
        "Present corporate income tax expenses": 174,
        "Deferred income taxes expenses": "N/A",
        "The interests of minority shareholders": 768,
        "Total Cost of profits": 942,
        "Profit after tax corporate income": 13846,
        "Volume": 529400000,
        "Close of Quarter": 11.4,
        "EPS": 873,
        "Non-adjusted EPS": 873,
        "PE": 13,
        "Book Price": 11.4
      }
    },
    {
      "quarter": "Q2 2015",
      "income status": {
        "Net sales": 1743515,
        "Cost of goods sold": 1204504,
        "Gross Profit": 539012,
        "Financial expenses": 166541,
        "Of which: Interest expense": 62185,
        "Cost of sales": 106021,
        "Enterprise cost management": 60777,
        "Total Operating Expenses": 333339,
        "Total revenue financing activities": 55099,
        "Net profit from business activities": 260772,
        "Profit": -5963,
        "Profit before tax": 254809,
        "Present corporate income tax expenses": 454,
        "Deferred income taxes expenses": "N/A",
        "The interests of minority shareholders": 1891,
        "Total Cost of profits": 2345,
        "Profit after tax corporate income": 252464,
        "Volume": 529400000,
        "Close of Quarter": 11.4,
        "EPS": 847,
        "Non-adjusted EPS": 847,
        "PE": 13.4,
        "Book Price": 11.3
      }
    },
    {
      "quarter": "Q1 2015",
      "income status": {
        "Net sales": 1090268,
        "Cost of goods sold": 727738,
        "Gross Profit": 362530,
        "Financial expenses": 126991,
        "Of which: Interest expense": 52059,
        "Cost of sales": 48621,
        "Enterprise cost management": 31246,
        "Total Operating Expenses": 206858,
        "Total revenue financing activities": 36462,
        "Net profit from business activities": 192134,
        "Profit": 5553,
        "Profit before tax": 197686,
        "Present corporate income tax expenses": 355,
        "Deferred income taxes expenses": "N/A",
        "The interests of minority shareholders": 1407,
        "Total Cost of profits": 1762,
        "Profit after tax corporate income": 195924,
        "Volume": 529400000,
        "Close of Quarter": 11.9,
        "EPS": 370,
        "Non-adjusted EPS": 370,
        "PE": 32.1,
        "Book Price": 10.9
      }
    }
  ]
}