{
  "ticker": "PSP",
  "data": [
    {
      "quarter": "Q4 2016",
      "income status": {
        "Net sales": 35238,
        "Cost of goods sold": 25544,
        "Gross Profit": 9694,
        "Financial expenses": 4087,
        "Of which: Interest expense": 3465,
        "Cost of sales": 2088,
        "Enterprise cost management": 13337,
        "Total Operating Expenses": 19512,
        "Total revenue financing activities": 397,
        "Net profit from business activities": -9421,
        "Profit": 4563,
        "Profit before tax": -4858,
        "Present corporate income tax expenses": "N/A",
        "Deferred income taxes expenses": "N/A",
        "The interests of minority shareholders": "N/A",
        "Total Cost of profits": 0,
        "Profit after tax corporate income": -4858,
        "Volume": 22500000,
        "Close of Quarter": 8,
        "EPS": 412,
        "Non-adjusted EPS": 412,
        "PE": 19.4,
        "Book Price": 19.2
      }
    },
    {
      "quarter": "Q3 2016",
      "income status": {
        "Net sales": 31548,
        "Cost of goods sold": 21274,
        "Gross Profit": 10274,
        "Financial expenses": 3747,
        "Of which: Interest expense": 3513,
        "Cost of sales": 1358,
        "Enterprise cost management": 4090,
        "Total Operating Expenses": 9195,
        "Total revenue financing activities": 398,
        "Net profit from business activities": 1477,
        "Profit": -42,
        "Profit before tax": 1435,
        "Present corporate income tax expenses": 74,
        "Deferred income taxes expenses": "N/A",
        "The interests of minority shareholders": "N/A",
        "Total Cost of profits": 74,
        "Profit after tax corporate income": 1361,
        "Volume": 22500000,
        "Close of Quarter": 10.2,
        "EPS": 1054,
        "Non-adjusted EPS": 1054,
        "PE": 9.7,
        "Book Price": 19.4
      }
    },
    {
      "quarter": "Q2 2016",
      "income status": {
        "Net sales": 36086,
        "Cost of goods sold": 24633,
        "Gross Profit": 11453,
        "Financial expenses": 3662,
        "Of which: Interest expense": 3425,
        "Cost of sales": 1150,
        "Enterprise cost management": 4336,
        "Total Operating Expenses": 9148,
        "Total revenue financing activities": 667,
        "Net profit from business activities": 2973,
        "Profit": 609,
        "Profit before tax": 3582,
        "Present corporate income tax expenses": 189,
        "Deferred income taxes expenses": "N/A",
        "The interests of minority shareholders": "N/A",
        "Total Cost of profits": 189,
        "Profit after tax corporate income": 3393,
        "Volume": 22500000,
        "Close of Quarter": 12.1,
        "EPS": 1430,
        "Non-adjusted EPS": 1430,
        "PE": 8.4,
        "Book Price": 19.4
      }
    },
    {
      "quarter": "Q1 2016",
      "income status": {
        "Net sales": 52129,
        "Cost of goods sold": 33689,
        "Gross Profit": 18440,
        "Financial expenses": 4356,
        "Of which: Interest expense": 3591,
        "Cost of sales": 860,
        "Enterprise cost management": 3217,
        "Total Operating Expenses": 8433,
        "Total revenue financing activities": 493,
        "Net profit from business activities": 10500,
        "Profit": -631,
        "Profit before tax": 9869,
        "Present corporate income tax expenses": 497,
        "Deferred income taxes expenses": "N/A",
        "The interests of minority shareholders": "N/A",
        "Total Cost of profits": 497,
        "Profit after tax corporate income": 9373,
        "Volume": 22500000,
        "Close of Quarter": 12.6,
        "EPS": 1571,
        "Non-adjusted EPS": 1571,
        "PE": 8.0,
        "Book Price": 20.3
      }
    },
    {
      "quarter": "Q4 2015",
      "income status": {
        "Net sales": 83638,
        "Cost of goods sold": 60308,
        "Gross Profit": 23330,
        "Financial expenses": 4194,
        "Of which: Interest expense": 3689,
        "Cost of sales": 2478,
        "Enterprise cost management": 6725,
        "Total Operating Expenses": 13397,
        "Total revenue financing activities": 671,
        "Net profit from business activities": 10604,
        "Profit": -511,
        "Profit before tax": 10094,
        "Present corporate income tax expenses": 507,
        "Deferred income taxes expenses": "N/A",
        "The interests of minority shareholders": "N/A",
        "Total Cost of profits": 507,
        "Profit after tax corporate income": 9587,
        "Volume": 22500000,
        "Close of Quarter": 9.2,
        "EPS": 1631,
        "Non-adjusted EPS": 1631,
        "PE": 5.6,
        "Book Price": 20
      }
    },
    {
      "quarter": "Q3 2015",
      "income status": {
        "Net sales": 93468,
        "Cost of goods sold": 69263,
        "Gross Profit": 24205,
        "Financial expenses": 4156,
        "Of which: Interest expense": 3864,
        "Cost of sales": 2224,
        "Enterprise cost management": 5851,
        "Total Operating Expenses": 12231,
        "Total revenue financing activities": 515,
        "Net profit from business activities": 12488,
        "Profit": -2096,
        "Profit before tax": 10392,
        "Present corporate income tax expenses": 566,
        "Deferred income taxes expenses": "N/A",
        "The interests of minority shareholders": "N/A",
        "Total Cost of profits": 566,
        "Profit after tax corporate income": 9827,
        "Volume": 22500000,
        "Close of Quarter": 8.7,
        "EPS": 1398,
        "Non-adjusted EPS": 1398,
        "PE": 6.2,
        "Book Price": 19.6
      }
    },
    {
      "quarter": "Q2 2015",
      "income status": {
        "Net sales": 51071,
        "Cost of goods sold": 32549,
        "Gross Profit": 18521,
        "Financial expenses": 5841,
        "Of which: Interest expense": 3939,
        "Cost of sales": 1747,
        "Enterprise cost management": 4734,
        "Total Operating Expenses": 12322,
        "Total revenue financing activities": 747,
        "Net profit from business activities": 6947,
        "Profit": -41,
        "Profit before tax": 6905,
        "Present corporate income tax expenses": 343,
        "Deferred income taxes expenses": "N/A",
        "The interests of minority shareholders": "N/A",
        "Total Cost of profits": 343,
        "Profit after tax corporate income": 6562,
        "Volume": 22500000,
        "Close of Quarter": 9.8,
        "EPS": 1228,
        "Non-adjusted EPS": 1228,
        "PE": 8.0,
        "Book Price": 19.2
      }
    },
    {
      "quarter": "Q1 2015",
      "income status": {
        "Net sales": 48069,
        "Cost of goods sold": 29133,
        "Gross Profit": 18936,
        "Financial expenses": 5392,
        "Of which: Interest expense": 3270,
        "Cost of sales": 1041,
        "Enterprise cost management": 3298,
        "Total Operating Expenses": 9731,
        "Total revenue financing activities": 1705,
        "Net profit from business activities": 10910,
        "Profit": 78,
        "Profit before tax": 10988,
        "Present corporate income tax expenses": 262,
        "Deferred income taxes expenses": "N/A",
        "The interests of minority shareholders": "N/A",
        "Total Cost of profits": 262,
        "Profit after tax corporate income": 10725,
        "Volume": 22500000,
        "Close of Quarter": 10.4,
        "EPS": 1217,
        "Non-adjusted EPS": 1217,
        "PE": 8.6,
        "Book Price": 19
      }
    },
    {
      "quarter": "Q4 2014",
      "income status": {
        "Net sales": 50473,
        "Cost of goods sold": 35717,
        "Gross Profit": 14756,
        "Financial expenses": 4947,
        "Of which: Interest expense": 4947,
        "Cost of sales": 2004,
        "Enterprise cost management": 4496,
        "Total Operating Expenses": 11447,
        "Total revenue financing activities": 1542,
        "Net profit from business activities": 4851,
        "Profit": -518,
        "Profit before tax": 4333,
        "Present corporate income tax expenses": "N/A",
        "Deferred income taxes expenses": "N/A",
        "The interests of minority shareholders": "N/A",
        "Total Cost of profits": 0,
        "Profit after tax corporate income": 4333,
        "Volume": 22500000,
        "Close of Quarter": 10.0,
        "EPS": 1128,
        "Non-adjusted EPS": 1128,
        "PE": 8.8,
        "Book Price": 18.5
      }
    },
    {
      "quarter": "Q3 2014",
      "income status": {
        "Net sales": 77519,
        "Cost of goods sold": 60983,
        "Gross Profit": 16536,
        "Financial expenses": 4832,
        "Of which: Interest expense": 3549,
        "Cost of sales": 2080,
        "Enterprise cost management": 5085,
        "Total Operating Expenses": 11997,
        "Total revenue financing activities": 1501,
        "Net profit from business activities": 6040,
        "Profit": -31,
        "Profit before tax": 6010,
        "Present corporate income tax expenses": "N/A",
        "Deferred income taxes expenses": "N/A",
        "The interests of minority shareholders": "N/A",
        "Total Cost of profits": 0,
        "Profit after tax corporate income": 6010,
        "Volume": 22500000,
        "Close of Quarter": 9.3,
        "EPS": 1166,
        "Non-adjusted EPS": 1166,
        "PE": 8.0,
        "Book Price": 18.3
      }
    },
    {
      "quarter": "Q2 2014",
      "income status": {
        "Net sales": 72631,
        "Cost of goods sold": 55410,
        "Gross Profit": 17221,
        "Financial expenses": 4258,
        "Of which: Interest expense": 3713,
        "Cost of sales": 2529,
        "Enterprise cost management": 6350,
        "Total Operating Expenses": 13137,
        "Total revenue financing activities": 1562,
        "Net profit from business activities": 5646,
        "Profit": 659,
        "Profit before tax": 6305,
        "Present corporate income tax expenses": "N/A",
        "Deferred income taxes expenses": "N/A",
        "The interests of minority shareholders": "N/A",
        "Total Cost of profits": 0,
        "Profit after tax corporate income": 6305,
        "Volume": 22500000,
        "Close of Quarter": 8.0,
        "EPS": 1077,
        "Non-adjusted EPS": 1077,
        "PE": 7.5,
        "Book Price": 18
      }
    },
    {
      "quarter": "Q1 2014",
      "income status": {
        "Net sales": 81936,
        "Cost of goods sold": 63544,
        "Gross Profit": 18392,
        "Financial expenses": 4713,
        "Of which: Interest expense": 4104,
        "Cost of sales": 1591,
        "Enterprise cost management": 4426,
        "Total Operating Expenses": 10730,
        "Total revenue financing activities": 1086,
        "Net profit from business activities": 8747,
        "Profit": -14,
        "Profit before tax": 8734,
        "Present corporate income tax expenses": "N/A",
        "Deferred income taxes expenses": "N/A",
        "The interests of minority shareholders": "N/A",
        "Total Cost of profits": 0,
        "Profit after tax corporate income": 8734,
        "Volume": 22500000,
        "Close of Quarter": 9,
        "EPS": 797,
        "Non-adjusted EPS": 797,
        "PE": 11.3,
        "Book Price": 17.8
      }
    },
    {
      "quarter": "Q4 2013",
      "income status": {
        "Net sales": 64107,
        "Cost of goods sold": 49009,
        "Gross Profit": 15098,
        "Financial expenses": 4560,
        "Of which: Interest expense": 4325,
        "Cost of sales": 811,
        "Enterprise cost management": 5257,
        "Total Operating Expenses": 10628,
        "Total revenue financing activities": 757,
        "Net profit from business activities": 5228,
        "Profit": -35,
        "Profit before tax": 5193,
        "Present corporate income tax expenses": "N/A",
        "Deferred income taxes expenses": "N/A",
        "The interests of minority shareholders": "N/A",
        "Total Cost of profits": 0,
        "Profit after tax corporate income": 5193,
        "Volume": 22500000,
        "Close of Quarter": 7.5,
        "EPS": 409,
        "Non-adjusted EPS": 409,
        "PE": 18.3,
        "Book Price": 15.9
      }
    },
    {
      "quarter": "Q3 2013",
      "income status": {
        "Net sales": 38029,
        "Cost of goods sold": 26469,
        "Gross Profit": 11560,
        "Financial expenses": 4958,
        "Of which: Interest expense": 4489,
        "Cost of sales": 310,
        "Enterprise cost management": 2783,
        "Total Operating Expenses": 8051,
        "Total revenue financing activities": 554,
        "Net profit from business activities": 4063,
        "Profit": -58,
        "Profit before tax": 4005,
        "Present corporate income tax expenses": "N/A",
        "Deferred income taxes expenses": "N/A",
        "The interests of minority shareholders": "N/A",
        "Total Cost of profits": 0,
        "Profit after tax corporate income": 4005,
        "Volume": 22500000,
        "Close of Quarter": 7.9,
        "EPS": 178,
        "Non-adjusted EPS": 178,
        "PE": 44.1,
        "Book Price": 14
      }
    }
  ]
}