{
  "ticker": "G20",
  "data": [
    {
      "quarter": "Q4 2016",
      "income status": {
        "Net sales": 96386,
        "Cost of goods sold": 86976,
        "Gross Profit": 9410,
        "Financial expenses": 4845,
        "Of which: Interest expense": 4031,
        "Cost of sales": 775,
        "Enterprise cost management": 1672,
        "Total Operating Expenses": 7292,
        "Total revenue financing activities": 74,
        "Net profit from business activities": 2197,
        "Profit": -64,
        "Profit before tax": 2132,
        "Present corporate income tax expenses": 419,
        "Deferred income taxes expenses": "N/A",
        "The interests of minority shareholders": -2,
        "Total Cost of profits": 417,
        "Profit after tax corporate income": 1715,
        "Volume": 14400000,
        "Close of Quarter": 3.3,
        "EPS": 437,
        "Non-adjusted EPS": 874,
        "PE": 3.8,
        "Book Price": 5.6
      }
    },
    {
      "quarter": "Q3 2016",
      "income status": {
        "Net sales": 117221,
        "Cost of goods sold": 105153,
        "Gross Profit": 12068,
        "Financial expenses": 3748,
        "Of which: Interest expense": 3571,
        "Cost of sales": 1536,
        "Enterprise cost management": 1020,
        "Total Operating Expenses": 6304,
        "Total revenue financing activities": 150,
        "Net profit from business activities": 5912,
        "Profit": -1,
        "Profit before tax": 5911,
        "Present corporate income tax expenses": 1183,
        "Deferred income taxes expenses": "N/A",
        "The interests of minority shareholders": "N/A",
        "Total Cost of profits": 1183,
        "Profit after tax corporate income": 4728,
        "Volume": 14400000,
        "Close of Quarter": 6.1,
        "EPS": 463.5,
        "Non-adjusted EPS": 927,
        "PE": 6.6,
        "Book Price": 5.6
      }
    },
    {
      "quarter": "Q2 2016",
      "income status": {
        "Net sales": 70941,
        "Cost of goods sold": 61854,
        "Gross Profit": 9087,
        "Financial expenses": 3290,
        "Of which: Interest expense": 2988,
        "Cost of sales": 702,
        "Enterprise cost management": 1034,
        "Total Operating Expenses": 5026,
        "Total revenue financing activities": 862,
        "Net profit from business activities": 4924,
        "Profit": -8,
        "Profit before tax": 4916,
        "Present corporate income tax expenses": 930,
        "Deferred income taxes expenses": "N/A",
        "The interests of minority shareholders": 5,
        "Total Cost of profits": 935,
        "Profit after tax corporate income": 3981,
        "Volume": 14400000,
        "Close of Quarter": 6.7,
        "EPS": 436,
        "Non-adjusted EPS": 872,
        "PE": 7.7,
        "Book Price": 5.4
      }
    },
    {
      "quarter": "Q1 2016",
      "income status": {
        "Net sales": 66497,
        "Cost of goods sold": 58683,
        "Gross Profit": 7814,
        "Financial expenses": 3705,
        "Of which: Interest expense": 3236,
        "Cost of sales": 722,
        "Enterprise cost management": 905,
        "Total Operating Expenses": 5332,
        "Total revenue financing activities": 300,
        "Net profit from business activities": 2782,
        "Profit": -7,
        "Profit before tax": 2774,
        "Present corporate income tax expenses": 612,
        "Deferred income taxes expenses": "N/A",
        "The interests of minority shareholders": 7,
        "Total Cost of profits": 619,
        "Profit after tax corporate income": 2155,
        "Volume": 14400000,
        "Close of Quarter": 7.6,
        "EPS": 429,
        "Non-adjusted EPS": 858,
        "PE": 8.9,
        "Book Price": 5.5
      }
    },
    {
      "quarter": "Q4 2015",
      "income status": {
        "Net sales": 84052,
        "Cost of goods sold": 75188,
        "Gross Profit": 8864,
        "Financial expenses": 3722,
        "Of which: Interest expense": 3367,
        "Cost of sales": 870,
        "Enterprise cost management": 1051,
        "Total Operating Expenses": 5643,
        "Total revenue financing activities": 48,
        "Net profit from business activities": 3270,
        "Profit": -56,
        "Profit before tax": 3213,
        "Present corporate income tax expenses": 725,
        "Deferred income taxes expenses": "N/A",
        "The interests of minority shareholders": "N/A",
        "Total Cost of profits": 725,
        "Profit after tax corporate income": 2488,
        "Volume": 9600000,
        "Close of Quarter": 8.7,
        "EPS": 409.3,
        "Non-adjusted EPS": 1228,
        "PE": 7.1,
        "Book Price": 3.7
      }
    },
    {
      "quarter": "Q3 2015",
      "income status": {
        "Net sales": 80011,
        "Cost of goods sold": 70167,
        "Gross Profit": 9843,
        "Financial expenses": 3758,
        "Of which: Interest expense": 3450,
        "Cost of sales": 770,
        "Enterprise cost management": 1019,
        "Total Operating Expenses": 5547,
        "Total revenue financing activities": 775,
        "Net profit from business activities": 5071,
        "Profit": -27,
        "Profit before tax": 5044,
        "Present corporate income tax expenses": 1113,
        "Deferred income taxes expenses": "N/A",
        "The interests of minority shareholders": "N/A",
        "Total Cost of profits": 1113,
        "Profit after tax corporate income": 3931,
        "Volume": 9600000,
        "Close of Quarter": 10.2,
        "EPS": 646,
        "Non-adjusted EPS": 1938,
        "PE": 5.2,
        "Book Price": 3.8
      }
    },
    {
      "quarter": "Q2 2015",
      "income status": {
        "Net sales": 76596,
        "Cost of goods sold": 66557,
        "Gross Profit": 10038,
        "Financial expenses": 3279,
        "Of which: Interest expense": 3163,
        "Cost of sales": 686,
        "Enterprise cost management": 1199,
        "Total Operating Expenses": 5164,
        "Total revenue financing activities": 322,
        "Net profit from business activities": 5197,
        "Profit": -273,
        "Profit before tax": 4924,
        "Present corporate income tax expenses": 1144,
        "Deferred income taxes expenses": "N/A",
        "The interests of minority shareholders": "N/A",
        "Total Cost of profits": 1144,
        "Profit after tax corporate income": 3780,
        "Volume": 9600000,
        "Close of Quarter": 10.9,
        "EPS": 509.3,
        "Non-adjusted EPS": 1528,
        "PE": 7.2,
        "Book Price": 3.6
      }
    },
    {
      "quarter": "Q1 2015",
      "income status": {
        "Net sales": 60231,
        "Cost of goods sold": 53715,
        "Gross Profit": 6517,
        "Financial expenses": 3201,
        "Of which: Interest expense": 3164,
        "Cost of sales": 499,
        "Enterprise cost management": 1079,
        "Total Operating Expenses": 4779,
        "Total revenue financing activities": 308,
        "Net profit from business activities": 2046,
        "Profit": -4,
        "Profit before tax": 2042,
        "Present corporate income tax expenses": 451,
        "Deferred income taxes expenses": "N/A",
        "The interests of minority shareholders": "N/A",
        "Total Cost of profits": 451,
        "Profit after tax corporate income": 1591,
        "Volume": 9600000,
        "Close of Quarter": 10.1,
        "EPS": 378.3,
        "Non-adjusted EPS": 1135,
        "PE": 8.9,
        "Book Price": 3.5
      }
    },
    {
      "quarter": "Q3 2014",
      "income status": {
        "Net sales": 216838,
        "Cost of goods sold": 190439,
        "Gross Profit": 26398,
        "Financial expenses": 10237,
        "Of which: Interest expense": 9777,
        "Cost of sales": 1956,
        "Enterprise cost management": 3297,
        "Total Operating Expenses": 15490,
        "Total revenue financing activities": 1405,
        "Net profit from business activities": 12314,
        "Profit": -304,
        "Profit before tax": 12010,
        "Present corporate income tax expenses": 2707,
        "Deferred income taxes expenses": "N/A",
        "The interests of minority shareholders": "N/A",
        "Total Cost of profits": 2707,
        "Profit after tax corporate income": 9302,
        "Volume": 9600000,
        "Close of Quarter": "N/A",
        "EPS": 323,
        "Non-adjusted EPS": 969,
        "PE": "N/A",
        "Book Price": 3.4
      }
    }
  ]
}