{
  "ticker": "C47",
  "data": [
    {
      "quarter": "Q4 2016",
      "income status": {
        "Net sales": 476813,
        "Cost of goods sold": 460492,
        "Gross Profit": 16321,
        "Financial expenses": 28568,
        "Of which: Interest expense": 26950,
        "Cost of sales": "N/A",
        "Enterprise cost management": 10996,
        "Total Operating Expenses": 39564,
        "Total revenue financing activities": 4292,
        "Net profit from business activities": -18950,
        "Profit": 2738,
        "Profit before tax": -16212,
        "Present corporate income tax expenses": -3729,
        "Deferred income taxes expenses": -529,
        "The interests of minority shareholders": -1853,
        "Total Cost of profits": -6111,
        "Profit after tax corporate income": -10101,
        "Volume": 12000000,
        "Close of Quarter": 8.8,
        "EPS": 844,
        "Non-adjusted EPS": 844,
        "PE": 10.4,
        "Book Price": 24.5
      }
    },
    {
      "quarter": "Q3 2016",
      "income status": {
        "Net sales": 283920,
        "Cost of goods sold": 234028,
        "Gross Profit": 49892,
        "Financial expenses": 33869,
        "Of which: Interest expense": 29175,
        "Cost of sales": "N/A",
        "Enterprise cost management": 10329,
        "Total Operating Expenses": 44198,
        "Total revenue financing activities": 24,
        "Net profit from business activities": 5718,
        "Profit": 447,
        "Profit before tax": 6165,
        "Present corporate income tax expenses": 1495,
        "Deferred income taxes expenses": -390,
        "The interests of minority shareholders": -1213,
        "Total Cost of profits": -108,
        "Profit after tax corporate income": 6273,
        "Volume": 12000000,
        "Close of Quarter": 10.3,
        "EPS": 2458,
        "Non-adjusted EPS": 2458,
        "PE": 4.2,
        "Book Price": 23.1
      }
    },
    {
      "quarter": "Q2 2016",
      "income status": {
        "Net sales": 417258,
        "Cost of goods sold": 370312,
        "Gross Profit": 46945,
        "Financial expenses": 29188,
        "Of which: Interest expense": 26431,
        "Cost of sales": "N/A",
        "Enterprise cost management": 9590,
        "Total Operating Expenses": 38778,
        "Total revenue financing activities": 1768,
        "Net profit from business activities": 9935,
        "Profit": -90,
        "Profit before tax": 9845,
        "Present corporate income tax expenses": 1705,
        "Deferred income taxes expenses": 1110,
        "The interests of minority shareholders": -778,
        "Total Cost of profits": 2037,
        "Profit after tax corporate income": 7808,
        "Volume": 12000000,
        "Close of Quarter": 11.0,
        "EPS": 3295,
        "Non-adjusted EPS": 3295,
        "PE": 3.3,
        "Book Price": 22.7
      }
    },
    {
      "quarter": "Q1 2016",
      "income status": {
        "Net sales": 312541,
        "Cost of goods sold": 270018,
        "Gross Profit": 42523,
        "Financial expenses": 28025,
        "Of which: Interest expense": 26993,
        "Cost of sales": "N/A",
        "Enterprise cost management": 8963,
        "Total Operating Expenses": 36988,
        "Total revenue financing activities": 532,
        "Net profit from business activities": 6068,
        "Profit": -207,
        "Profit before tax": 5861,
        "Present corporate income tax expenses": 1605,
        "Deferred income taxes expenses": -475,
        "The interests of minority shareholders": -1413,
        "Total Cost of profits": -283,
        "Profit after tax corporate income": 6144,
        "Volume": 12000000,
        "Close of Quarter": 9.8,
        "EPS": 3157,
        "Non-adjusted EPS": 3157,
        "PE": 3.1,
        "Book Price": 22.1
      }
    },
    {
      "quarter": "Q4 2015",
      "income status": {
        "Net sales": 476247,
        "Cost of goods sold": 422039,
        "Gross Profit": 54207,
        "Financial expenses": 28521,
        "Of which: Interest expense": 26703,
        "Cost of sales": "N/A",
        "Enterprise cost management": 15619,
        "Total Operating Expenses": 44140,
        "Total revenue financing activities": 47,
        "Net profit from business activities": 10114,
        "Profit": 1788,
        "Profit before tax": 11903,
        "Present corporate income tax expenses": 2605,
        "Deferred income taxes expenses": "N/A",
        "The interests of minority shareholders": 26,
        "Total Cost of profits": 2631,
        "Profit after tax corporate income": 9272,
        "Volume": 12000000,
        "Close of Quarter": 11.2,
        "EPS": 3127,
        "Non-adjusted EPS": 3127,
        "PE": 3.6,
        "Book Price": 21.7
      }
    },
    {
      "quarter": "Q3 2015",
      "income status": {
        "Net sales": 1047260,
        "Cost of goods sold": 918542,
        "Gross Profit": 128718,
        "Financial expenses": 83386,
        "Of which: Interest expense": 79111,
        "Cost of sales": "N/A",
        "Enterprise cost management": 31376,
        "Total Operating Expenses": 114762,
        "Total revenue financing activities": 5032,
        "Net profit from business activities": 18988,
        "Profit": 416,
        "Profit before tax": 19404,
        "Present corporate income tax expenses": 3734,
        "Deferred income taxes expenses": "N/A",
        "The interests of minority shareholders": -648,
        "Total Cost of profits": 3086,
        "Profit after tax corporate income": 16318,
        "Volume": 12000000,
        "Close of Quarter": 11.1,
        "EPS": 3318,
        "Non-adjusted EPS": 3318,
        "PE": 3.4,
        "Book Price": 22.5
      }
    },
    {
      "quarter": "Q2 2015",
      "income status": {
        "Net sales": 285357,
        "Cost of goods sold": 238122,
        "Gross Profit": 47235,
        "Financial expenses": 30970,
        "Of which: Interest expense": 28294,
        "Cost of sales": "N/A",
        "Enterprise cost management": 13423,
        "Total Operating Expenses": 44393,
        "Total revenue financing activities": 3840,
        "Net profit from business activities": 6682,
        "Profit": 10,
        "Profit before tax": 6692,
        "Present corporate income tax expenses": 523,
        "Deferred income taxes expenses": "N/A",
        "The interests of minority shareholders": 20,
        "Total Cost of profits": 543,
        "Profit after tax corporate income": 6149,
        "Volume": 12000000,
        "Close of Quarter": 10.8,
        "EPS": 2521,
        "Non-adjusted EPS": 2521,
        "PE": 4.3,
        "Book Price": 22.2
      }
    },
    {
      "quarter": "Q1 2015",
      "income status": {
        "Net sales": 377481,
        "Cost of goods sold": 337799,
        "Gross Profit": 39682,
        "Financial expenses": 25388,
        "Of which: Interest expense": 23760,
        "Cost of sales": "N/A",
        "Enterprise cost management": 8435,
        "Total Operating Expenses": 33823,
        "Total revenue financing activities": 1158,
        "Net profit from business activities": 7017,
        "Profit": 406,
        "Profit before tax": 7422,
        "Present corporate income tax expenses": 1625,
        "Deferred income taxes expenses": "N/A",
        "The interests of minority shareholders": 12,
        "Total Cost of profits": 1637,
        "Profit after tax corporate income": 5786,
        "Volume": 12000000,
        "Close of Quarter": 13.0,
        "EPS": 2540,
        "Non-adjusted EPS": 2540,
        "PE": 5.1,
        "Book Price": 21.6
      }
    },
    {
      "quarter": "Q4 2014",
      "income status": {
        "Net sales": 256516,
        "Cost of goods sold": 211210,
        "Gross Profit": 45305,
        "Financial expenses": 25448,
        "Of which: Interest expense": 24414,
        "Cost of sales": "N/A",
        "Enterprise cost management": 11310,
        "Total Operating Expenses": 36758,
        "Total revenue financing activities": 4528,
        "Net profit from business activities": 13075,
        "Profit": 607,
        "Profit before tax": 13682,
        "Present corporate income tax expenses": 2129,
        "Deferred income taxes expenses": "N/A",
        "The interests of minority shareholders": -6,
        "Total Cost of profits": 2123,
        "Profit after tax corporate income": 11559,
        "Volume": 9600000,
        "Close of Quarter": 11.5,
        "EPS": 2567.2,
        "Non-adjusted EPS": 3209,
        "PE": 3.6,
        "Book Price": 18.6
      }
    },
    {
      "quarter": "Q3 2014",
      "income status": {
        "Net sales": 264648,
        "Cost of goods sold": 219920,
        "Gross Profit": 44729,
        "Financial expenses": 29253,
        "Of which: Interest expense": 23730,
        "Cost of sales": "N/A",
        "Enterprise cost management": 9929,
        "Total Operating Expenses": 39182,
        "Total revenue financing activities": 2523,
        "Net profit from business activities": 8070,
        "Profit": "N/A",
        "Profit before tax": 8070,
        "Present corporate income tax expenses": 1276,
        "Deferred income taxes expenses": "N/A",
        "The interests of minority shareholders": 31,
        "Total Cost of profits": 1307,
        "Profit after tax corporate income": 6763,
        "Volume": 9600000,
        "Close of Quarter": 11.4,
        "EPS": 1867.2,
        "Non-adjusted EPS": 2334,
        "PE": 4.9,
        "Book Price": 20.2
      }
    },
    {
      "quarter": "Q2 2014",
      "income status": {
        "Net sales": 260737,
        "Cost of goods sold": 218473,
        "Gross Profit": 42264,
        "Financial expenses": 24652,
        "Of which: Interest expense": 24628,
        "Cost of sales": "N/A",
        "Enterprise cost management": 10066,
        "Total Operating Expenses": 34718,
        "Total revenue financing activities": 675,
        "Net profit from business activities": 8222,
        "Profit": -42,
        "Profit before tax": 8180,
        "Present corporate income tax expenses": 1797,
        "Deferred income taxes expenses": "N/A",
        "The interests of minority shareholders": 7,
        "Total Cost of profits": 1804,
        "Profit after tax corporate income": 6375,
        "Volume": 8000000,
        "Close of Quarter": 12200.4,
        "EPS": 1820,
        "Non-adjusted EPS": 2730,
        "PE": 4469.0,
        "Book Price": 16.4
      }
    },
    {
      "quarter": "Q1 2014",
      "income status": {
        "Net sales": 228021,
        "Cost of goods sold": 185295,
        "Gross Profit": 42726,
        "Financial expenses": 28155,
        "Of which: Interest expense": 24890,
        "Cost of sales": "N/A",
        "Enterprise cost management": 9460,
        "Total Operating Expenses": 37615,
        "Total revenue financing activities": 2328,
        "Net profit from business activities": 7438,
        "Profit": "N/A",
        "Profit before tax": 7438,
        "Present corporate income tax expenses": 1286,
        "Deferred income taxes expenses": "N/A",
        "The interests of minority shareholders": 43,
        "Total Cost of profits": 1329,
        "Profit after tax corporate income": 6109,
        "Volume": 8000000,
        "Close of Quarter": 12.0,
        "EPS": 1808,
        "Non-adjusted EPS": 2712,
        "PE": 4.4,
        "Book Price": 16
      }
    },
    {
      "quarter": "Q4 2013",
      "income status": {
        "Net sales": 472658,
        "Cost of goods sold": 428167,
        "Gross Profit": 44490,
        "Financial expenses": 28805,
        "Of which: Interest expense": 23840,
        "Cost of sales": "N/A",
        "Enterprise cost management": 12760,
        "Total Operating Expenses": 41565,
        "Total revenue financing activities": 784,
        "Net profit from business activities": 3709,
        "Profit": 477,
        "Profit before tax": 4187,
        "Present corporate income tax expenses": 1073,
        "Deferred income taxes expenses": "N/A",
        "The interests of minority shareholders": -42,
        "Total Cost of profits": 1031,
        "Profit after tax corporate income": 3156,
        "Volume": 8000000,
        "Close of Quarter": 10.6,
        "EPS": 1799.3,
        "Non-adjusted EPS": 2699,
        "PE": 3.9,
        "Book Price": 13.3
      }
    },
    {
      "quarter": "Q3 2013",
      "income status": {
        "Net sales": 375377,
        "Cost of goods sold": 337536,
        "Gross Profit": 37841,
        "Financial expenses": 23737,
        "Of which: Interest expense": 23514,
        "Cost of sales": "N/A",
        "Enterprise cost management": 9023,
        "Total Operating Expenses": 32760,
        "Total revenue financing activities": 2586,
        "Net profit from business activities": 7666,
        "Profit": 18,
        "Profit before tax": 7684,
        "Present corporate income tax expenses": 1484,
        "Deferred income taxes expenses": "N/A",
        "The interests of minority shareholders": 2,
        "Total Cost of profits": 1486,
        "Profit after tax corporate income": 6198,
        "Volume": 8000000,
        "Close of Quarter": 10.5,
        "EPS": 1789.3,
        "Non-adjusted EPS": 2684,
        "PE": 3.9,
        "Book Price": 13.1
      }
    },
    {
      "quarter": "Q2 2013",
      "income status": {
        "Net sales": 296897,
        "Cost of goods sold": 256995,
        "Gross Profit": 39902,
        "Financial expenses": 29614,
        "Of which: Interest expense": 24639,
        "Cost of sales": "N/A",
        "Enterprise cost management": 3395,
        "Total Operating Expenses": 33009,
        "Total revenue financing activities": 1145,
        "Net profit from business activities": 8039,
        "Profit": 269,
        "Profit before tax": 8308,
        "Present corporate income tax expenses": 2077,
        "Deferred income taxes expenses": "N/A",
        "The interests of minority shareholders": 1,
        "Total Cost of profits": 2078,
        "Profit after tax corporate income": 6229,
        "Volume": 8000000,
        "Close of Quarter": 9.8,
        "EPS": 1790.7,
        "Non-adjusted EPS": 2686,
        "PE": 3.7,
        "Book Price": 12.6
      }
    },
    {
      "quarter": "Q1 2013",
      "income status": {
        "Net sales": 281428,
        "Cost of goods sold": 239925,
        "Gross Profit": 41503,
        "Financial expenses": 22150,
        "Of which: Interest expense": 18659,
        "Cost of sales": "N/A",
        "Enterprise cost management": 13669,
        "Total Operating Expenses": 35819,
        "Total revenue financing activities": 2465,
        "Net profit from business activities": 8149,
        "Profit": -109,
        "Profit before tax": 8040,
        "Present corporate income tax expenses": 1929,
        "Deferred income taxes expenses": "N/A",
        "The interests of minority shareholders": 105,
        "Total Cost of profits": 2034,
        "Profit after tax corporate income": 6006,
        "Volume": 8000000,
        "Close of Quarter": 8.5,
        "EPS": 1765.3,
        "Non-adjusted EPS": 2648,
        "PE": 3.2,
        "Book Price": 12.1
      }
    },
    {
      "quarter": "Q4 2012",
      "income status": {
        "Net sales": 263230,
        "Cost of goods sold": 218717,
        "Gross Profit": 44512,
        "Financial expenses": 31185,
        "Of which: Interest expense": 22735,
        "Cost of sales": "N/A",
        "Enterprise cost management": 18337,
        "Total Operating Expenses": 49522,
        "Total revenue financing activities": 2445,
        "Net profit from business activities": -2564,
        "Profit": 6616,
        "Profit before tax": 4051,
        "Present corporate income tax expenses": 1007,
        "Deferred income taxes expenses": "N/A",
        "The interests of minority shareholders": 9,
        "Total Cost of profits": 1016,
        "Profit after tax corporate income": 3035,
        "Volume": 8000000,
        "Close of Quarter": 6.8,
        "EPS": 1790.7,
        "Non-adjusted EPS": 2686,
        "PE": 2.5,
        "Book Price": 12.9
      }
    },
    {
      "quarter": "Q3 2012",
      "income status": {
        "Net sales": 244353,
        "Cost of goods sold": 203084,
        "Gross Profit": 41269,
        "Financial expenses": 27762,
        "Of which: Interest expense": 23727,
        "Cost of sales": "N/A",
        "Enterprise cost management": 6949,
        "Total Operating Expenses": 34711,
        "Total revenue financing activities": 1366,
        "Net profit from business activities": 7924,
        "Profit": -63,
        "Profit before tax": 7861,
        "Present corporate income tax expenses": 1615,
        "Deferred income taxes expenses": "N/A",
        "The interests of minority shareholders": 28,
        "Total Cost of profits": 1643,
        "Profit after tax corporate income": 6218,
        "Volume": 8000000,
        "Close of Quarter": 5.6,
        "EPS": 1978.7,
        "Non-adjusted EPS": 2968,
        "PE": 1.9,
        "Book Price": 12.7
      }
    },
    {
      "quarter": "Q2 2012",
      "income status": {
        "Net sales": 223419,
        "Cost of goods sold": 175281,
        "Gross Profit": 48139,
        "Financial expenses": 34607,
        "Of which: Interest expense": 31459,
        "Cost of sales": "N/A",
        "Enterprise cost management": 7049,
        "Total Operating Expenses": 41656,
        "Total revenue financing activities": 1417,
        "Net profit from business activities": 7900,
        "Profit": 8,
        "Profit before tax": 7907,
        "Present corporate income tax expenses": 1958,
        "Deferred income taxes expenses": "N/A",
        "The interests of minority shareholders": 25,
        "Total Cost of profits": 1983,
        "Profit after tax corporate income": 5924,
        "Volume": 8000000,
        "Close of Quarter": 5.7,
        "EPS": 1966.7,
        "Non-adjusted EPS": 2950,
        "PE": 1.9,
        "Book Price": 12.2
      }
    },
    {
      "quarter": "Q1 2012",
      "income status": {
        "Net sales": 264656,
        "Cost of goods sold": 221731,
        "Gross Profit": 42925,
        "Financial expenses": 29669,
        "Of which: Interest expense": 26594,
        "Cost of sales": "N/A",
        "Enterprise cost management": 6879,
        "Total Operating Expenses": 36548,
        "Total revenue financing activities": 1605,
        "Net profit from business activities": 7981,
        "Profit": 93,
        "Profit before tax": 8074,
        "Present corporate income tax expenses": 1728,
        "Deferred income taxes expenses": "N/A",
        "The interests of minority shareholders": 36,
        "Total Cost of profits": 1764,
        "Profit after tax corporate income": 6310,
        "Volume": 8000000,
        "Close of Quarter": 4.5,
        "EPS": 2001.3,
        "Non-adjusted EPS": 3002,
        "PE": 1.5,
        "Book Price": 11.8
      }
    },
    {
      "quarter": "Q4 2011",
      "income status": {
        "Net sales": 354620,
        "Cost of goods sold": 298331,
        "Gross Profit": 56288,
        "Financial expenses": 38431,
        "Of which: Interest expense": 31826,
        "Cost of sales": "N/A",
        "Enterprise cost management": 11550,
        "Total Operating Expenses": 49981,
        "Total revenue financing activities": 203,
        "Net profit from business activities": 6510,
        "Profit": 540,
        "Profit before tax": 7050,
        "Present corporate income tax expenses": 1791,
        "Deferred income taxes expenses": "N/A",
        "The interests of minority shareholders": -30,
        "Total Cost of profits": 1761,
        "Profit after tax corporate income": 5289,
        "Volume": 8000000,
        "Close of Quarter": 4.0,
        "EPS": 2022.7,
        "Non-adjusted EPS": 3034,
        "PE": 1.3,
        "Book Price": 12.7
      }
    },
    {
      "quarter": "Q3 2011",
      "income status": {
        "Net sales": 244932,
        "Cost of goods sold": 193089,
        "Gross Profit": 51843,
        "Financial expenses": 39161,
        "Of which: Interest expense": 34965,
        "Cost of sales": "N/A",
        "Enterprise cost management": 7304,
        "Total Operating Expenses": 46465,
        "Total revenue financing activities": 1732,
        "Net profit from business activities": 7110,
        "Profit": 480,
        "Profit before tax": 7590,
        "Present corporate income tax expenses": 1477,
        "Deferred income taxes expenses": "N/A",
        "The interests of minority shareholders": 34,
        "Total Cost of profits": 1511,
        "Profit after tax corporate income": 6080,
        "Volume": 8000000,
        "Close of Quarter": 4.2,
        "EPS": 2644.7,
        "Non-adjusted EPS": 3967,
        "PE": 1.1,
        "Book Price": 12.4
      }
    },
    {
      "quarter": "Q2 2011",
      "income status": {
        "Net sales": 334022,
        "Cost of goods sold": 285242,
        "Gross Profit": 48781,
        "Financial expenses": 34443,
        "Of which: Interest expense": 34443,
        "Cost of sales": "N/A",
        "Enterprise cost management": 7514,
        "Total Operating Expenses": 41957,
        "Total revenue financing activities": 1595,
        "Net profit from business activities": 8418,
        "Profit": 39,
        "Profit before tax": 8458,
        "Present corporate income tax expenses": 2106,
        "Deferred income taxes expenses": "N/A",
        "The interests of minority shareholders": 12,
        "Total Cost of profits": 2118,
        "Profit after tax corporate income": 6340,
        "Volume": 8000000,
        "Close of Quarter": 4,
        "EPS": 2628.7,
        "Non-adjusted EPS": 3943,
        "PE": 1.0,
        "Book Price": 11.9
      }
    },
    {
      "quarter": "Q1 2011",
      "income status": {
        "Net sales": 361860,
        "Cost of goods sold": 317262,
        "Gross Profit": 44598,
        "Financial expenses": 26512,
        "Of which: Interest expense": "N/A",
        "Cost of sales": "N/A",
        "Enterprise cost management": 11232,
        "Total Operating Expenses": 37744,
        "Total revenue financing activities": 1918,
        "Net profit from business activities": 8771,
        "Profit": "N/A",
        "Profit before tax": 8771,
        "Present corporate income tax expenses": 2148,
        "Deferred income taxes expenses": "N/A",
        "The interests of minority shareholders": 61,
        "Total Cost of profits": 2209,
        "Profit after tax corporate income": 6561,
        "Volume": 8000000,
        "Close of Quarter": 5.3,
        "EPS": 2152,
        "Non-adjusted EPS": 3228,
        "PE": 1.6,
        "Book Price": 12.7
      }
    }
  ]
}