{
  "ticker": "PPG",
  "data": [
    {
      "quarter": "Q1 2015",
      "income status": {
        "Net sales": 36884,
        "Cost of goods sold": 39241,
        "Gross Profit": -2356,
        "Financial expenses": 2268,
        "Of which: Interest expense": 2264,
        "Cost of sales": 1601,
        "Enterprise cost management": 2527,
        "Total Operating Expenses": 6396,
        "Total revenue financing activities": 45,
        "Net profit from business activities": -8709,
        "Profit": 19,
        "Profit before tax": -8690,
        "Present corporate income tax expenses": "N/A",
        "Deferred income taxes expenses": "N/A",
        "The interests of minority shareholders": "N/A",
        "Total Cost of profits": 0,
        "Profit after tax corporate income": -8690,
        "Volume": 7103700,
        "Close of Quarter": 3.1,
        "EPS": -2949,
        "Non-adjusted EPS": -2949,
        "PE": -1.1,
        "Book Price": 3.8
      }
    },
    {
      "quarter": "Q4 2014",
      "income status": {
        "Net sales": 35195,
        "Cost of goods sold": 34031,
        "Gross Profit": 1164,
        "Financial expenses": 2264,
        "Of which: Interest expense": 2218,
        "Cost of sales": 2373,
        "Enterprise cost management": 2897,
        "Total Operating Expenses": 7534,
        "Total revenue financing activities": 140,
        "Net profit from business activities": -6231,
        "Profit": 613,
        "Profit before tax": -5617,
        "Present corporate income tax expenses": "N/A",
        "Deferred income taxes expenses": "N/A",
        "The interests of minority shareholders": "N/A",
        "Total Cost of profits": 0,
        "Profit after tax corporate income": -5617,
        "Volume": 7103700,
        "Close of Quarter": 3.7,
        "EPS": -2570,
        "Non-adjusted EPS": -2570,
        "PE": -1.4,
        "Book Price": 5.2
      }
    },
    {
      "quarter": "Q3 2014",
      "income status": {
        "Net sales": 50973,
        "Cost of goods sold": 43555,
        "Gross Profit": 7418,
        "Financial expenses": 2289,
        "Of which: Interest expense": 2264,
        "Cost of sales": 3119,
        "Enterprise cost management": 3206,
        "Total Operating Expenses": 8614,
        "Total revenue financing activities": 26,
        "Net profit from business activities": -1170,
        "Profit": 185,
        "Profit before tax": -985,
        "Present corporate income tax expenses": "N/A",
        "Deferred income taxes expenses": "N/A",
        "The interests of minority shareholders": "N/A",
        "Total Cost of profits": 0,
        "Profit after tax corporate income": -985,
        "Volume": 7103700,
        "Close of Quarter": 3,
        "EPS": -2636,
        "Non-adjusted EPS": -2636,
        "PE": -1.1,
        "Book Price": 6
      }
    },
    {
      "quarter": "Q2 2014",
      "income status": {
        "Net sales": 47810,
        "Cost of goods sold": 44697,
        "Gross Profit": 3112,
        "Financial expenses": 2506,
        "Of which: Interest expense": 2453,
        "Cost of sales": 3224,
        "Enterprise cost management": 3464,
        "Total Operating Expenses": 9194,
        "Total revenue financing activities": 118,
        "Net profit from business activities": -5964,
        "Profit": 309,
        "Profit before tax": -5656,
        "Present corporate income tax expenses": "N/A",
        "Deferred income taxes expenses": "N/A",
        "The interests of minority shareholders": "N/A",
        "Total Cost of profits": 0,
        "Profit after tax corporate income": -5656,
        "Volume": 7103700,
        "Close of Quarter": 2.7,
        "EPS": -3624,
        "Non-adjusted EPS": -3624,
        "PE": -0.8,
        "Book Price": 6.1
      }
    },
    {
      "quarter": "Q1 2014",
      "income status": {
        "Net sales": 46452,
        "Cost of goods sold": 45003,
        "Gross Profit": 1449,
        "Financial expenses": 1797,
        "Of which: Interest expense": 1783,
        "Cost of sales": 2951,
        "Enterprise cost management": 2810,
        "Total Operating Expenses": 7558,
        "Total revenue financing activities": 3,
        "Net profit from business activities": -6106,
        "Profit": 107,
        "Profit before tax": -5999,
        "Present corporate income tax expenses": "N/A",
        "Deferred income taxes expenses": "N/A",
        "The interests of minority shareholders": "N/A",
        "Total Cost of profits": 0,
        "Profit after tax corporate income": -5999,
        "Volume": 7103700,
        "Close of Quarter": 3.9,
        "EPS": -3887,
        "Non-adjusted EPS": -3887,
        "PE": -1,
        "Book Price": 7
      }
    },
    {
      "quarter": "Q4 2013",
      "income status": {
        "Net sales": 43765,
        "Cost of goods sold": 40535,
        "Gross Profit": 3231,
        "Financial expenses": 2904,
        "Of which: Interest expense": 2343,
        "Cost of sales": 3458,
        "Enterprise cost management": 3015,
        "Total Operating Expenses": 9377,
        "Total revenue financing activities": 5,
        "Net profit from business activities": -6141,
        "Profit": 55,
        "Profit before tax": -6086,
        "Present corporate income tax expenses": "N/A",
        "Deferred income taxes expenses": "N/A",
        "The interests of minority shareholders": "N/A",
        "Total Cost of profits": 0,
        "Profit after tax corporate income": -6086,
        "Volume": 7103700,
        "Close of Quarter": 2.8,
        "EPS": -3689,
        "Non-adjusted EPS": -3689,
        "PE": -0.8,
        "Book Price": 8
      }
    },
    {
      "quarter": "Q3 2013",
      "income status": {
        "Net sales": 41992,
        "Cost of goods sold": 41616,
        "Gross Profit": 376,
        "Financial expenses": 2075,
        "Of which: Interest expense": 2063,
        "Cost of sales": 4272,
        "Enterprise cost management": 2393,
        "Total Operating Expenses": 8740,
        "Total revenue financing activities": 31,
        "Net profit from business activities": -8333,
        "Profit": 333,
        "Profit before tax": -8001,
        "Present corporate income tax expenses": "N/A",
        "Deferred income taxes expenses": "N/A",
        "The interests of minority shareholders": "N/A",
        "Total Cost of profits": 0,
        "Profit after tax corporate income": -8001,
        "Volume": 7103700,
        "Close of Quarter": 2.7,
        "EPS": -3471,
        "Non-adjusted EPS": -3471,
        "PE": -0.8,
        "Book Price": 8.8
      }
    },
    {
      "quarter": "Q2 2013",
      "income status": {
        "Net sales": 55656,
        "Cost of goods sold": 50941,
        "Gross Profit": 4715,
        "Financial expenses": 2703,
        "Of which: Interest expense": 2637,
        "Cost of sales": 4379,
        "Enterprise cost management": 5304,
        "Total Operating Expenses": 12386,
        "Total revenue financing activities": 70,
        "Net profit from business activities": -7601,
        "Profit": 74,
        "Profit before tax": -7527,
        "Present corporate income tax expenses": "N/A",
        "Deferred income taxes expenses": "N/A",
        "The interests of minority shareholders": "N/A",
        "Total Cost of profits": 0,
        "Profit after tax corporate income": -7527,
        "Volume": 7103700,
        "Close of Quarter": 2.7,
        "EPS": -2991,
        "Non-adjusted EPS": -2991,
        "PE": -0.9,
        "Book Price": 9.7
      }
    },
    {
      "quarter": "Q1 2013",
      "income status": {
        "Net sales": 52303,
        "Cost of goods sold": 48781,
        "Gross Profit": 3522,
        "Financial expenses": 1994,
        "Of which: Interest expense": 1923,
        "Cost of sales": 3443,
        "Enterprise cost management": 2811,
        "Total Operating Expenses": 8248,
        "Total revenue financing activities": 37,
        "Net profit from business activities": -4689,
        "Profit": 94,
        "Profit before tax": -4595,
        "Present corporate income tax expenses": "N/A",
        "Deferred income taxes expenses": "N/A",
        "The interests of minority shareholders": "N/A",
        "Total Cost of profits": 0,
        "Profit after tax corporate income": -4595,
        "Volume": 7103700,
        "Close of Quarter": 4,
        "EPS": -1969,
        "Non-adjusted EPS": -1969,
        "PE": -2.0,
        "Book Price": 10.8
      }
    },
    {
      "quarter": "Q4 2012",
      "income status": {
        "Net sales": 72709,
        "Cost of goods sold": 68939,
        "Gross Profit": 3771,
        "Financial expenses": 1719,
        "Of which: Interest expense": 1649,
        "Cost of sales": 4044,
        "Enterprise cost management": 2990,
        "Total Operating Expenses": 8753,
        "Total revenue financing activities": 15,
        "Net profit from business activities": -4967,
        "Profit": 430,
        "Profit before tax": -4537,
        "Present corporate income tax expenses": "N/A",
        "Deferred income taxes expenses": "N/A",
        "The interests of minority shareholders": "N/A",
        "Total Cost of profits": 0,
        "Profit after tax corporate income": -4537,
        "Volume": 7103700,
        "Close of Quarter": 4.4,
        "EPS": -1228,
        "Non-adjusted EPS": -1228,
        "PE": -3.6,
        "Book Price": 12.1
      }
    },
    {
      "quarter": "Q3 2012",
      "income status": {
        "Net sales": 72506,
        "Cost of goods sold": 67050,
        "Gross Profit": 5455,
        "Financial expenses": 6285,
        "Of which: Interest expense": "N/A",
        "Cost of sales": 2836,
        "Enterprise cost management": 3104,
        "Total Operating Expenses": 12225,
        "Total revenue financing activities": 1665,
        "Net profit from business activities": -5105,
        "Profit": 516,
        "Profit before tax": -4590,
        "Present corporate income tax expenses": "N/A",
        "Deferred income taxes expenses": "N/A",
        "The interests of minority shareholders": "N/A",
        "Total Cost of profits": 0,
        "Profit after tax corporate income": -4590,
        "Volume": 7103700,
        "Close of Quarter": 4.6,
        "EPS": -747,
        "Non-adjusted EPS": -747,
        "PE": -6.2,
        "Book Price": 12.7
      }
    },
    {
      "quarter": "Q2 2012",
      "income status": {
        "Net sales": 66036,
        "Cost of goods sold": 60193,
        "Gross Profit": 5844,
        "Financial expenses": 1819,
        "Of which: Interest expense": 4730,
        "Cost of sales": 2468,
        "Enterprise cost management": 3892,
        "Total Operating Expenses": 8179,
        "Total revenue financing activities": 1678,
        "Net profit from business activities": -659,
        "Profit": 398,
        "Profit before tax": -265,
        "Present corporate income tax expenses": "N/A",
        "Deferred income taxes expenses": "N/A",
        "The interests of minority shareholders": "N/A",
        "Total Cost of profits": 0,
        "Profit after tax corporate income": -265,
        "Volume": 7103700,
        "Close of Quarter": 5.3,
        "EPS": -212,
        "Non-adjusted EPS": -212,
        "PE": -25,
        "Book Price": 12.9
      }
    },
    {
      "quarter": "Q1 2012",
      "income status": {
        "Net sales": 76106,
        "Cost of goods sold": 67235,
        "Gross Profit": 8871,
        "Financial expenses": 2589,
        "Of which: Interest expense": "N/A",
        "Cost of sales": 2846,
        "Enterprise cost management": 3082,
        "Total Operating Expenses": 8517,
        "Total revenue financing activities": 212,
        "Net profit from business activities": 565,
        "Profit": 101,
        "Profit before tax": 666,
        "Present corporate income tax expenses": "N/A",
        "Deferred income taxes expenses": "N/A",
        "The interests of minority shareholders": "N/A",
        "Total Cost of profits": 0,
        "Profit after tax corporate income": 666,
        "Volume": 7103700,
        "Close of Quarter": 4.2,
        "EPS": 1222,
        "Non-adjusted EPS": 1222,
        "PE": 3.4,
        "Book Price": 13.7
      }
    },
    {
      "quarter": "Q4 2011",
      "income status": {
        "Net sales": 94181,
        "Cost of goods sold": 85181,
        "Gross Profit": 8999,
        "Financial expenses": 3881,
        "Of which: Interest expense": 3741,
        "Cost of sales": 2933,
        "Enterprise cost management": 3850,
        "Total Operating Expenses": 10664,
        "Total revenue financing activities": 347,
        "Net profit from business activities": -1318,
        "Profit": 370,
        "Profit before tax": -1120,
        "Present corporate income tax expenses": "N/A",
        "Deferred income taxes expenses": "N/A",
        "The interests of minority shareholders": "N/A",
        "Total Cost of profits": 0,
        "Profit after tax corporate income": -1120,
        "Volume": 7103700,
        "Close of Quarter": 3.3,
        "EPS": 265,
        "Non-adjusted EPS": 265,
        "PE": 12.5,
        "Book Price": 13.6
      }
    },
    {
      "quarter": "Q3 2011",
      "income status": {
        "Net sales": 72236,
        "Cost of goods sold": 62981,
        "Gross Profit": 9255,
        "Financial expenses": 1627,
        "Of which: Interest expense": 1519,
        "Cost of sales": 2738,
        "Enterprise cost management": 5306,
        "Total Operating Expenses": 9671,
        "Total revenue financing activities": 389,
        "Net profit from business activities": -26,
        "Profit": -730,
        "Profit before tax": -757,
        "Present corporate income tax expenses": 28,
        "Deferred income taxes expenses": "N/A",
        "The interests of minority shareholders": "N/A",
        "Total Cost of profits": 28,
        "Profit after tax corporate income": -785,
        "Volume": 7103700,
        "Close of Quarter": 5.1,
        "EPS": 422,
        "Non-adjusted EPS": 422,
        "PE": 12.1,
        "Book Price": 14.4
      }
    },
    {
      "quarter": "Q2 2011",
      "income status": {
        "Net sales": 98818,
        "Cost of goods sold": 73823,
        "Gross Profit": 24995,
        "Financial expenses": 2752,
        "Of which: Interest expense": 3531,
        "Cost of sales": 2938,
        "Enterprise cost management": 5428,
        "Total Operating Expenses": 11118,
        "Total revenue financing activities": 150,
        "Net profit from business activities": 14028,
        "Profit": -169,
        "Profit before tax": 13568,
        "Present corporate income tax expenses": 3649,
        "Deferred income taxes expenses": "N/A",
        "The interests of minority shareholders": "N/A",
        "Total Cost of profits": 3649,
        "Profit after tax corporate income": 9920,
        "Volume": 6383700,
        "Close of Quarter": 5.0,
        "EPS": 792.6,
        "Non-adjusted EPS": 882,
        "PE": 5.6,
        "Book Price": 14.6
      }
    },
    {
      "quarter": "Q1 2011",
      "income status": {
        "Net sales": 83835,
        "Cost of goods sold": 79594,
        "Gross Profit": 4241,
        "Financial expenses": 1983,
        "Of which: Interest expense": 1231,
        "Cost of sales": 3639,
        "Enterprise cost management": 4664,
        "Total Operating Expenses": 10286,
        "Total revenue financing activities": 557,
        "Net profit from business activities": -5488,
        "Profit": -644,
        "Profit before tax": -6132,
        "Present corporate income tax expenses": "N/A",
        "Deferred income taxes expenses": "N/A",
        "The interests of minority shareholders": "N/A",
        "Total Cost of profits": 0,
        "Profit after tax corporate income": -6132,
        "Volume": 6600000,
        "Close of Quarter": 7.9,
        "EPS": -258.3,
        "Non-adjusted EPS": -278,
        "PE": -28.5,
        "Book Price": 13.4
      }
    }
  ]
}