{
  "ticker": "BDW",
  "data": [
    {
      "quarter": "Q4 2016",
      "income status": {
        "Net sales": 33674,
        "Cost of goods sold": 26186,
        "Gross Profit": 7488,
        "Financial expenses": 1289,
        "Of which: Interest expense": 1289,
        "Cost of sales": 2110,
        "Enterprise cost management": 3674,
        "Total Operating Expenses": 7073,
        "Total revenue financing activities": 263,
        "Net profit from business activities": 678,
        "Profit": 614,
        "Profit before tax": 1292,
        "Present corporate income tax expenses": 274,
        "Deferred income taxes expenses": "N/A",
        "The interests of minority shareholders": "N/A",
        "Total Cost of profits": 274,
        "Profit after tax corporate income": 1018,
        "Volume": 12410800,
        "Close of Quarter": 8.2,
        "EPS": 883,
        "Non-adjusted EPS": 883,
        "PE": 9.2,
        "Book Price": 12
      }
    },
    {
      "quarter": "Q3 2016",
      "income status": {
        "Net sales": 38705,
        "Cost of goods sold": 26086,
        "Gross Profit": 12619,
        "Financial expenses": 1370,
        "Of which: Interest expense": 1370,
        "Cost of sales": 2506,
        "Enterprise cost management": 3211,
        "Total Operating Expenses": 7087,
        "Total revenue financing activities": 170,
        "Net profit from business activities": 5702,
        "Profit": 14,
        "Profit before tax": 5715,
        "Present corporate income tax expenses": 1148,
        "Deferred income taxes expenses": "N/A",
        "The interests of minority shareholders": "N/A",
        "Total Cost of profits": 1148,
        "Profit after tax corporate income": 4568,
        "Volume": 12410800,
        "Close of Quarter": 9.5,
        "EPS": 840,
        "Non-adjusted EPS": 840,
        "PE": 11.3,
        "Book Price": 12.4
      }
    },
    {
      "quarter": "Q2 2016",
      "income status": {
        "Net sales": 35435,
        "Cost of goods sold": 24731,
        "Gross Profit": 10704,
        "Financial expenses": 1330,
        "Of which: Interest expense": 1330,
        "Cost of sales": 2524,
        "Enterprise cost management": 2975,
        "Total Operating Expenses": 6829,
        "Total revenue financing activities": 155,
        "Net profit from business activities": 4029,
        "Profit": 1202,
        "Profit before tax": 5231,
        "Present corporate income tax expenses": 1050,
        "Deferred income taxes expenses": "N/A",
        "The interests of minority shareholders": "N/A",
        "Total Cost of profits": 1050,
        "Profit after tax corporate income": 4182,
        "Volume": 12410800,
        "Close of Quarter": 11.0,
        "EPS": 640,
        "Non-adjusted EPS": 640,
        "PE": 17.1,
        "Book Price": 12
      }
    },
    {
      "quarter": "Q1 2016",
      "income status": {
        "Net sales": 30680,
        "Cost of goods sold": 22817,
        "Gross Profit": 7862,
        "Financial expenses": 1414,
        "Of which: Interest expense": 1414,
        "Cost of sales": 2132,
        "Enterprise cost management": 2908,
        "Total Operating Expenses": 6454,
        "Total revenue financing activities": 79,
        "Net profit from business activities": 1488,
        "Profit": 11,
        "Profit before tax": 1499,
        "Present corporate income tax expenses": 306,
        "Deferred income taxes expenses": "N/A",
        "The interests of minority shareholders": "N/A",
        "Total Cost of profits": 306,
        "Profit after tax corporate income": 1193,
        "Volume": 12410800,
        "Close of Quarter": 9.5,
        "EPS": 520,
        "Non-adjusted EPS": 520,
        "PE": 18.2,
        "Book Price": 11.7
      }
    },
    {
      "quarter": "Q4 2015",
      "income status": {
        "Net sales": 30388,
        "Cost of goods sold": 24338,
        "Gross Profit": 6050,
        "Financial expenses": 1371,
        "Of which: Interest expense": 1371,
        "Cost of sales": 962,
        "Enterprise cost management": 3201,
        "Total Operating Expenses": 5534,
        "Total revenue financing activities": 91,
        "Net profit from business activities": 605,
        "Profit": 16,
        "Profit before tax": 621,
        "Present corporate income tax expenses": 137,
        "Deferred income taxes expenses": "N/A",
        "The interests of minority shareholders": "N/A",
        "Total Cost of profits": 137,
        "Profit after tax corporate income": 484,
        "Volume": 12410800,
        "Close of Quarter": 9.5,
        "EPS": 532,
        "Non-adjusted EPS": 532,
        "PE": 17.8,
        "Book Price": 11.6
      }
    },
    {
      "quarter": "Q3 2015",
      "income status": {
        "Net sales": 38556,
        "Cost of goods sold": 28239,
        "Gross Profit": 10317,
        "Financial expenses": 1457,
        "Of which: Interest expense": 1457,
        "Cost of sales": 2854,
        "Enterprise cost management": 3421,
        "Total Operating Expenses": 7732,
        "Total revenue financing activities": 74,
        "Net profit from business activities": 2660,
        "Profit": 11,
        "Profit before tax": 2671,
        "Present corporate income tax expenses": 588,
        "Deferred income taxes expenses": "N/A",
        "The interests of minority shareholders": "N/A",
        "Total Cost of profits": 588,
        "Profit after tax corporate income": 2083,
        "Volume": 12410800,
        "Close of Quarter": "N/A",
        "EPS": 533,
        "Non-adjusted EPS": 533,
        "PE": "N/A",
        "Book Price": 11.5
      }
    },
    {
      "quarter": "Q2 2015",
      "income status": {
        "Net sales": 30667,
        "Cost of goods sold": 20980,
        "Gross Profit": 9687,
        "Financial expenses": 1410,
        "Of which: Interest expense": 1410,
        "Cost of sales": 2215,
        "Enterprise cost management": 2698,
        "Total Operating Expenses": 6323,
        "Total revenue financing activities": 70,
        "Net profit from business activities": 3434,
        "Profit": 16,
        "Profit before tax": 3450,
        "Present corporate income tax expenses": 759,
        "Deferred income taxes expenses": "N/A",
        "The interests of minority shareholders": "N/A",
        "Total Cost of profits": 759,
        "Profit after tax corporate income": 2691,
        "Volume": 12410800,
        "Close of Quarter": "N/A",
        "EPS": 459,
        "Non-adjusted EPS": 459,
        "PE": "N/A",
        "Book Price": 12.9
      }
    },
    {
      "quarter": "Q2 2014",
      "income status": {
        "Net sales": 26408,
        "Cost of goods sold": 18678,
        "Gross Profit": 7730,
        "Financial expenses": 1599,
        "Of which: Interest expense": 1599,
        "Cost of sales": 1619,
        "Enterprise cost management": 2938,
        "Total Operating Expenses": 6156,
        "Total revenue financing activities": 136,
        "Net profit from business activities": 1709,
        "Profit": 10,
        "Profit before tax": 1719,
        "Present corporate income tax expenses": 378,
        "Deferred income taxes expenses": "N/A",
        "The interests of minority shareholders": "N/A",
        "Total Cost of profits": 378,
        "Profit after tax corporate income": 1341,
        "Volume": 12410800,
        "Close of Quarter": "N/A",
        "EPS": 242,
        "Non-adjusted EPS": 242,
        "PE": "N/A",
        "Book Price": 12.9
      }
    },
    {
      "quarter": "Q1 2014",
      "income status": {
        "Net sales": 19758,
        "Cost of goods sold": 14021,
        "Gross Profit": 5737,
        "Financial expenses": 1586,
        "Of which: Interest expense": 1586,
        "Cost of sales": 1437,
        "Enterprise cost management": 2331,
        "Total Operating Expenses": 5354,
        "Total revenue financing activities": 65,
        "Net profit from business activities": 448,
        "Profit": 186,
        "Profit before tax": 634,
        "Present corporate income tax expenses": 140,
        "Deferred income taxes expenses": "N/A",
        "The interests of minority shareholders": "N/A",
        "Total Cost of profits": 140,
        "Profit after tax corporate income": 495,
        "Volume": 12410800,
        "Close of Quarter": "N/A",
        "EPS": 134,
        "Non-adjusted EPS": 134,
        "PE": "N/A",
        "Book Price": "N/A"
      }
    },
    {
      "quarter": "Q2 2013",
      "income status": {
        "Net sales": 27191,
        "Cost of goods sold": 20075,
        "Gross Profit": 7115,
        "Financial expenses": 1845,
        "Of which: Interest expense": 1845,
        "Cost of sales": 1338,
        "Enterprise cost management": 2466,
        "Total Operating Expenses": 5649,
        "Total revenue financing activities": 86,
        "Net profit from business activities": 1553,
        "Profit": 7,
        "Profit before tax": 1560,
        "Present corporate income tax expenses": 390,
        "Deferred income taxes expenses": "N/A",
        "The interests of minority shareholders": "N/A",
        "Total Cost of profits": 390,
        "Profit after tax corporate income": 1170,
        "Volume": 12410800,
        "Close of Quarter": "N/A",
        "EPS": 94,
        "Non-adjusted EPS": 94,
        "PE": "N/A",
        "Book Price": "N/A"
      }
    }
  ]
}