{
  "ticker": "PEN",
  "data": [
    {
      "quarter": "Q4 2016",
      "income status": {
        "Net sales": 54307,
        "Cost of goods sold": 53179,
        "Gross Profit": 1128,
        "Financial expenses": 1501,
        "Of which: Interest expense": 1452,
        "Cost of sales": 396,
        "Enterprise cost management": 15151,
        "Total Operating Expenses": 17048,
        "Total revenue financing activities": 237,
        "Net profit from business activities": -15683,
        "Profit": 6884,
        "Profit before tax": -8799,
        "Present corporate income tax expenses": -1959,
        "Deferred income taxes expenses": "N/A",
        "The interests of minority shareholders": "N/A",
        "Total Cost of profits": -1959,
        "Profit after tax corporate income": -6840,
        "Volume": 5000000,
        "Close of Quarter": 7.9,
        "EPS": 1372,
        "Non-adjusted EPS": 1372,
        "PE": 5.8,
        "Book Price": 16.9
      }
    },
    {
      "quarter": "Q3 2016",
      "income status": {
        "Net sales": 42556,
        "Cost of goods sold": 39128,
        "Gross Profit": 3428,
        "Financial expenses": 1335,
        "Of which: Interest expense": 1339,
        "Cost of sales": 55,
        "Enterprise cost management": 2234,
        "Total Operating Expenses": 3624,
        "Total revenue financing activities": 407,
        "Net profit from business activities": 211,
        "Profit": 154,
        "Profit before tax": 365,
        "Present corporate income tax expenses": 110,
        "Deferred income taxes expenses": "N/A",
        "The interests of minority shareholders": "N/A",
        "Total Cost of profits": 110,
        "Profit after tax corporate income": 255,
        "Volume": 5000000,
        "Close of Quarter": 9.8,
        "EPS": 2995,
        "Non-adjusted EPS": 2995,
        "PE": 3.3,
        "Book Price": 18.3
      }
    },
    {
      "quarter": "Q2 2016",
      "income status": {
        "Net sales": 76749,
        "Cost of goods sold": 74919,
        "Gross Profit": 1831,
        "Financial expenses": 1267,
        "Of which: Interest expense": 1315,
        "Cost of sales": 395,
        "Enterprise cost management": 4296,
        "Total Operating Expenses": 5958,
        "Total revenue financing activities": 100,
        "Net profit from business activities": -4028,
        "Profit": 16899,
        "Profit before tax": 12872,
        "Present corporate income tax expenses": 2588,
        "Deferred income taxes expenses": "N/A",
        "The interests of minority shareholders": "N/A",
        "Total Cost of profits": 2588,
        "Profit after tax corporate income": 10284,
        "Volume": 5000000,
        "Close of Quarter": 7.3,
        "EPS": 2976,
        "Non-adjusted EPS": 2976,
        "PE": 2.5,
        "Book Price": 19.3
      }
    },
    {
      "quarter": "Q1 2016",
      "income status": {
        "Net sales": 63801,
        "Cost of goods sold": 60236,
        "Gross Profit": 3565,
        "Financial expenses": 1275,
        "Of which: Interest expense": 1182,
        "Cost of sales": 470,
        "Enterprise cost management": 3709,
        "Total Operating Expenses": 5454,
        "Total revenue financing activities": 107,
        "Net profit from business activities": -1781,
        "Profit": 6024,
        "Profit before tax": 4243,
        "Present corporate income tax expenses": -1293,
        "Deferred income taxes expenses": 2374,
        "The interests of minority shareholders": "N/A",
        "Total Cost of profits": 1081,
        "Profit after tax corporate income": 3162,
        "Volume": 5000000,
        "Close of Quarter": 8.6,
        "EPS": 559,
        "Non-adjusted EPS": 559,
        "PE": 15.4,
        "Book Price": 17.3
      }
    },
    {
      "quarter": "Q4 2015",
      "income status": {
        "Net sales": 51392,
        "Cost of goods sold": 33587,
        "Gross Profit": 17805,
        "Financial expenses": 1166,
        "Of which: Interest expense": 1094,
        "Cost of sales": 641,
        "Enterprise cost management": 15309,
        "Total Operating Expenses": 17116,
        "Total revenue financing activities": 337,
        "Net profit from business activities": 1027,
        "Profit": 1092,
        "Profit before tax": 2120,
        "Present corporate income tax expenses": 3971,
        "Deferred income taxes expenses": -3125,
        "The interests of minority shareholders": "N/A",
        "Total Cost of profits": 846,
        "Profit after tax corporate income": 1274,
        "Volume": 5000000,
        "Close of Quarter": 6.6,
        "EPS": 571,
        "Non-adjusted EPS": 571,
        "PE": 11.6,
        "Book Price": 16.7
      }
    },
    {
      "quarter": "Q3 2015",
      "income status": {
        "Net sales": 115188,
        "Cost of goods sold": 109312,
        "Gross Profit": 5875,
        "Financial expenses": 1102,
        "Of which: Interest expense": 1078,
        "Cost of sales": 281,
        "Enterprise cost management": 4760,
        "Total Operating Expenses": 6143,
        "Total revenue financing activities": 112,
        "Net profit from business activities": -157,
        "Profit": 368,
        "Profit before tax": 211,
        "Present corporate income tax expenses": -30,
        "Deferred income taxes expenses": 83,
        "The interests of minority shareholders": "N/A",
        "Total Cost of profits": 53,
        "Profit after tax corporate income": 159,
        "Volume": 5000000,
        "Close of Quarter": 7.1,
        "EPS": 1433,
        "Non-adjusted EPS": 1433,
        "PE": 5.0,
        "Book Price": 17.6
      }
    },
    {
      "quarter": "Q2 2015",
      "income status": {
        "Net sales": 16703,
        "Cost of goods sold": 14204,
        "Gross Profit": 2499,
        "Financial expenses": 713,
        "Of which: Interest expense": 735,
        "Cost of sales": 281,
        "Enterprise cost management": 4933,
        "Total Operating Expenses": 5927,
        "Total revenue financing activities": 46,
        "Net profit from business activities": -3383,
        "Profit": 1089,
        "Profit before tax": -2294,
        "Present corporate income tax expenses": -495,
        "Deferred income taxes expenses": "N/A",
        "The interests of minority shareholders": "N/A",
        "Total Cost of profits": -495,
        "Profit after tax corporate income": -1799,
        "Volume": 5000000,
        "Close of Quarter": 7.8,
        "EPS": 1886,
        "Non-adjusted EPS": 1886,
        "PE": 4.1,
        "Book Price": 17.6
      }
    },
    {
      "quarter": "Q1 2015",
      "income status": {
        "Net sales": 56208,
        "Cost of goods sold": 46037,
        "Gross Profit": 10172,
        "Financial expenses": 779,
        "Of which: Interest expense": 695,
        "Cost of sales": 326,
        "Enterprise cost management": 5004,
        "Total Operating Expenses": 6109,
        "Total revenue financing activities": 87,
        "Net profit from business activities": 4149,
        "Profit": -4,
        "Profit before tax": 4145,
        "Present corporate income tax expenses": 923,
        "Deferred income taxes expenses": "N/A",
        "The interests of minority shareholders": "N/A",
        "Total Cost of profits": 923,
        "Profit after tax corporate income": 3222,
        "Volume": 5000000,
        "Close of Quarter": 8.9,
        "EPS": 1773,
        "Non-adjusted EPS": 1773,
        "PE": 5.0,
        "Book Price": 18.3
      }
    },
    {
      "quarter": "Q4 2014",
      "income status": {
        "Net sales": 85459,
        "Cost of goods sold": 81472,
        "Gross Profit": 3987,
        "Financial expenses": 3606,
        "Of which: Interest expense": 982,
        "Cost of sales": 595,
        "Enterprise cost management": 7506,
        "Total Operating Expenses": 11707,
        "Total revenue financing activities": 2532,
        "Net profit from business activities": -5187,
        "Profit": 10772,
        "Profit before tax": 5585,
        "Present corporate income tax expenses": "N/A",
        "Deferred income taxes expenses": "N/A",
        "The interests of minority shareholders": "N/A",
        "Total Cost of profits": 0,
        "Profit after tax corporate income": 5585,
        "Volume": 5000000,
        "Close of Quarter": 6.3,
        "EPS": 2328,
        "Non-adjusted EPS": 2328,
        "PE": 2.7,
        "Book Price": 17.7
      }
    },
    {
      "quarter": "Q3 2014",
      "income status": {
        "Net sales": 24813,
        "Cost of goods sold": 22346,
        "Gross Profit": 2466,
        "Financial expenses": -304,
        "Of which: Interest expense": 766,
        "Cost of sales": 246,
        "Enterprise cost management": 4023,
        "Total Operating Expenses": 3965,
        "Total revenue financing activities": 1295,
        "Net profit from business activities": -203,
        "Profit": 2624,
        "Profit before tax": 2421,
        "Present corporate income tax expenses": "N/A",
        "Deferred income taxes expenses": "N/A",
        "The interests of minority shareholders": "N/A",
        "Total Cost of profits": 0,
        "Profit after tax corporate income": 2421,
        "Volume": 5000000,
        "Close of Quarter": 11.3,
        "EPS": 1086,
        "Non-adjusted EPS": 1086,
        "PE": 10.4,
        "Book Price": 16.5
      }
    },
    {
      "quarter": "Q2 2014",
      "income status": {
        "Net sales": 48683,
        "Cost of goods sold": 43900,
        "Gross Profit": 4783,
        "Financial expenses": 779,
        "Of which: Interest expense": 501,
        "Cost of sales": 339,
        "Enterprise cost management": 6030,
        "Total Operating Expenses": 7148,
        "Total revenue financing activities": 21,
        "Net profit from business activities": -2343,
        "Profit": -4,
        "Profit before tax": -2348,
        "Present corporate income tax expenses": 13,
        "Deferred income taxes expenses": "N/A",
        "The interests of minority shareholders": "N/A",
        "Total Cost of profits": 13,
        "Profit after tax corporate income": -2361,
        "Volume": 5000000,
        "Close of Quarter": "N/A",
        "EPS": 1202,
        "Non-adjusted EPS": 1202,
        "PE": "N/A",
        "Book Price": 16.1
      }
    },
    {
      "quarter": "Q1 2014",
      "income status": {
        "Net sales": 31427,
        "Cost of goods sold": 28012,
        "Gross Profit": 3416,
        "Financial expenses": 1303,
        "Of which: Interest expense": 283,
        "Cost of sales": 469,
        "Enterprise cost management": 4554,
        "Total Operating Expenses": 6326,
        "Total revenue financing activities": 9892,
        "Net profit from business activities": 6982,
        "Profit": -354,
        "Profit before tax": 6628,
        "Present corporate income tax expenses": 266,
        "Deferred income taxes expenses": 368,
        "The interests of minority shareholders": "N/A",
        "Total Cost of profits": 634,
        "Profit after tax corporate income": 5994,
        "Volume": 5000000,
        "Close of Quarter": "N/A",
        "EPS": 1674,
        "Non-adjusted EPS": 1674,
        "PE": "N/A",
        "Book Price": 17.9
      }
    },
    {
      "quarter": "Q3 2013",
      "income status": {
        "Net sales": 39913,
        "Cost of goods sold": 35570,
        "Gross Profit": 4343,
        "Financial expenses": 748,
        "Of which: Interest expense": 748,
        "Cost of sales": 358,
        "Enterprise cost management": 3880,
        "Total Operating Expenses": 4986,
        "Total revenue financing activities": 37,
        "Net profit from business activities": -606,
        "Profit": -18,
        "Profit before tax": -625,
        "Present corporate income tax expenses": "N/A",
        "Deferred income taxes expenses": "N/A",
        "The interests of minority shareholders": "N/A",
        "Total Cost of profits": 0,
        "Profit after tax corporate income": -625,
        "Volume": 5000000,
        "Close of Quarter": "N/A",
        "EPS": 476,
        "Non-adjusted EPS": 476,
        "PE": "N/A",
        "Book Price": 15.5
      }
    },
    {
      "quarter": "Q2 2013",
      "income status": {
        "Net sales": 38587,
        "Cost of goods sold": 31009,
        "Gross Profit": 7578,
        "Financial expenses": 328,
        "Of which: Interest expense": 296,
        "Cost of sales": 194,
        "Enterprise cost management": 4441,
        "Total Operating Expenses": 4963,
        "Total revenue financing activities": 194,
        "Net profit from business activities": 2810,
        "Profit": 193,
        "Profit before tax": 3003,
        "Present corporate income tax expenses": "N/A",
        "Deferred income taxes expenses": "N/A",
        "The interests of minority shareholders": "N/A",
        "Total Cost of profits": 0,
        "Profit after tax corporate income": 3003,
        "Volume": 5000000,
        "Close of Quarter": "N/A",
        "EPS": 601,
        "Non-adjusted EPS": 601,
        "PE": "N/A",
        "Book Price": "N/A"
      }
    }
  ]
}