{
  "ticker": "VNG",
  "data": [
    {
      "quarter": "Q4 2016",
      "income status": {
        "Net sales": 38538,
        "Cost of goods sold": 34606,
        "Gross Profit": 3932,
        "Financial expenses": 3943,
        "Of which: Interest expense": 2541,
        "Cost of sales": 3195,
        "Enterprise cost management": 9847,
        "Total Operating Expenses": 16985,
        "Total revenue financing activities": 20068,
        "Net profit from business activities": 7124,
        "Profit": -478,
        "Profit before tax": 6647,
        "Present corporate income tax expenses": 1522,
        "Deferred income taxes expenses": -13,
        "The interests of minority shareholders": 2504,
        "Total Cost of profits": 4013,
        "Profit after tax corporate income": 2633,
        "Volume": 13000000,
        "Close of Quarter": 12.8,
        "EPS": 80.9,
        "Non-adjusted EPS": 468,
        "PE": 27.4,
        "Book Price": 2.4
      }
    },
    {
      "quarter": "Q3 2016",
      "income status": {
        "Net sales": 47097,
        "Cost of goods sold": 37788,
        "Gross Profit": 9309,
        "Financial expenses": 2431,
        "Of which: Interest expense": 2489,
        "Cost of sales": 1744,
        "Enterprise cost management": 6502,
        "Total Operating Expenses": 10677,
        "Total revenue financing activities": 341,
        "Net profit from business activities": -918,
        "Profit": 1364,
        "Profit before tax": 446,
        "Present corporate income tax expenses": 425,
        "Deferred income taxes expenses": "N/A",
        "The interests of minority shareholders": -782,
        "Total Cost of profits": -357,
        "Profit after tax corporate income": 804,
        "Volume": 13000000,
        "Close of Quarter": 11.7,
        "EPS": 117.9,
        "Non-adjusted EPS": 682,
        "PE": 17.1,
        "Book Price": 2.3
      }
    },
    {
      "quarter": "Q2 2016",
      "income status": {
        "Net sales": 44480,
        "Cost of goods sold": 39433,
        "Gross Profit": 5047,
        "Financial expenses": 2706,
        "Of which: Interest expense": 2686,
        "Cost of sales": 1204,
        "Enterprise cost management": 6696,
        "Total Operating Expenses": 10606,
        "Total revenue financing activities": 11708,
        "Net profit from business activities": 5841,
        "Profit": -49,
        "Profit before tax": 5793,
        "Present corporate income tax expenses": 1297,
        "Deferred income taxes expenses": -23,
        "The interests of minority shareholders": -1693,
        "Total Cost of profits": -419,
        "Profit after tax corporate income": 6211,
        "Volume": 13000000,
        "Close of Quarter": 15.2,
        "EPS": 63.4,
        "Non-adjusted EPS": 367,
        "PE": 41.4,
        "Book Price": 2.3
      }
    },
    {
      "quarter": "Q1 2016",
      "income status": {
        "Net sales": 119462,
        "Cost of goods sold": 114143,
        "Gross Profit": 5320,
        "Financial expenses": 2673,
        "Of which: Interest expense": 2673,
        "Cost of sales": 1308,
        "Enterprise cost management": 5998,
        "Total Operating Expenses": 9979,
        "Total revenue financing activities": 1100,
        "Net profit from business activities": -3558,
        "Profit": 259,
        "Profit before tax": -3299,
        "Present corporate income tax expenses": 85,
        "Deferred income taxes expenses": 81,
        "The interests of minority shareholders": 101,
        "Total Cost of profits": 267,
        "Profit after tax corporate income": -3567,
        "Volume": 13000000,
        "Close of Quarter": 11.0,
        "EPS": -99.2,
        "Non-adjusted EPS": -574,
        "PE": -19.2,
        "Book Price": 2.3
      }
    },
    {
      "quarter": "Q4 2015",
      "income status": {
        "Net sales": 18586,
        "Cost of goods sold": 21840,
        "Gross Profit": -3254,
        "Financial expenses": 4827,
        "Of which: Interest expense": 1850,
        "Cost of sales": 1102,
        "Enterprise cost management": 4814,
        "Total Operating Expenses": 10743,
        "Total revenue financing activities": 20204,
        "Net profit from business activities": 5308,
        "Profit": 159,
        "Profit before tax": 5466,
        "Present corporate income tax expenses": 45,
        "Deferred income taxes expenses": "N/A",
        "The interests of minority shareholders": "N/A",
        "Total Cost of profits": 45,
        "Profit after tax corporate income": 5422,
        "Volume": 13000000,
        "Close of Quarter": 13.3,
        "EPS": -51.7,
        "Non-adjusted EPS": -299,
        "PE": -44.5,
        "Book Price": 2.2
      }
    },
    {
      "quarter": "Q3 2015",
      "income status": {
        "Net sales": 19073,
        "Cost of goods sold": 17133,
        "Gross Profit": 1940,
        "Financial expenses": 1185,
        "Of which: Interest expense": 1185,
        "Cost of sales": 675,
        "Enterprise cost management": 3748,
        "Total Operating Expenses": 5608,
        "Total revenue financing activities": 107,
        "Net profit from business activities": -3560,
        "Profit": 269,
        "Profit before tax": -3290,
        "Present corporate income tax expenses": 1,
        "Deferred income taxes expenses": "N/A",
        "The interests of minority shareholders": "N/A",
        "Total Cost of profits": 1,
        "Profit after tax corporate income": -3292,
        "Volume": 13000000,
        "Close of Quarter": 9.4,
        "EPS": -107.5,
        "Non-adjusted EPS": -622,
        "PE": -15.1,
        "Book Price": 1.7
      }
    },
    {
      "quarter": "Q2 2015",
      "income status": {
        "Net sales": 16211,
        "Cost of goods sold": 17192,
        "Gross Profit": -981,
        "Financial expenses": 1016,
        "Of which: Interest expense": 1013,
        "Cost of sales": 173,
        "Enterprise cost management": 4273,
        "Total Operating Expenses": 5462,
        "Total revenue financing activities": 47,
        "Net profit from business activities": -5496,
        "Profit": 108,
        "Profit before tax": -5388,
        "Present corporate income tax expenses": 633,
        "Deferred income taxes expenses": "N/A",
        "The interests of minority shareholders": "N/A",
        "Total Cost of profits": 633,
        "Profit after tax corporate income": -6021,
        "Volume": 13000000,
        "Close of Quarter": 10.3,
        "EPS": -59.0,
        "Non-adjusted EPS": -341,
        "PE": -30.1,
        "Book Price": 1.8
      }
    },
    {
      "quarter": "Q1 2015",
      "income status": {
        "Net sales": 16814,
        "Cost of goods sold": 10343,
        "Gross Profit": 6471,
        "Financial expenses": 956,
        "Of which: Interest expense": 959,
        "Cost of sales": 959,
        "Enterprise cost management": 4721,
        "Total Operating Expenses": 6636,
        "Total revenue financing activities": 5,
        "Net profit from business activities": -160,
        "Profit": 190,
        "Profit before tax": 30,
        "Present corporate income tax expenses": 22,
        "Deferred income taxes expenses": "N/A",
        "The interests of minority shareholders": "N/A",
        "Total Cost of profits": 22,
        "Profit after tax corporate income": 9,
        "Volume": 13000000,
        "Close of Quarter": 11.4,
        "EPS": 3.5,
        "Non-adjusted EPS": 20,
        "PE": 569.5,
        "Book Price": 1.9
      }
    },
    {
      "quarter": "Q4 2014",
      "income status": {
        "Net sales": 13712,
        "Cost of goods sold": 9355,
        "Gross Profit": 4357,
        "Financial expenses": 1192,
        "Of which: Interest expense": 867,
        "Cost of sales": 487,
        "Enterprise cost management": 4097,
        "Total Operating Expenses": 5776,
        "Total revenue financing activities": 863,
        "Net profit from business activities": -956,
        "Profit": 2320,
        "Profit before tax": 1364,
        "Present corporate income tax expenses": 150,
        "Deferred income taxes expenses": "N/A",
        "The interests of minority shareholders": "N/A",
        "Total Cost of profits": 150,
        "Profit after tax corporate income": 1214,
        "Volume": 13000000,
        "Close of Quarter": 13.3,
        "EPS": 7.4,
        "Non-adjusted EPS": 43,
        "PE": 309.1,
        "Book Price": 1.9
      }
    },
    {
      "quarter": "Q3 2014",
      "income status": {
        "Net sales": 13838,
        "Cost of goods sold": 8601,
        "Gross Profit": 5237,
        "Financial expenses": 1315,
        "Of which: Interest expense": 959,
        "Cost of sales": 337,
        "Enterprise cost management": 3705,
        "Total Operating Expenses": 5357,
        "Total revenue financing activities": 956,
        "Net profit from business activities": 836,
        "Profit": -12,
        "Profit before tax": 824,
        "Present corporate income tax expenses": 456,
        "Deferred income taxes expenses": "N/A",
        "The interests of minority shareholders": "N/A",
        "Total Cost of profits": 456,
        "Profit after tax corporate income": 367,
        "Volume": 13000000,
        "Close of Quarter": 8.4,
        "EPS": -3.6,
        "Non-adjusted EPS": -21,
        "PE": -398.1,
        "Book Price": 1.9
      }
    },
    {
      "quarter": "Q2 2014",
      "income status": {
        "Net sales": 13223,
        "Cost of goods sold": 8878,
        "Gross Profit": 4345,
        "Financial expenses": 1459,
        "Of which: Interest expense": 1134,
        "Cost of sales": 528,
        "Enterprise cost management": 4163,
        "Total Operating Expenses": 6150,
        "Total revenue financing activities": 1058,
        "Net profit from business activities": -746,
        "Profit": -292,
        "Profit before tax": -1038,
        "Present corporate income tax expenses": 286,
        "Deferred income taxes expenses": "N/A",
        "The interests of minority shareholders": "N/A",
        "Total Cost of profits": 286,
        "Profit after tax corporate income": -1324,
        "Volume": 13000000,
        "Close of Quarter": 10.3,
        "EPS": "N/A",
        "Non-adjusted EPS": " ",
        "PE": "N/A",
        "Book Price": 1.9
      }
    },
    {
      "quarter": "Q1 2014",
      "income status": {
        "Net sales": 13594,
        "Cost of goods sold": 8622,
        "Gross Profit": 4971,
        "Financial expenses": 1500,
        "Of which: Interest expense": 1175,
        "Cost of sales": 359,
        "Enterprise cost management": 3742,
        "Total Operating Expenses": 5601,
        "Total revenue financing activities": 1142,
        "Net profit from business activities": 514,
        "Profit": -110,
        "Profit before tax": 404,
        "Present corporate income tax expenses": 106,
        "Deferred income taxes expenses": "N/A",
        "The interests of minority shareholders": "N/A",
        "Total Cost of profits": 106,
        "Profit after tax corporate income": 298,
        "Volume": 13000000,
        "Close of Quarter": 8.3,
        "EPS": "",
        "Non-adjusted EPS": "N/A",
        "PE": -206.5,
        "Book Price": 1.9
      }
    },
    {
      "quarter": "Q4 2013",
      "income status": {
        "Net sales": 15290,
        "Cost of goods sold": 10026,
        "Gross Profit": 5265,
        "Financial expenses": 1520,
        "Of which: Interest expense": 1193,
        "Cost of sales": 221,
        "Enterprise cost management": 3782,
        "Total Operating Expenses": 5523,
        "Total revenue financing activities": 1012,
        "Net profit from business activities": 754,
        "Profit": 301,
        "Profit before tax": 156,
        "Present corporate income tax expenses": -226,
        "Deferred income taxes expenses": "N/A",
        "The interests of minority shareholders": "N/A",
        "Total Cost of profits": -226,
        "Profit after tax corporate income": 382,
        "Volume": 13000000,
        "Close of Quarter": 4.6,
        "EPS": "",
        "Non-adjusted EPS": -6.9,
        "PE": 268.2,
        "Book Price": 1.9
      }
    },
    {
      "quarter": "Q3 2013",
      "income status": {
        "Net sales": 13891,
        "Cost of goods sold": 8222,
        "Gross Profit": 5668,
        "Financial expenses": 1586,
        "Of which: Interest expense": 1250,
        "Cost of sales": 542,
        "Enterprise cost management": 3241,
        "Total Operating Expenses": 5369,
        "Total revenue financing activities": 1187,
        "Net profit from business activities": 1486,
        "Profit": -206,
        "Profit before tax": 1280,
        "Present corporate income tax expenses": 632,
        "Deferred income taxes expenses": "N/A",
        "The interests of minority shareholders": "N/A",
        "Total Cost of profits": 632,
        "Profit after tax corporate income": 649,
        "Volume": 13000000,
        "Close of Quarter": 5.5,
        "EPS": -40,
        "Non-adjusted EPS": 2.9,
        "PE": -220.4,
        "Book Price": 1.9
      }
    },
    {
      "quarter": "Q2 2013",
      "income status": {
        "Net sales": 13783,
        "Cost of goods sold": 8422,
        "Gross Profit": 5362,
        "Financial expenses": 3772,
        "Of which: Interest expense": 1747,
        "Cost of sales": 326,
        "Enterprise cost management": 2995,
        "Total Operating Expenses": 7093,
        "Total revenue financing activities": 1079,
        "Net profit from business activities": -652,
        "Profit": 3,
        "Profit before tax": -1708,
        "Present corporate income tax expenses": 143,
        "Deferred income taxes expenses": "N/A",
        "The interests of minority shareholders": "N/A",
        "Total Cost of profits": 143,
        "Profit after tax corporate income": -1851,
        "Volume": 13000000,
        "Close of Quarter": 4.8,
        "EPS": 17,
        "Non-adjusted EPS": -4.3,
        "PE": 201.7,
        "Book Price": 1.9
      }
    },
    {
      "quarter": "Q1 2013",
      "income status": {
        "Net sales": 13880,
        "Cost of goods sold": 8112,
        "Gross Profit": 5768,
        "Financial expenses": 2202,
        "Of which: Interest expense": 1877,
        "Cost of sales": "N/A",
        "Enterprise cost management": 3281,
        "Total Operating Expenses": 5483,
        "Total revenue financing activities": 1174,
        "Net profit from business activities": 1459,
        "Profit": 1,
        "Profit before tax": 1459,
        "Present corporate income tax expenses": 425,
        "Deferred income taxes expenses": "N/A",
        "The interests of minority shareholders": "N/A",
        "Total Cost of profits": 425,
        "Profit after tax corporate income": 1035,
        "Volume": 13000000,
        "Close of Quarter": 5.2,
        "EPS": -25,
        "Non-adjusted EPS": 4.2,
        "PE": 23.5,
        "Book Price": 1.9
      }
    },
    {
      "quarter": "Q4 2012",
      "income status": {
        "Net sales": 14963,
        "Cost of goods sold": 10054,
        "Gross Profit": 4909,
        "Financial expenses": 2584,
        "Of which: Interest expense": 2614,
        "Cost of sales": "N/A",
        "Enterprise cost management": 3225,
        "Total Operating Expenses": 5809,
        "Total revenue financing activities": 335,
        "Net profit from business activities": -565,
        "Profit": 51,
        "Profit before tax": -514,
        "Present corporate income tax expenses": 54,
        "Deferred income taxes expenses": "N/A",
        "The interests of minority shareholders": -412,
        "Total Cost of profits": -358,
        "Profit after tax corporate income": -156,
        "Volume": 13000000,
        "Close of Quarter": 5.2,
        "EPS": 24,
        "Non-adjusted EPS": 38.4,
        "PE": 20.6,
        "Book Price": 1.9
      }
    },
    {
      "quarter": "Q3 2012",
      "income status": {
        "Net sales": 12470,
        "Cost of goods sold": 7641,
        "Gross Profit": 4829,
        "Financial expenses": 1172,
        "Of which: Interest expense": 1171,
        "Cost of sales": "N/A",
        "Enterprise cost management": 2918,
        "Total Operating Expenses": 4090,
        "Total revenue financing activities": 952,
        "Net profit from business activities": 1690,
        "Profit": 8,
        "Profit before tax": 1699,
        "Present corporate income tax expenses": 328,
        "Deferred income taxes expenses": "N/A",
        "The interests of minority shareholders": 92,
        "Total Cost of profits": 420,
        "Profit after tax corporate income": 1278,
        "Volume": 13000000,
        "Close of Quarter": 5.7,
        "EPS": 222,
        "Non-adjusted EPS": 43.7,
        "PE": 18.9,
        "Book Price": 1.9
      }
    },
    {
      "quarter": "Q2 2012",
      "income status": {
        "Net sales": 11473,
        "Cost of goods sold": 7770,
        "Gross Profit": 3703,
        "Financial expenses": 1283,
        "Of which: Interest expense": 1283,
        "Cost of sales": 1,
        "Enterprise cost management": 3026,
        "Total Operating Expenses": 4310,
        "Total revenue financing activities": 1262,
        "Net profit from business activities": 654,
        "Profit": -10,
        "Profit before tax": 644,
        "Present corporate income tax expenses": 186,
        "Deferred income taxes expenses": "N/A",
        "The interests of minority shareholders": -270,
        "Total Cost of profits": -84,
        "Profit after tax corporate income": 728,
        "Volume": 13000000,
        "Close of Quarter": 5.8,
        "EPS": 253,
        "Non-adjusted EPS": 52.2,
        "PE": 24.6,
        "Book Price": 1.9
      }
    },
    {
      "quarter": "Q1 2012",
      "income status": {
        "Net sales": 14328,
        "Cost of goods sold": 8367,
        "Gross Profit": 5961,
        "Financial expenses": 1360,
        "Of which: Interest expense": 1359,
        "Cost of sales": "N/A",
        "Enterprise cost management": 3372,
        "Total Operating Expenses": 4732,
        "Total revenue financing activities": 1024,
        "Net profit from business activities": 2254,
        "Profit": 8,
        "Profit before tax": 2262,
        "Present corporate income tax expenses": 549,
        "Deferred income taxes expenses": "N/A",
        "The interests of minority shareholders": 270,
        "Total Cost of profits": 819,
        "Profit after tax corporate income": 1443,
        "Volume": 13000000,
        "Close of Quarter": 5.2,
        "EPS": 302,
        "Non-adjusted EPS": 40.6,
        "PE": 21.5,
        "Book Price": 1.9
      }
    },
    {
      "quarter": "Q4 2011",
      "income status": {
        "Net sales": 12520,
        "Cost of goods sold": 7616,
        "Gross Profit": 4904,
        "Financial expenses": 1442,
        "Of which: Interest expense": 1373,
        "Cost of sales": 18,
        "Enterprise cost management": 3303,
        "Total Operating Expenses": 4763,
        "Total revenue financing activities": 728,
        "Net profit from business activities": 869,
        "Profit": 124,
        "Profit before tax": 993,
        "Present corporate income tax expenses": 515,
        "Deferred income taxes expenses": "N/A",
        "The interests of minority shareholders": "N/A",
        "Total Cost of profits": 515,
        "Profit after tax corporate income": 478,
        "Volume": 13000000,
        "Close of Quarter": 8.7,
        "EPS": 235,
        "Non-adjusted EPS": 42.0,
        "PE": 36.3,
        "Book Price": 1.9
      }
    },
    {
      "quarter": "Q3 2011",
      "income status": {
        "Net sales": 14042,
        "Cost of goods sold": 9918,
        "Gross Profit": 4124,
        "Financial expenses": 1230,
        "Of which: Interest expense": 1141,
        "Cost of sales": 23,
        "Enterprise cost management": 3080,
        "Total Operating Expenses": 4333,
        "Total revenue financing activities": 723,
        "Net profit from business activities": 513,
        "Profit": 34,
        "Profit before tax": 547,
        "Present corporate income tax expenses": 140,
        "Deferred income taxes expenses": "N/A",
        "The interests of minority shareholders": "N/A",
        "Total Cost of profits": 140,
        "Profit after tax corporate income": 406,
        "Volume": 13000000,
        "Close of Quarter": 15.6,
        "EPS": 243,
        "Non-adjusted EPS": 41.7,
        "PE": 32.6,
        "Book Price": 1.9
      }
    },
    {
      "quarter": "Q2 2011",
      "income status": {
        "Net sales": 17500,
        "Cost of goods sold": 12602,
        "Gross Profit": 4898,
        "Financial expenses": 947,
        "Of which: Interest expense": 942,
        "Cost of sales": 14,
        "Enterprise cost management": 3118,
        "Total Operating Expenses": 4079,
        "Total revenue financing activities": 703,
        "Net profit from business activities": 1522,
        "Profit": 48,
        "Profit before tax": 1570,
        "Present corporate income tax expenses": 485,
        "Deferred income taxes expenses": "N/A",
        "The interests of minority shareholders": 247,
        "Total Cost of profits": 732,
        "Profit after tax corporate income": 838,
        "Volume": 13000000,
        "Close of Quarter": 15.4,
        "EPS": 241,
        "Non-adjusted EPS": 82.6,
        "PE": 29.5,
        "Book Price": 1.9
      }
    },
    {
      "quarter": "Q1 2011",
      "income status": {
        "Net sales": 15437,
        "Cost of goods sold": 9739,
        "Gross Profit": 5698,
        "Financial expenses": 922,
        "Of which: Interest expense": 906,
        "Cost of sales": 148,
        "Enterprise cost management": 3420,
        "Total Operating Expenses": 4490,
        "Total revenue financing activities": 690,
        "Net profit from business activities": 1898,
        "Profit": 84,
        "Profit before tax": 1982,
        "Present corporate income tax expenses": 477,
        "Deferred income taxes expenses": "N/A",
        "The interests of minority shareholders": 98,
        "Total Cost of profits": 575,
        "Profit after tax corporate income": 1407,
        "Volume": 13000000,
        "Close of Quarter": 15.6,
        "EPS": 478,
        "Non-adjusted EPS": 90.2,
        "PE": 27.6,
        "Book Price": 1.9
      }
    }
  ]
}