{
  "ticker": "STC",
  "data": [
    {
      "quarter": "Q4 2016",
      "income status": {
        "Net sales": 57407,
        "Cost of goods sold": 40308,
        "Gross Profit": 17098,
        "Financial expenses": 675,
        "Of which: Interest expense": 281,
        "Cost of sales": 8202,
        "Enterprise cost management": 7463,
        "Total Operating Expenses": 16340,
        "Total revenue financing activities": 170,
        "Net profit from business activities": 929,
        "Profit": -30,
        "Profit before tax": 899,
        "Present corporate income tax expenses": -76,
        "Deferred income taxes expenses": 3,
        "The interests of minority shareholders": 93,
        "Total Cost of profits": 20,
        "Profit after tax corporate income": 879,
        "Volume": 5380730,
        "Close of Quarter": 36.2,
        "EPS": 2291,
        "Non-adjusted EPS": 2291,
        "PE": 15.8,
        "Book Price": 19.7
      }
    },
    {
      "quarter": "Q3 2016",
      "income status": {
        "Net sales": 123087,
        "Cost of goods sold": 95634,
        "Gross Profit": 27452,
        "Financial expenses": 1158,
        "Of which: Interest expense": 298,
        "Cost of sales": 9845,
        "Enterprise cost management": 9413,
        "Total Operating Expenses": 20416,
        "Total revenue financing activities": 78,
        "Net profit from business activities": 6417,
        "Profit": 87,
        "Profit before tax": 6504,
        "Present corporate income tax expenses": 859,
        "Deferred income taxes expenses": 3,
        "The interests of minority shareholders": 119,
        "Total Cost of profits": 981,
        "Profit after tax corporate income": 5524,
        "Volume": 5380730,
        "Close of Quarter": 21.6,
        "EPS": 2617,
        "Non-adjusted EPS": 2617,
        "PE": 8.2,
        "Book Price": 20.2
      }
    },
    {
      "quarter": "Q2 2016",
      "income status": {
        "Net sales": 124104,
        "Cost of goods sold": 102782,
        "Gross Profit": 21322,
        "Financial expenses": 1234,
        "Of which: Interest expense": 817,
        "Cost of sales": 7645,
        "Enterprise cost management": 7540,
        "Total Operating Expenses": 16419,
        "Total revenue financing activities": 245,
        "Net profit from business activities": 5011,
        "Profit": 6,
        "Profit before tax": 5017,
        "Present corporate income tax expenses": 628,
        "Deferred income taxes expenses": 3,
        "The interests of minority shareholders": 16,
        "Total Cost of profits": 647,
        "Profit after tax corporate income": 4370,
        "Volume": 5380730,
        "Close of Quarter": 23.2,
        "EPS": 2715,
        "Non-adjusted EPS": 2715,
        "PE": 8.5,
        "Book Price": 19.2
      }
    },
    {
      "quarter": "Q1 2016",
      "income status": {
        "Net sales": 31060,
        "Cost of goods sold": 22815,
        "Gross Profit": 8246,
        "Financial expenses": 319,
        "Of which: Interest expense": 319,
        "Cost of sales": 2394,
        "Enterprise cost management": 3881,
        "Total Operating Expenses": 6594,
        "Total revenue financing activities": 138,
        "Net profit from business activities": 1669,
        "Profit": 247,
        "Profit before tax": 1916,
        "Present corporate income tax expenses": 215,
        "Deferred income taxes expenses": 3,
        "The interests of minority shareholders": 144,
        "Total Cost of profits": 362,
        "Profit after tax corporate income": 1554,
        "Volume": 5380730,
        "Close of Quarter": 19.6,
        "EPS": 2606,
        "Non-adjusted EPS": 2606,
        "PE": 7.5,
        "Book Price": 18.4
      }
    },
    {
      "quarter": "Q4 2015",
      "income status": {
        "Net sales": 63852,
        "Cost of goods sold": 46724,
        "Gross Profit": 17128,
        "Financial expenses": 897,
        "Of which: Interest expense": 326,
        "Cost of sales": 6953,
        "Enterprise cost management": 6284,
        "Total Operating Expenses": 14134,
        "Total revenue financing activities": 288,
        "Net profit from business activities": 3281,
        "Profit": 32,
        "Profit before tax": 3312,
        "Present corporate income tax expenses": 230,
        "Deferred income taxes expenses": 3,
        "The interests of minority shareholders": 443,
        "Total Cost of profits": 676,
        "Profit after tax corporate income": 2636,
        "Volume": 5380730,
        "Close of Quarter": 20.6,
        "EPS": 2603,
        "Non-adjusted EPS": 2603,
        "PE": 7.9,
        "Book Price": 19.5
      }
    },
    {
      "quarter": "Q3 2015",
      "income status": {
        "Net sales": 100291,
        "Cost of goods sold": 77681,
        "Gross Profit": 22610,
        "Financial expenses": 773,
        "Of which: Interest expense": 416,
        "Cost of sales": 8716,
        "Enterprise cost management": 7324,
        "Total Operating Expenses": 16813,
        "Total revenue financing activities": 702,
        "Net profit from business activities": 6583,
        "Profit": 299,
        "Profit before tax": 6882,
        "Present corporate income tax expenses": 972,
        "Deferred income taxes expenses": 3,
        "The interests of minority shareholders": -143,
        "Total Cost of profits": 832,
        "Profit after tax corporate income": 6050,
        "Volume": 5380730,
        "Close of Quarter": 24.0,
        "EPS": 2544,
        "Non-adjusted EPS": 2544,
        "PE": 9.4,
        "Book Price": 20.1
      }
    },
    {
      "quarter": "Q2 2015",
      "income status": {
        "Net sales": 97040,
        "Cost of goods sold": 78254,
        "Gross Profit": 18786,
        "Financial expenses": 1339,
        "Of which: Interest expense": 883,
        "Cost of sales": 7797,
        "Enterprise cost management": 7223,
        "Total Operating Expenses": 16359,
        "Total revenue financing activities": 421,
        "Net profit from business activities": 2952,
        "Profit": 1333,
        "Profit before tax": 4285,
        "Present corporate income tax expenses": 601,
        "Deferred income taxes expenses": 3,
        "The interests of minority shareholders": -99,
        "Total Cost of profits": 505,
        "Profit after tax corporate income": 3780,
        "Volume": 5380730,
        "Close of Quarter": 18.1,
        "EPS": 2616,
        "Non-adjusted EPS": 2616,
        "PE": 6.9,
        "Book Price": 18.8
      }
    },
    {
      "quarter": "Q1 2015",
      "income status": {
        "Net sales": 32379,
        "Cost of goods sold": 23634,
        "Gross Profit": 8745,
        "Financial expenses": 425,
        "Of which: Interest expense": 377,
        "Cost of sales": 2771,
        "Enterprise cost management": 3899,
        "Total Operating Expenses": 7095,
        "Total revenue financing activities": 262,
        "Net profit from business activities": 1856,
        "Profit": 29,
        "Profit before tax": 1884,
        "Present corporate income tax expenses": 256,
        "Deferred income taxes expenses": 3,
        "The interests of minority shareholders": 87,
        "Total Cost of profits": 346,
        "Profit after tax corporate income": 1538,
        "Volume": 5380730,
        "Close of Quarter": 16.4,
        "EPS": 2415,
        "Non-adjusted EPS": 2415,
        "PE": 6.8,
        "Book Price": 18
      }
    },
    {
      "quarter": "Q4 2014",
      "income status": {
        "Net sales": 53648,
        "Cost of goods sold": 36236,
        "Gross Profit": 17412,
        "Financial expenses": 1532,
        "Of which: Interest expense": 381,
        "Cost of sales": 7803,
        "Enterprise cost management": 6259,
        "Total Operating Expenses": 15594,
        "Total revenue financing activities": 536,
        "Net profit from business activities": 2356,
        "Profit": 803,
        "Profit before tax": 3159,
        "Present corporate income tax expenses": 297,
        "Deferred income taxes expenses": -67,
        "The interests of minority shareholders": 610,
        "Total Cost of profits": 840,
        "Profit after tax corporate income": 2318,
        "Volume": 5380730,
        "Close of Quarter": 15.8,
        "EPS": 2473,
        "Non-adjusted EPS": 2473,
        "PE": 6.4,
        "Book Price": 17.7
      }
    },
    {
      "quarter": "Q3 2014",
      "income status": {
        "Net sales": 98352,
        "Cost of goods sold": 74801,
        "Gross Profit": 23551,
        "Financial expenses": 1146,
        "Of which: Interest expense": 414,
        "Cost of sales": 7689,
        "Enterprise cost management": 7014,
        "Total Operating Expenses": 15849,
        "Total revenue financing activities": 153,
        "Net profit from business activities": 7856,
        "Profit": -51,
        "Profit before tax": 7805,
        "Present corporate income tax expenses": 1281,
        "Deferred income taxes expenses": -22,
        "The interests of minority shareholders": 104,
        "Total Cost of profits": 1363,
        "Profit after tax corporate income": 6442,
        "Volume": 5380730,
        "Close of Quarter": 13.6,
        "EPS": 2597,
        "Non-adjusted EPS": 2597,
        "PE": 5.2,
        "Book Price": 18.7
      }
    },
    {
      "quarter": "Q2 2014",
      "income status": {
        "Net sales": 86840,
        "Cost of goods sold": 72398,
        "Gross Profit": 14442,
        "Financial expenses": 1569,
        "Of which: Interest expense": 725,
        "Cost of sales": 4961,
        "Enterprise cost management": 6073,
        "Total Operating Expenses": 12603,
        "Total revenue financing activities": 535,
        "Net profit from business activities": 2374,
        "Profit": 8,
        "Profit before tax": 2382,
        "Present corporate income tax expenses": 126,
        "Deferred income taxes expenses": 64,
        "The interests of minority shareholders": -506,
        "Total Cost of profits": -316,
        "Profit after tax corporate income": 2698,
        "Volume": 5380730,
        "Close of Quarter": 12.5,
        "EPS": 2493,
        "Non-adjusted EPS": 2493,
        "PE": 5.0,
        "Book Price": 17.2
      }
    },
    {
      "quarter": "Q1 2014",
      "income status": {
        "Net sales": 28489,
        "Cost of goods sold": 20880,
        "Gross Profit": 7608,
        "Financial expenses": 424,
        "Of which: Interest expense": 385,
        "Cost of sales": 4467,
        "Enterprise cost management": 5081,
        "Total Operating Expenses": 9972,
        "Total revenue financing activities": 429,
        "Net profit from business activities": -1935,
        "Profit": 4959,
        "Profit before tax": 3024,
        "Present corporate income tax expenses": 1097,
        "Deferred income taxes expenses": -3,
        "The interests of minority shareholders": 80,
        "Total Cost of profits": 1174,
        "Profit after tax corporate income": 1850,
        "Volume": 5380730,
        "Close of Quarter": 12.2,
        "EPS": 2592,
        "Non-adjusted EPS": 2592,
        "PE": 4.7,
        "Book Price": 16.7
      }
    },
    {
      "quarter": "Q4 2013",
      "income status": {
        "Net sales": 59313,
        "Cost of goods sold": 40159,
        "Gross Profit": 19154,
        "Financial expenses": 998,
        "Of which: Interest expense": 374,
        "Cost of sales": 7290,
        "Enterprise cost management": 8287,
        "Total Operating Expenses": 16575,
        "Total revenue financing activities": 689,
        "Net profit from business activities": 3269,
        "Profit": 272,
        "Profit before tax": 3540,
        "Present corporate income tax expenses": 468,
        "Deferred income taxes expenses": 91,
        "The interests of minority shareholders": -4,
        "Total Cost of profits": 555,
        "Profit after tax corporate income": 2986,
        "Volume": 5380730,
        "Close of Quarter": 12.6,
        "EPS": 2440,
        "Non-adjusted EPS": 2440,
        "PE": 5.2,
        "Book Price": 15.7
      }
    },
    {
      "quarter": "Q3 2013",
      "income status": {
        "Net sales": 98338,
        "Cost of goods sold": 74214,
        "Gross Profit": 24124,
        "Financial expenses": 1743,
        "Of which: Interest expense": 467,
        "Cost of sales": 8763,
        "Enterprise cost management": 7220,
        "Total Operating Expenses": 17726,
        "Total revenue financing activities": 787,
        "Net profit from business activities": 7185,
        "Profit": -31,
        "Profit before tax": 7155,
        "Present corporate income tax expenses": 1162,
        "Deferred income taxes expenses": -57,
        "The interests of minority shareholders": 171,
        "Total Cost of profits": 1276,
        "Profit after tax corporate income": 5879,
        "Volume": 5380730,
        "Close of Quarter": 8.8,
        "EPS": 2746,
        "Non-adjusted EPS": 2746,
        "PE": 3.2,
        "Book Price": 17.7
      }
    },
    {
      "quarter": "Q2 2013",
      "income status": {
        "Net sales": 86372,
        "Cost of goods sold": 69726,
        "Gross Profit": 16646,
        "Financial expenses": 2383,
        "Of which: Interest expense": 7034,
        "Cost of sales": 5676,
        "Enterprise cost management": 5801,
        "Total Operating Expenses": 13860,
        "Total revenue financing activities": 700,
        "Net profit from business activities": 3485,
        "Profit": 416,
        "Profit before tax": 3901,
        "Present corporate income tax expenses": 706,
        "Deferred income taxes expenses": 34,
        "The interests of minority shareholders": -73,
        "Total Cost of profits": 667,
        "Profit after tax corporate income": 3234,
        "Volume": 5380730,
        "Close of Quarter": 8.0,
        "EPS": 2714,
        "Non-adjusted EPS": 2714,
        "PE": 3.0,
        "Book Price": 16.5
      }
    },
    {
      "quarter": "Q1 2013",
      "income status": {
        "Net sales": 31088,
        "Cost of goods sold": 21342,
        "Gross Profit": 9745,
        "Financial expenses": 682,
        "Of which: Interest expense": 632,
        "Cost of sales": 2754,
        "Enterprise cost management": 5461,
        "Total Operating Expenses": 8897,
        "Total revenue financing activities": 218,
        "Net profit from business activities": 1067,
        "Profit": 253,
        "Profit before tax": 1320,
        "Present corporate income tax expenses": 143,
        "Deferred income taxes expenses": -69,
        "The interests of minority shareholders": 215,
        "Total Cost of profits": 289,
        "Profit after tax corporate income": 1032,
        "Volume": 5380730,
        "Close of Quarter": 6.7,
        "EPS": 2623,
        "Non-adjusted EPS": 2623,
        "PE": 2.6,
        "Book Price": 15.9
      }
    },
    {
      "quarter": "Q4 2012",
      "income status": {
        "Net sales": 80139,
        "Cost of goods sold": 53401,
        "Gross Profit": 26738,
        "Financial expenses": 1518,
        "Of which: Interest expense": 549,
        "Cost of sales": 8107,
        "Enterprise cost management": 12583,
        "Total Operating Expenses": 22208,
        "Total revenue financing activities": 758,
        "Net profit from business activities": 5288,
        "Profit": -142,
        "Profit before tax": 5145,
        "Present corporate income tax expenses": 101,
        "Deferred income taxes expenses": 45,
        "The interests of minority shareholders": 370,
        "Total Cost of profits": 516,
        "Profit after tax corporate income": 4629,
        "Volume": 5380730,
        "Close of Quarter": 5.8,
        "EPS": 2600,
        "Non-adjusted EPS": 2600,
        "PE": 2.2,
        "Book Price": 16.5
      }
    },
    {
      "quarter": "Q3 2012",
      "income status": {
        "Net sales": 85870,
        "Cost of goods sold": 64601,
        "Gross Profit": 21269,
        "Financial expenses": 1331,
        "Of which: Interest expense": 624,
        "Cost of sales": 6581,
        "Enterprise cost management": 6772,
        "Total Operating Expenses": 14684,
        "Total revenue financing activities": 45,
        "Net profit from business activities": 6630,
        "Profit": -167,
        "Profit before tax": 6464,
        "Present corporate income tax expenses": 681,
        "Deferred income taxes expenses": 12,
        "The interests of minority shareholders": 64,
        "Total Cost of profits": 757,
        "Profit after tax corporate income": 5707,
        "Volume": 5380730,
        "Close of Quarter": 5.4,
        "EPS": 2362,
        "Non-adjusted EPS": 2362,
        "PE": 2.3,
        "Book Price": 17
      }
    },
    {
      "quarter": "Q2 2012",
      "income status": {
        "Net sales": 70862,
        "Cost of goods sold": 57531,
        "Gross Profit": 13331,
        "Financial expenses": 1378,
        "Of which: Interest expense": 942,
        "Cost of sales": 3903,
        "Enterprise cost management": 5823,
        "Total Operating Expenses": 11104,
        "Total revenue financing activities": 691,
        "Net profit from business activities": 2917,
        "Profit": 12,
        "Profit before tax": 2929,
        "Present corporate income tax expenses": 387,
        "Deferred income taxes expenses": -107,
        "The interests of minority shareholders": -95,
        "Total Cost of profits": 185,
        "Profit after tax corporate income": 2744,
        "Volume": 5380730,
        "Close of Quarter": 5.5,
        "EPS": 2254,
        "Non-adjusted EPS": 2254,
        "PE": 2.4,
        "Book Price": 16
      }
    },
    {
      "quarter": "Q1 2012",
      "income status": {
        "Net sales": 24234,
        "Cost of goods sold": 17029,
        "Gross Profit": 7204,
        "Financial expenses": 300,
        "Of which: Interest expense": "N/A",
        "Cost of sales": 1885,
        "Enterprise cost management": 3914,
        "Total Operating Expenses": 6099,
        "Total revenue financing activities": 191,
        "Net profit from business activities": 1297,
        "Profit": -170,
        "Profit before tax": 1127,
        "Present corporate income tax expenses": 141,
        "Deferred income taxes expenses": "N/A",
        "The interests of minority shareholders": 74,
        "Total Cost of profits": 215,
        "Profit after tax corporate income": 912,
        "Volume": 5380730,
        "Close of Quarter": 4.4,
        "EPS": 2168,
        "Non-adjusted EPS": 2168,
        "PE": 2.0,
        "Book Price": 15.5
      }
    },
    {
      "quarter": "Q4 2011",
      "income status": {
        "Net sales": 55275,
        "Cost of goods sold": 37329,
        "Gross Profit": 17946,
        "Financial expenses": 1332,
        "Of which: Interest expense": 159,
        "Cost of sales": 6530,
        "Enterprise cost management": 6331,
        "Total Operating Expenses": 14193,
        "Total revenue financing activities": 140,
        "Net profit from business activities": 3893,
        "Profit": -8,
        "Profit before tax": 3885,
        "Present corporate income tax expenses": 445,
        "Deferred income taxes expenses": "N/A",
        "The interests of minority shareholders": 94,
        "Total Cost of profits": 539,
        "Profit after tax corporate income": 3346,
        "Volume": 5380730,
        "Close of Quarter": 3.6,
        "EPS": 2112,
        "Non-adjusted EPS": 2112,
        "PE": 1.7,
        "Book Price": 15.3
      }
    },
    {
      "quarter": "Q3 2011",
      "income status": {
        "Net sales": 77556,
        "Cost of goods sold": 59639,
        "Gross Profit": 17918,
        "Financial expenses": 359,
        "Of which: Interest expense": 186,
        "Cost of sales": 6385,
        "Enterprise cost management": 5138,
        "Total Operating Expenses": 11882,
        "Total revenue financing activities": 75,
        "Net profit from business activities": 6111,
        "Profit": -283,
        "Profit before tax": 5828,
        "Present corporate income tax expenses": 701,
        "Deferred income taxes expenses": "N/A",
        "The interests of minority shareholders": 2,
        "Total Cost of profits": 703,
        "Profit after tax corporate income": 5125,
        "Volume": 5380730,
        "Close of Quarter": 4.0,
        "EPS": 2074,
        "Non-adjusted EPS": 2074,
        "PE": 1.9,
        "Book Price": 16.2
      }
    },
    {
      "quarter": "Q2 2011",
      "income status": {
        "Net sales": 63388,
        "Cost of goods sold": 53123,
        "Gross Profit": 10265,
        "Financial expenses": 592,
        "Of which: Interest expense": 478,
        "Cost of sales": 3436,
        "Enterprise cost management": 3944,
        "Total Operating Expenses": 7972,
        "Total revenue financing activities": 259,
        "Net profit from business activities": 2553,
        "Profit": 27,
        "Profit before tax": 2579,
        "Present corporate income tax expenses": 296,
        "Deferred income taxes expenses": "N/A",
        "The interests of minority shareholders": "N/A",
        "Total Cost of profits": 296,
        "Profit after tax corporate income": 2283,
        "Volume": 5380730,
        "Close of Quarter": 4.3,
        "EPS": 2071,
        "Non-adjusted EPS": 2071,
        "PE": 2.1,
        "Book Price": 15.3
      }
    },
    {
      "quarter": "Q1 2011",
      "income status": {
        "Net sales": 22385,
        "Cost of goods sold": 16928,
        "Gross Profit": 5457,
        "Financial expenses": 272,
        "Of which: Interest expense": 154,
        "Cost of sales": 1965,
        "Enterprise cost management": 2669,
        "Total Operating Expenses": 4906,
        "Total revenue financing activities": 137,
        "Net profit from business activities": 688,
        "Profit": 64,
        "Profit before tax": 752,
        "Present corporate income tax expenses": 91,
        "Deferred income taxes expenses": "N/A",
        "The interests of minority shareholders": 52,
        "Total Cost of profits": 143,
        "Profit after tax corporate income": 609,
        "Volume": 5380730,
        "Close of Quarter": 4.8,
        "EPS": 1933,
        "Non-adjusted EPS": 1933,
        "PE": 2.5,
        "Book Price": 14.9
      }
    }
  ]
}