{
  "ticker": "INN",
  "data": [
    {
      "quarter": "Q4 2016",
      "income status": {
        "Net sales": 260555,
        "Cost of goods sold": 212863,
        "Gross Profit": 47693,
        "Financial expenses": 1488,
        "Of which: Interest expense": 1488,
        "Cost of sales": 4386,
        "Enterprise cost management": 14436,
        "Total Operating Expenses": 20310,
        "Total revenue financing activities": 186,
        "Net profit from business activities": 27568,
        "Profit": 177,
        "Profit before tax": 27746,
        "Present corporate income tax expenses": 5565,
        "Deferred income taxes expenses": "N/A",
        "The interests of minority shareholders": "N/A",
        "Total Cost of profits": 5565,
        "Profit after tax corporate income": 22181,
        "Volume": 10800000,
        "Close of Quarter": 63,
        "EPS": 6600,
        "Non-adjusted EPS": 6600,
        "PE": 9.6,
        "Book Price": 27.9
      }
    },
    {
      "quarter": "Q3 2016",
      "income status": {
        "Net sales": 233475,
        "Cost of goods sold": 192528,
        "Gross Profit": 40947,
        "Financial expenses": 231,
        "Of which: Interest expense": 231,
        "Cost of sales": 2348,
        "Enterprise cost management": 18799,
        "Total Operating Expenses": 21378,
        "Total revenue financing activities": 77,
        "Net profit from business activities": 19644,
        "Profit": 1857,
        "Profit before tax": 21501,
        "Present corporate income tax expenses": 4300,
        "Deferred income taxes expenses": "N/A",
        "The interests of minority shareholders": "N/A",
        "Total Cost of profits": 4300,
        "Profit after tax corporate income": 17201,
        "Volume": 10800000,
        "Close of Quarter": 57.9,
        "EPS": 6096,
        "Non-adjusted EPS": 6096,
        "PE": 9.5,
        "Book Price": 25.9
      }
    },
    {
      "quarter": "Q2 2016",
      "income status": {
        "Net sales": 181045,
        "Cost of goods sold": 140717,
        "Gross Profit": 40328,
        "Financial expenses": 1413,
        "Of which: Interest expense": 1413,
        "Cost of sales": 1293,
        "Enterprise cost management": 17918,
        "Total Operating Expenses": 20624,
        "Total revenue financing activities": 204,
        "Net profit from business activities": 19908,
        "Profit": 634,
        "Profit before tax": 20542,
        "Present corporate income tax expenses": 4110,
        "Deferred income taxes expenses": "N/A",
        "The interests of minority shareholders": "N/A",
        "Total Cost of profits": 4110,
        "Profit after tax corporate income": 16433,
        "Volume": 10800000,
        "Close of Quarter": 45.9,
        "EPS": 5992,
        "Non-adjusted EPS": 5992,
        "PE": 7.7,
        "Book Price": 24.3
      }
    },
    {
      "quarter": "Q1 2016",
      "income status": {
        "Net sales": 207669,
        "Cost of goods sold": 168710,
        "Gross Profit": 38959,
        "Financial expenses": 317,
        "Of which: Interest expense": 317,
        "Cost of sales": 1467,
        "Enterprise cost management": 18012,
        "Total Operating Expenses": 19796,
        "Total revenue financing activities": 119,
        "Net profit from business activities": 19282,
        "Profit": 54,
        "Profit before tax": 19336,
        "Present corporate income tax expenses": 3867,
        "Deferred income taxes expenses": "N/A",
        "The interests of minority shareholders": "N/A",
        "Total Cost of profits": 3867,
        "Profit after tax corporate income": 15469,
        "Volume": 10800000,
        "Close of Quarter": 39.5,
        "EPS": 5591,
        "Non-adjusted EPS": 5591,
        "PE": 7.1,
        "Book Price": 22.8
      }
    },
    {
      "quarter": "Q4 2015",
      "income status": {
        "Net sales": 234609,
        "Cost of goods sold": 197755,
        "Gross Profit": 36853,
        "Financial expenses": 1105,
        "Of which: Interest expense": 1099,
        "Cost of sales": 2792,
        "Enterprise cost management": 11743,
        "Total Operating Expenses": 15640,
        "Total revenue financing activities": 168,
        "Net profit from business activities": 21382,
        "Profit": 59,
        "Profit before tax": 21441,
        "Present corporate income tax expenses": 4704,
        "Deferred income taxes expenses": "N/A",
        "The interests of minority shareholders": "N/A",
        "Total Cost of profits": 4704,
        "Profit after tax corporate income": 16737,
        "Volume": 10800000,
        "Close of Quarter": 33.0,
        "EPS": 5463,
        "Non-adjusted EPS": 5463,
        "PE": 6.1,
        "Book Price": 23.9
      }
    },
    {
      "quarter": "Q3 2015",
      "income status": {
        "Net sales": 189188,
        "Cost of goods sold": 153983,
        "Gross Profit": 35205,
        "Financial expenses": 403,
        "Of which: Interest expense": 196,
        "Cost of sales": 1597,
        "Enterprise cost management": 12717,
        "Total Operating Expenses": 14717,
        "Total revenue financing activities": 36,
        "Net profit from business activities": 20524,
        "Profit": 77,
        "Profit before tax": 20600,
        "Present corporate income tax expenses": 4524,
        "Deferred income taxes expenses": "N/A",
        "The interests of minority shareholders": "N/A",
        "Total Cost of profits": 4524,
        "Profit after tax corporate income": 16076,
        "Volume": 10800000,
        "Close of Quarter": 34.9,
        "EPS": 5199,
        "Non-adjusted EPS": 5199,
        "PE": 6.7,
        "Book Price": 22.4
      }
    },
    {
      "quarter": "Q2 2015",
      "income status": {
        "Net sales": 151590,
        "Cost of goods sold": 122335,
        "Gross Profit": 29255,
        "Financial expenses": 1288,
        "Of which: Interest expense": 1261,
        "Cost of sales": 1052,
        "Enterprise cost management": 11557,
        "Total Operating Expenses": 13897,
        "Total revenue financing activities": 75,
        "Net profit from business activities": 15433,
        "Profit": 69,
        "Profit before tax": 15502,
        "Present corporate income tax expenses": 3398,
        "Deferred income taxes expenses": "N/A",
        "The interests of minority shareholders": "N/A",
        "Total Cost of profits": 3398,
        "Profit after tax corporate income": 12104,
        "Volume": 10800000,
        "Close of Quarter": 34.7,
        "EPS": 4842,
        "Non-adjusted EPS": 4842,
        "PE": 7.2,
        "Book Price": 20.9
      }
    },
    {
      "quarter": "Q1 2015",
      "income status": {
        "Net sales": 185754,
        "Cost of goods sold": 153878,
        "Gross Profit": 31876,
        "Financial expenses": 356,
        "Of which: Interest expense": 345,
        "Cost of sales": 1550,
        "Enterprise cost management": 12684,
        "Total Operating Expenses": 14590,
        "Total revenue financing activities": 150,
        "Net profit from business activities": 17436,
        "Profit": 605,
        "Profit before tax": 18041,
        "Present corporate income tax expenses": 3958,
        "Deferred income taxes expenses": "N/A",
        "The interests of minority shareholders": "N/A",
        "Total Cost of profits": 3958,
        "Profit after tax corporate income": 14082,
        "Volume": 10800000,
        "Close of Quarter": 29.0,
        "EPS": 4659,
        "Non-adjusted EPS": 4659,
        "PE": 6.2,
        "Book Price": 19.8
      }
    },
    {
      "quarter": "Q4 2014",
      "income status": {
        "Net sales": 178706,
        "Cost of goods sold": 148126,
        "Gross Profit": 30579,
        "Financial expenses": 1135,
        "Of which: Interest expense": 1126,
        "Cost of sales": 1514,
        "Enterprise cost management": 10625,
        "Total Operating Expenses": 13274,
        "Total revenue financing activities": 80,
        "Net profit from business activities": 17385,
        "Profit": 408,
        "Profit before tax": 17792,
        "Present corporate income tax expenses": 3901,
        "Deferred income taxes expenses": "N/A",
        "The interests of minority shareholders": "N/A",
        "Total Cost of profits": 3901,
        "Profit after tax corporate income": 13891,
        "Volume": 10800000,
        "Close of Quarter": 29.7,
        "EPS": 4286,
        "Non-adjusted EPS": 4286,
        "PE": 6.9,
        "Book Price": 20.7
      }
    },
    {
      "quarter": "Q3 2014",
      "income status": {
        "Net sales": 164388,
        "Cost of goods sold": 136591,
        "Gross Profit": 27797,
        "Financial expenses": 722,
        "Of which: Interest expense": 508,
        "Cost of sales": 1311,
        "Enterprise cost management": 10498,
        "Total Operating Expenses": 12531,
        "Total revenue financing activities": 76,
        "Net profit from business activities": 15342,
        "Profit": 304,
        "Profit before tax": 15646,
        "Present corporate income tax expenses": 3433,
        "Deferred income taxes expenses": "N/A",
        "The interests of minority shareholders": "N/A",
        "Total Cost of profits": 3433,
        "Profit after tax corporate income": 12213,
        "Volume": 10800000,
        "Close of Quarter": 28.9,
        "EPS": 4398,
        "Non-adjusted EPS": 4398,
        "PE": 6.6,
        "Book Price": 19.4
      }
    },
    {
      "quarter": "Q2 2014",
      "income status": {
        "Net sales": 139553,
        "Cost of goods sold": 112436,
        "Gross Profit": 27117,
        "Financial expenses": 1558,
        "Of which: Interest expense": 1460,
        "Cost of sales": 993,
        "Enterprise cost management": 10638,
        "Total Operating Expenses": 13189,
        "Total revenue financing activities": -1421,
        "Net profit from business activities": 12507,
        "Profit": 28,
        "Profit before tax": 12536,
        "Present corporate income tax expenses": 2401,
        "Deferred income taxes expenses": "N/A",
        "The interests of minority shareholders": "N/A",
        "Total Cost of profits": 2401,
        "Profit after tax corporate income": 10135,
        "Volume": 8100000,
        "Close of Quarter": 23.2,
        "EPS": 4181.3,
        "Non-adjusted EPS": 5575,
        "PE": 4.2,
        "Book Price": 15.8
      }
    },
    {
      "quarter": "Q1 2014",
      "income status": {
        "Net sales": 144978,
        "Cost of goods sold": 121487,
        "Gross Profit": 23491,
        "Financial expenses": 446,
        "Of which: Interest expense": 446,
        "Cost of sales": 924,
        "Enterprise cost management": 10985,
        "Total Operating Expenses": 12355,
        "Total revenue financing activities": 1684,
        "Net profit from business activities": 12820,
        "Profit": 489,
        "Profit before tax": 13309,
        "Present corporate income tax expenses": 3264,
        "Deferred income taxes expenses": "N/A",
        "The interests of minority shareholders": "N/A",
        "Total Cost of profits": 3264,
        "Profit after tax corporate income": 10045,
        "Volume": 8100000,
        "Close of Quarter": 22.4,
        "EPS": 4101.8,
        "Non-adjusted EPS": 5469,
        "PE": 4.1,
        "Book Price": 15
      }
    },
    {
      "quarter": "Q4 2013",
      "income status": {
        "Net sales": 174348,
        "Cost of goods sold": 143132,
        "Gross Profit": 31216,
        "Financial expenses": 19,
        "Of which: Interest expense": 19,
        "Cost of sales": 1398,
        "Enterprise cost management": 9873,
        "Total Operating Expenses": 11290,
        "Total revenue financing activities": 141,
        "Net profit from business activities": 20067,
        "Profit": 48,
        "Profit before tax": 20115,
        "Present corporate income tax expenses": 5010,
        "Deferred income taxes expenses": "N/A",
        "The interests of minority shareholders": "N/A",
        "Total Cost of profits": 5010,
        "Profit after tax corporate income": 15105,
        "Volume": 8100000,
        "Close of Quarter": 19.2,
        "EPS": 3933.8,
        "Non-adjusted EPS": 5245,
        "PE": 3.7,
        "Book Price": 15.9
      }
    },
    {
      "quarter": "Q3 2013",
      "income status": {
        "Net sales": 134924,
        "Cost of goods sold": 111650,
        "Gross Profit": 23274,
        "Financial expenses": 403,
        "Of which: Interest expense": 401,
        "Cost of sales": 758,
        "Enterprise cost management": 9040,
        "Total Operating Expenses": 10201,
        "Total revenue financing activities": 25,
        "Net profit from business activities": 13098,
        "Profit": 41,
        "Profit before tax": 13139,
        "Present corporate income tax expenses": 3269,
        "Deferred income taxes expenses": "N/A",
        "The interests of minority shareholders": "N/A",
        "Total Cost of profits": 3269,
        "Profit after tax corporate income": 9870,
        "Volume": 8100000,
        "Close of Quarter": 14.0,
        "EPS": 3581.3,
        "Non-adjusted EPS": 4775,
        "PE": 2.9,
        "Book Price": 14.6
      }
    },
    {
      "quarter": "Q2 2013",
      "income status": {
        "Net sales": 130957,
        "Cost of goods sold": 108001,
        "Gross Profit": 22956,
        "Financial expenses": 678,
        "Of which: Interest expense": 678,
        "Cost of sales": 610,
        "Enterprise cost management": 9462,
        "Total Operating Expenses": 10750,
        "Total revenue financing activities": 96,
        "Net profit from business activities": 12302,
        "Profit": -52,
        "Profit before tax": 12250,
        "Present corporate income tax expenses": 2967,
        "Deferred income taxes expenses": "N/A",
        "The interests of minority shareholders": "N/A",
        "Total Cost of profits": 2967,
        "Profit after tax corporate income": 9282,
        "Volume": 8100000,
        "Close of Quarter": 14.0,
        "EPS": 3380.3,
        "Non-adjusted EPS": 4507,
        "PE": 3.1,
        "Book Price": 13.7
      }
    },
    {
      "quarter": "Q1 2013",
      "income status": {
        "Net sales": 119989,
        "Cost of goods sold": 100774,
        "Gross Profit": 19215,
        "Financial expenses": 429,
        "Of which: Interest expense": 429,
        "Cost of sales": 949,
        "Enterprise cost management": 7305,
        "Total Operating Expenses": 8683,
        "Total revenue financing activities": 426,
        "Net profit from business activities": 10959,
        "Profit": 22,
        "Profit before tax": 10980,
        "Present corporate income tax expenses": 2752,
        "Deferred income taxes expenses": "N/A",
        "The interests of minority shareholders": "N/A",
        "Total Cost of profits": 2752,
        "Profit after tax corporate income": 8229,
        "Volume": 8100000,
        "Close of Quarter": 11.5,
        "EPS": 3243.8,
        "Non-adjusted EPS": 4325,
        "PE": 2.7,
        "Book Price": 12.9
      }
    },
    {
      "quarter": "Q4 2012",
      "income status": {
        "Net sales": 116248,
        "Cost of goods sold": 92133,
        "Gross Profit": 24115,
        "Financial expenses": 737,
        "Of which: Interest expense": 736,
        "Cost of sales": 1139,
        "Enterprise cost management": 9110,
        "Total Operating Expenses": 10986,
        "Total revenue financing activities": 62,
        "Net profit from business activities": 13191,
        "Profit": 190,
        "Profit before tax": 13381,
        "Present corporate income tax expenses": 2083,
        "Deferred income taxes expenses": "N/A",
        "The interests of minority shareholders": "N/A",
        "Total Cost of profits": 2083,
        "Profit after tax corporate income": 11298,
        "Volume": 8100000,
        "Close of Quarter": 8.7,
        "EPS": 2967,
        "Non-adjusted EPS": 3956,
        "PE": 2.2,
        "Book Price": 13.7
      }
    },
    {
      "quarter": "Q3 2012",
      "income status": {
        "Net sales": 99604,
        "Cost of goods sold": 81474,
        "Gross Profit": 18130,
        "Financial expenses": 1793,
        "Of which: Interest expense": 1770,
        "Cost of sales": 583,
        "Enterprise cost management": 6643,
        "Total Operating Expenses": 9019,
        "Total revenue financing activities": 178,
        "Net profit from business activities": 9288,
        "Profit": 13,
        "Profit before tax": 9301,
        "Present corporate income tax expenses": 1602,
        "Deferred income taxes expenses": "N/A",
        "The interests of minority shareholders": "N/A",
        "Total Cost of profits": 1602,
        "Profit after tax corporate income": 7699,
        "Volume": 8100000,
        "Close of Quarter": 6.9,
        "EPS": 2263.5,
        "Non-adjusted EPS": 3018,
        "PE": 2.3,
        "Book Price": 10.4
      }
    },
    {
      "quarter": "Q2 2012",
      "income status": {
        "Net sales": 101789,
        "Cost of goods sold": 84021,
        "Gross Profit": 17767,
        "Financial expenses": 1667,
        "Of which: Interest expense": 1662,
        "Cost of sales": 835,
        "Enterprise cost management": 6735,
        "Total Operating Expenses": 9237,
        "Total revenue financing activities": 226,
        "Net profit from business activities": 8756,
        "Profit": 7,
        "Profit before tax": 8826,
        "Present corporate income tax expenses": 1018,
        "Deferred income taxes expenses": "N/A",
        "The interests of minority shareholders": "N/A",
        "Total Cost of profits": 1018,
        "Profit after tax corporate income": 7807,
        "Volume": 5400000,
        "Close of Quarter": 6.4,
        "EPS": 1976.5,
        "Non-adjusted EPS": 3953,
        "PE": 1.6,
        "Book Price": 9.7
      }
    },
    {
      "quarter": "Q1 2012",
      "income status": {
        "Net sales": 99303,
        "Cost of goods sold": 82703,
        "Gross Profit": 16600,
        "Financial expenses": 1778,
        "Of which: Interest expense": 1778,
        "Cost of sales": 500,
        "Enterprise cost management": 7538,
        "Total Operating Expenses": 9816,
        "Total revenue financing activities": 217,
        "Net profit from business activities": 7000,
        "Profit": 18,
        "Profit before tax": 7018,
        "Present corporate income tax expenses": 1776,
        "Deferred income taxes expenses": "N/A",
        "The interests of minority shareholders": "N/A",
        "Total Cost of profits": 1776,
        "Profit after tax corporate income": 5242,
        "Volume": 5400000,
        "Close of Quarter": 7.7,
        "EPS": 1657.5,
        "Non-adjusted EPS": 3315,
        "PE": 2.3,
        "Book Price": 8.9
      }
    },
    {
      "quarter": "Q4 2011",
      "income status": {
        "Net sales": 98952,
        "Cost of goods sold": 85124,
        "Gross Profit": 13827,
        "Financial expenses": 2545,
        "Of which: Interest expense": 2545,
        "Cost of sales": 609,
        "Enterprise cost management": 5798,
        "Total Operating Expenses": 8952,
        "Total revenue financing activities": 508,
        "Net profit from business activities": 5384,
        "Profit": 24,
        "Profit before tax": 5407,
        "Present corporate income tax expenses": 1712,
        "Deferred income taxes expenses": "N/A",
        "The interests of minority shareholders": "N/A",
        "Total Cost of profits": 1712,
        "Profit after tax corporate income": 3696,
        "Volume": 5400000,
        "Close of Quarter": 7.4,
        "EPS": 1534.5,
        "Non-adjusted EPS": 3069,
        "PE": 2.4,
        "Book Price": 9.6
      }
    },
    {
      "quarter": "Q3 2011",
      "income status": {
        "Net sales": 88720,
        "Cost of goods sold": 76315,
        "Gross Profit": 12405,
        "Financial expenses": 2905,
        "Of which: Interest expense": 2895,
        "Cost of sales": 394,
        "Enterprise cost management": 3754,
        "Total Operating Expenses": 7053,
        "Total revenue financing activities": 756,
        "Net profit from business activities": 6109,
        "Profit": 25,
        "Profit before tax": 6134,
        "Present corporate income tax expenses": 1533,
        "Deferred income taxes expenses": "N/A",
        "The interests of minority shareholders": "N/A",
        "Total Cost of profits": 1533,
        "Profit after tax corporate income": 4600,
        "Volume": 5400000,
        "Close of Quarter": 5.6,
        "EPS": 1630,
        "Non-adjusted EPS": 3260,
        "PE": 1.7,
        "Book Price": 9.1
      }
    },
    {
      "quarter": "Q2 2011",
      "income status": {
        "Net sales": 75173,
        "Cost of goods sold": 63795,
        "Gross Profit": 11378,
        "Financial expenses": 2179,
        "Of which: Interest expense": 2151,
        "Cost of sales": 476,
        "Enterprise cost management": 3682,
        "Total Operating Expenses": 6337,
        "Total revenue financing activities": 752,
        "Net profit from business activities": 5792,
        "Profit": 28,
        "Profit before tax": 5820,
        "Present corporate income tax expenses": 1455,
        "Deferred income taxes expenses": "N/A",
        "The interests of minority shareholders": "N/A",
        "Total Cost of profits": 1455,
        "Profit after tax corporate income": 4365,
        "Volume": 5400000,
        "Close of Quarter": 5.5,
        "EPS": 1571,
        "Non-adjusted EPS": 3142,
        "PE": 1.7,
        "Book Price": 8.6
      }
    },
    {
      "quarter": "Q1 2011",
      "income status": {
        "Net sales": 66665,
        "Cost of goods sold": 56951,
        "Gross Profit": 9714,
        "Financial expenses": 1880,
        "Of which: Interest expense": 1804,
        "Cost of sales": 363,
        "Enterprise cost management": 3136,
        "Total Operating Expenses": 5379,
        "Total revenue financing activities": 754,
        "Net profit from business activities": 5088,
        "Profit": 126,
        "Profit before tax": 5215,
        "Present corporate income tax expenses": 1304,
        "Deferred income taxes expenses": "N/A",
        "The interests of minority shareholders": "N/A",
        "Total Cost of profits": 1304,
        "Profit after tax corporate income": 3911,
        "Volume": 5400000,
        "Close of Quarter": 6.1,
        "EPS": 1487.5,
        "Non-adjusted EPS": 2975,
        "PE": 2.1,
        "Book Price": 9.2
      }
    }
  ]
}