{
  "ticker": "STG",
  "data": [
    {
      "quarter": "Q4 2016",
      "income status": {
        "Net sales": 444094,
        "Cost of goods sold": 349691,
        "Gross Profit": 94402,
        "Financial expenses": 18354,
        "Of which: Interest expense": 16894,
        "Cost of sales": 24370,
        "Enterprise cost management": 37570,
        "Total Operating Expenses": 80294,
        "Total revenue financing activities": 5917,
        "Net profit from business activities": 10256,
        "Profit": 16719,
        "Profit before tax": 26974,
        "Present corporate income tax expenses": 12142,
        "Deferred income taxes expenses": -2675,
        "The interests of minority shareholders": 12721,
        "Total Cost of profits": 22188,
        "Profit after tax corporate income": 4786,
        "Volume": 85437879,
        "Close of Quarter": 24.9,
        "EPS": 1073,
        "Non-adjusted EPS": 1073,
        "PE": 23.2,
        "Book Price": 14.2
      }
    },
    {
      "quarter": "Q3 2016",
      "income status": {
        "Net sales": 345435,
        "Cost of goods sold": 268833,
        "Gross Profit": 76602,
        "Financial expenses": 19874,
        "Of which: Interest expense": 18244,
        "Cost of sales": 19433,
        "Enterprise cost management": 27152,
        "Total Operating Expenses": 66459,
        "Total revenue financing activities": 29841,
        "Net profit from business activities": 47095,
        "Profit": 22851,
        "Profit before tax": 69946,
        "Present corporate income tax expenses": 10508,
        "Deferred income taxes expenses": -3483,
        "The interests of minority shareholders": 14001,
        "Total Cost of profits": 21026,
        "Profit after tax corporate income": 48921,
        "Volume": 27560698,
        "Close of Quarter": 20,
        "EPS": 1041.6,
        "Non-adjusted EPS": 3229,
        "PE": 6.2,
        "Book Price": 15.2
      }
    },
    {
      "quarter": "Q2 2016",
      "income status": {
        "Net sales": 282604,
        "Cost of goods sold": 228262,
        "Gross Profit": 54341,
        "Financial expenses": 6298,
        "Of which: Interest expense": 24545,
        "Cost of sales": 17000,
        "Enterprise cost management": 19237,
        "Total Operating Expenses": 42535,
        "Total revenue financing activities": 25299,
        "Net profit from business activities": 32014,
        "Profit": 10010,
        "Profit before tax": 42025,
        "Present corporate income tax expenses": 7030,
        "Deferred income taxes expenses": -2286,
        "The interests of minority shareholders": 16683,
        "Total Cost of profits": 21427,
        "Profit after tax corporate income": 20597,
        "Volume": 27560698,
        "Close of Quarter": 13.2,
        "EPS": 574.5,
        "Non-adjusted EPS": 1781,
        "PE": 7.4,
        "Book Price": 10.3
      }
    },
    {
      "quarter": "Q1 2016",
      "income status": {
        "Net sales": 191025,
        "Cost of goods sold": 149138,
        "Gross Profit": 41886,
        "Financial expenses": 10211,
        "Of which: Interest expense": "N/A",
        "Cost of sales": 15673,
        "Enterprise cost management": 8819,
        "Total Operating Expenses": 34703,
        "Total revenue financing activities": 3086,
        "Net profit from business activities": 17075,
        "Profit": 3204,
        "Profit before tax": 20279,
        "Present corporate income tax expenses": 2155,
        "Deferred income taxes expenses": "N/A",
        "The interests of minority shareholders": 763,
        "Total Cost of profits": 2918,
        "Profit after tax corporate income": 17361,
        "Volume": 27560698,
        "Close of Quarter": 8.9,
        "EPS": 404.8,
        "Non-adjusted EPS": 1255,
        "PE": 7.1,
        "Book Price": 9.8
      }
    },
    {
      "quarter": "Q4 2015",
      "income status": {
        "Net sales": 206727,
        "Cost of goods sold": 163078,
        "Gross Profit": 43649,
        "Financial expenses": 11683,
        "Of which: Interest expense": "N/A",
        "Cost of sales": 17247,
        "Enterprise cost management": 12026,
        "Total Operating Expenses": 40956,
        "Total revenue financing activities": 243,
        "Net profit from business activities": 2936,
        "Profit": 542,
        "Profit before tax": 3478,
        "Present corporate income tax expenses": 1083,
        "Deferred income taxes expenses": 284,
        "The interests of minority shareholders": -1,
        "Total Cost of profits": 1366,
        "Profit after tax corporate income": 2111,
        "Volume": 13780348,
        "Close of Quarter": 9.3,
        "EPS": 287.4,
        "Non-adjusted EPS": 1782,
        "PE": 5.2,
        "Book Price": 2.1
      }
    },
    {
      "quarter": "Q3 2015",
      "income status": {
        "Net sales": 259198,
        "Cost of goods sold": 213448,
        "Gross Profit": 45751,
        "Financial expenses": 353,
        "Of which: Interest expense": 28,
        "Cost of sales": 25018,
        "Enterprise cost management": 7711,
        "Total Operating Expenses": 33082,
        "Total revenue financing activities": 428,
        "Net profit from business activities": 13096,
        "Profit": -1548,
        "Profit before tax": 11548,
        "Present corporate income tax expenses": 2539,
        "Deferred income taxes expenses": "N/A",
        "The interests of minority shareholders": "N/A",
        "Total Cost of profits": 2539,
        "Profit after tax corporate income": 9008,
        "Volume": 8351857,
        "Close of Quarter": 9.7,
        "EPS": 372.2,
        "Non-adjusted EPS": 3807,
        "PE": 2.6,
        "Book Price": 2.0
      }
    },
    {
      "quarter": "Q2 2015",
      "income status": {
        "Net sales": 298253,
        "Cost of goods sold": 257798,
        "Gross Profit": 40455,
        "Financial expenses": 74,
        "Of which: Interest expense": 685,
        "Cost of sales": 12979,
        "Enterprise cost management": 16133,
        "Total Operating Expenses": 29186,
        "Total revenue financing activities": 297,
        "Net profit from business activities": 11566,
        "Profit": -2673,
        "Profit before tax": 8893,
        "Present corporate income tax expenses": 2772,
        "Deferred income taxes expenses": "N/A",
        "The interests of minority shareholders": 2,
        "Total Cost of profits": 2774,
        "Profit after tax corporate income": 6119,
        "Volume": 8351857,
        "Close of Quarter": 6.6,
        "EPS": 353.2,
        "Non-adjusted EPS": 3613,
        "PE": 1.8,
        "Book Price": 1.7
      }
    },
    {
      "quarter": "Q1 2015",
      "income status": {
        "Net sales": 250767,
        "Cost of goods sold": 215766,
        "Gross Profit": 35001,
        "Financial expenses": 380,
        "Of which: Interest expense": 320,
        "Cost of sales": 19762,
        "Enterprise cost management": 5942,
        "Total Operating Expenses": 26084,
        "Total revenue financing activities": 282,
        "Net profit from business activities": 9200,
        "Profit": 193,
        "Profit before tax": 9393,
        "Present corporate income tax expenses": 2078,
        "Deferred income taxes expenses": "N/A",
        "The interests of minority shareholders": -2,
        "Total Cost of profits": 2076,
        "Profit after tax corporate income": 7316,
        "Volume": 8351857,
        "Close of Quarter": 5.7,
        "EPS": 385.3,
        "Non-adjusted EPS": 3941,
        "PE": 1.4,
        "Book Price": 1.8
      }
    },
    {
      "quarter": "Q4 2014",
      "income status": {
        "Net sales": 234087,
        "Cost of goods sold": 201309,
        "Gross Profit": 32778,
        "Financial expenses": 434,
        "Of which: Interest expense": "N/A",
        "Cost of sales": 23681,
        "Enterprise cost management": 9631,
        "Total Operating Expenses": 33746,
        "Total revenue financing activities": 13023,
        "Net profit from business activities": 12055,
        "Profit": 44,
        "Profit before tax": 12099,
        "Present corporate income tax expenses": 2749,
        "Deferred income taxes expenses": "N/A",
        "The interests of minority shareholders": -4,
        "Total Cost of profits": 2745,
        "Profit after tax corporate income": 9354,
        "Volume": 8351857,
        "Close of Quarter": 7.6,
        "EPS": 370.2,
        "Non-adjusted EPS": 3787,
        "PE": 2.0,
        "Book Price": 1.8
      }
    },
    {
      "quarter": "Q3 2014",
      "income status": {
        "Net sales": 230805,
        "Cost of goods sold": 199208,
        "Gross Profit": 31596,
        "Financial expenses": 440,
        "Of which: Interest expense": -139,
        "Cost of sales": 19197,
        "Enterprise cost management": 3945,
        "Total Operating Expenses": 23582,
        "Total revenue financing activities": 1215,
        "Net profit from business activities": 9229,
        "Profit": 114,
        "Profit before tax": 9344,
        "Present corporate income tax expenses": 1954,
        "Deferred income taxes expenses": "N/A",
        "The interests of minority shareholders": 4,
        "Total Cost of profits": 1958,
        "Profit after tax corporate income": 7386,
        "Volume": 8351857,
        "Close of Quarter": 4.6,
        "EPS": 348.8,
        "Non-adjusted EPS": 3568,
        "PE": 1.3,
        "Book Price": 1.7
      }
    },
    {
      "quarter": "Q2 2014",
      "income status": {
        "Net sales": 241261,
        "Cost of goods sold": 210527,
        "Gross Profit": 30734,
        "Financial expenses": -51,
        "Of which: Interest expense": 139,
        "Cost of sales": 18178,
        "Enterprise cost management": 4115,
        "Total Operating Expenses": 22242,
        "Total revenue financing activities": 1152,
        "Net profit from business activities": 11225,
        "Profit": -25,
        "Profit before tax": 11200,
        "Present corporate income tax expenses": 2356,
        "Deferred income taxes expenses": "N/A",
        "The interests of minority shareholders": -12,
        "Total Cost of profits": 2344,
        "Profit after tax corporate income": 8856,
        "Volume": 8351857,
        "Close of Quarter": 5.0,
        "EPS": 340.7,
        "Non-adjusted EPS": 3485,
        "PE": 1.4,
        "Book Price": 1.7
      }
    },
    {
      "quarter": "Q1 2014",
      "income status": {
        "Net sales": 166571,
        "Cost of goods sold": 138664,
        "Gross Profit": 27907,
        "Financial expenses": 28,
        "Of which: Interest expense": 1,
        "Cost of sales": 16424,
        "Enterprise cost management": 4420,
        "Total Operating Expenses": 20872,
        "Total revenue financing activities": 696,
        "Net profit from business activities": 7731,
        "Profit": "N/A",
        "Profit before tax": 7731,
        "Present corporate income tax expenses": 1701,
        "Deferred income taxes expenses": "N/A",
        "The interests of minority shareholders": "N/A",
        "Total Cost of profits": 1701,
        "Profit after tax corporate income": 6030,
        "Volume": 8351857,
        "Close of Quarter": 5.9,
        "EPS": 310.3,
        "Non-adjusted EPS": 3174,
        "PE": 1.9,
        "Book Price": 1.7
      }
    },
    {
      "quarter": "Q4 2013",
      "income status": {
        "Net sales": 176669,
        "Cost of goods sold": 145176,
        "Gross Profit": 31493,
        "Financial expenses": 589,
        "Of which: Interest expense": "N/A",
        "Cost of sales": 19711,
        "Enterprise cost management": 6883,
        "Total Operating Expenses": 27183,
        "Total revenue financing activities": 1302,
        "Net profit from business activities": 5612,
        "Profit": 4437,
        "Profit before tax": 10049,
        "Present corporate income tax expenses": 2519,
        "Deferred income taxes expenses": "N/A",
        "The interests of minority shareholders": "N/A",
        "Total Cost of profits": 2519,
        "Profit after tax corporate income": 7530,
        "Volume": 8351857,
        "Close of Quarter": 3.9,
        "EPS": 315.0,
        "Non-adjusted EPS": 3222,
        "PE": 1.2,
        "Book Price": 1.7
      }
    },
    {
      "quarter": "Q3 2013",
      "income status": {
        "Net sales": 173103,
        "Cost of goods sold": 141201,
        "Gross Profit": 31902,
        "Financial expenses": 54,
        "Of which: Interest expense": "N/A",
        "Cost of sales": 19741,
        "Enterprise cost management": 4000,
        "Total Operating Expenses": 23795,
        "Total revenue financing activities": 795,
        "Net profit from business activities": 8902,
        "Profit": 4,
        "Profit before tax": 8906,
        "Present corporate income tax expenses": 2215,
        "Deferred income taxes expenses": "N/A",
        "The interests of minority shareholders": "N/A",
        "Total Cost of profits": 2215,
        "Profit after tax corporate income": 6692,
        "Volume": 8351857,
        "Close of Quarter": 4.1,
        "EPS": 295.9,
        "Non-adjusted EPS": 3027,
        "PE": 1.4,
        "Book Price": 1.6
      }
    },
    {
      "quarter": "Q2 2013",
      "income status": {
        "Net sales": 163107,
        "Cost of goods sold": 134355,
        "Gross Profit": 28752,
        "Financial expenses": 170,
        "Of which: Interest expense": 4,
        "Cost of sales": 17938,
        "Enterprise cost management": 5002,
        "Total Operating Expenses": 23110,
        "Total revenue financing activities": 1686,
        "Net profit from business activities": 7328,
        "Profit": 758,
        "Profit before tax": 8086,
        "Present corporate income tax expenses": 1828,
        "Deferred income taxes expenses": "N/A",
        "The interests of minority shareholders": "N/A",
        "Total Cost of profits": 1828,
        "Profit after tax corporate income": 6258,
        "Volume": 8351857,
        "Close of Quarter": 3.9,
        "EPS": 288.4,
        "Non-adjusted EPS": 2950,
        "PE": 1.3,
        "Book Price": 1.5
      }
    },
    {
      "quarter": "Q1 2013",
      "income status": {
        "Net sales": 148532,
        "Cost of goods sold": 120812,
        "Gross Profit": 27720,
        "Financial expenses": -37,
        "Of which: Interest expense": 5,
        "Cost of sales": 18146,
        "Enterprise cost management": 2818,
        "Total Operating Expenses": 20927,
        "Total revenue financing activities": 945,
        "Net profit from business activities": 7738,
        "Profit": 837,
        "Profit before tax": 8574,
        "Present corporate income tax expenses": 2144,
        "Deferred income taxes expenses": "N/A",
        "The interests of minority shareholders": "N/A",
        "Total Cost of profits": 2144,
        "Profit after tax corporate income": 6431,
        "Volume": 8351857,
        "Close of Quarter": 2.9,
        "EPS": 293.6,
        "Non-adjusted EPS": 3003,
        "PE": 1.0,
        "Book Price": 1.6
      }
    },
    {
      "quarter": "Q4 2012",
      "income status": {
        "Net sales": 157245,
        "Cost of goods sold": 127726,
        "Gross Profit": 29519,
        "Financial expenses": -254,
        "Of which: Interest expense": 2,
        "Cost of sales": 18385,
        "Enterprise cost management": 5008,
        "Total Operating Expenses": 23139,
        "Total revenue financing activities": 1393,
        "Net profit from business activities": 7774,
        "Profit": 115,
        "Profit before tax": 7889,
        "Present corporate income tax expenses": 1989,
        "Deferred income taxes expenses": "N/A",
        "The interests of minority shareholders": "N/A",
        "Total Cost of profits": 1989,
        "Profit after tax corporate income": 5900,
        "Volume": 8351857,
        "Close of Quarter": 3.3,
        "EPS": 289.9,
        "Non-adjusted EPS": 2966,
        "PE": 1.1,
        "Book Price": 1.5
      }
    },
    {
      "quarter": "Q3 2012",
      "income status": {
        "Net sales": 154452,
        "Cost of goods sold": 126409,
        "Gross Profit": 28043,
        "Financial expenses": 323,
        "Of which: Interest expense": 6,
        "Cost of sales": 18143,
        "Enterprise cost management": 2982,
        "Total Operating Expenses": 21448,
        "Total revenue financing activities": 1206,
        "Net profit from business activities": 7802,
        "Profit": 265,
        "Profit before tax": 8067,
        "Present corporate income tax expenses": 2017,
        "Deferred income taxes expenses": "N/A",
        "The interests of minority shareholders": "N/A",
        "Total Cost of profits": 2017,
        "Profit after tax corporate income": 6050,
        "Volume": 8351857,
        "Close of Quarter": 2.9,
        "EPS": 283.1,
        "Non-adjusted EPS": 2896,
        "PE": 1,
        "Book Price": 1.4
      }
    },
    {
      "quarter": "Q2 2012",
      "income status": {
        "Net sales": 156405,
        "Cost of goods sold": 128274,
        "Gross Profit": 28131,
        "Financial expenses": 254,
        "Of which: Interest expense": -1,
        "Cost of sales": 18774,
        "Enterprise cost management": 2558,
        "Total Operating Expenses": 21586,
        "Total revenue financing activities": 2050,
        "Net profit from business activities": 8596,
        "Profit": 134,
        "Profit before tax": 8730,
        "Present corporate income tax expenses": 2028,
        "Deferred income taxes expenses": "N/A",
        "The interests of minority shareholders": "N/A",
        "Total Cost of profits": 2028,
        "Profit after tax corporate income": 6702,
        "Volume": 8351857,
        "Close of Quarter": 3.0,
        "EPS": 283.2,
        "Non-adjusted EPS": 2897,
        "PE": 1.1,
        "Book Price": 1.5
      }
    },
    {
      "quarter": "Q1 2012",
      "income status": {
        "Net sales": 139231,
        "Cost of goods sold": 112456,
        "Gross Profit": 26776,
        "Financial expenses": -179,
        "Of which: Interest expense": 1,
        "Cost of sales": 17053,
        "Enterprise cost management": 2731,
        "Total Operating Expenses": 19605,
        "Total revenue financing activities": 925,
        "Net profit from business activities": 8095,
        "Profit": 69,
        "Profit before tax": 8164,
        "Present corporate income tax expenses": 2041,
        "Deferred income taxes expenses": "N/A",
        "The interests of minority shareholders": "N/A",
        "Total Cost of profits": 2041,
        "Profit after tax corporate income": 6123,
        "Volume": 8351857,
        "Close of Quarter": 4.1,
        "EPS": 284.6,
        "Non-adjusted EPS": 2911,
        "PE": 1.4,
        "Book Price": 1.5
      }
    },
    {
      "quarter": "Q4 2011",
      "income status": {
        "Net sales": 151914,
        "Cost of goods sold": 124877,
        "Gross Profit": 27037,
        "Financial expenses": 449,
        "Of which: Interest expense": 3,
        "Cost of sales": 17864,
        "Enterprise cost management": 3879,
        "Total Operating Expenses": 22192,
        "Total revenue financing activities": 2018,
        "Net profit from business activities": 6863,
        "Profit": 232,
        "Profit before tax": 32182,
        "Present corporate income tax expenses": 1782,
        "Deferred income taxes expenses": "N/A",
        "The interests of minority shareholders": "N/A",
        "Total Cost of profits": 1782,
        "Profit after tax corporate income": 5313,
        "Volume": 8351857,
        "Close of Quarter": 2.7,
        "EPS": 285.0,
        "Non-adjusted EPS": 2915,
        "PE": 0.9,
        "Book Price": 1.5
      }
    },
    {
      "quarter": "Q3 2011",
      "income status": {
        "Net sales": 148616,
        "Cost of goods sold": 119829,
        "Gross Profit": 28787,
        "Financial expenses": -157,
        "Of which: Interest expense": 5,
        "Cost of sales": 19200,
        "Enterprise cost management": 3558,
        "Total Operating Expenses": 22601,
        "Total revenue financing activities": 1772,
        "Net profit from business activities": 7957,
        "Profit": -5,
        "Profit before tax": 7953,
        "Present corporate income tax expenses": 1899,
        "Deferred income taxes expenses": "N/A",
        "The interests of minority shareholders": "N/A",
        "Total Cost of profits": 1899,
        "Profit after tax corporate income": 6054,
        "Volume": 8351857,
        "Close of Quarter": 4.9,
        "EPS": 299.5,
        "Non-adjusted EPS": 3064,
        "PE": 1.6,
        "Book Price": 1.4
      }
    },
    {
      "quarter": "Q2 2011",
      "income status": {
        "Net sales": 172484,
        "Cost of goods sold": 141060,
        "Gross Profit": 31424,
        "Financial expenses": 1369,
        "Of which: Interest expense": "N/A",
        "Cost of sales": 20214,
        "Enterprise cost management": 3276,
        "Total Operating Expenses": 24859,
        "Total revenue financing activities": 2356,
        "Net profit from business activities": 8920,
        "Profit": 7,
        "Profit before tax": 8928,
        "Present corporate income tax expenses": 2107,
        "Deferred income taxes expenses": "N/A",
        "The interests of minority shareholders": "N/A",
        "Total Cost of profits": 2107,
        "Profit after tax corporate income": 6821,
        "Volume": 8351857,
        "Close of Quarter": 3.8,
        "EPS": 319.9,
        "Non-adjusted EPS": 3272,
        "PE": 1.2,
        "Book Price": 1.5
      }
    },
    {
      "quarter": "Q1 2011",
      "income status": {
        "Net sales": 146655,
        "Cost of goods sold": 118267,
        "Gross Profit": 28388,
        "Financial expenses": 203,
        "Of which: Interest expense": "N/A",
        "Cost of sales": 18531,
        "Enterprise cost management": 2177,
        "Total Operating Expenses": 20911,
        "Total revenue financing activities": 720,
        "Net profit from business activities": 8195,
        "Profit": 12,
        "Profit before tax": 8207,
        "Present corporate income tax expenses": 2052,
        "Deferred income taxes expenses": "N/A",
        "The interests of minority shareholders": "N/A",
        "Total Cost of profits": 2052,
        "Profit after tax corporate income": 6156,
        "Volume": 8351857,
        "Close of Quarter": 3.6,
        "EPS": 383.6,
        "Non-adjusted EPS": 3924,
        "PE": 0.9,
        "Book Price": 1.5
      }
    }
  ]
}