{
  "ticker": "SD7",
  "data": [
    {
      "quarter": "Q4 2016",
      "income status": {
        "Net sales": 103335,
        "Cost of goods sold": 96468,
        "Gross Profit": 6866,
        "Financial expenses": 115819,
        "Of which: Interest expense": 3169,
        "Cost of sales": "N/A",
        "Enterprise cost management": 12867,
        "Total Operating Expenses": 128686,
        "Total revenue financing activities": 92,
        "Net profit from business activities": -121727,
        "Profit": 82,
        "Profit before tax": -121645,
        "Present corporate income tax expenses": "N/A",
        "Deferred income taxes expenses": "N/A",
        "The interests of minority shareholders": "N/A",
        "Total Cost of profits": 0,
        "Profit after tax corporate income": -121645,
        "Volume": 10600000,
        "Close of Quarter": 4.8,
        "EPS": -18574,
        "Non-adjusted EPS": -18574,
        "PE": -0.3,
        "Book Price": 13.2
      }
    },
    {
      "quarter": "Q3 2016",
      "income status": {
        "Net sales": 33207,
        "Cost of goods sold": 25224,
        "Gross Profit": 7984,
        "Financial expenses": 14129,
        "Of which: Interest expense": 7980,
        "Cost of sales": "N/A",
        "Enterprise cost management": 10705,
        "Total Operating Expenses": 24834,
        "Total revenue financing activities": 30,
        "Net profit from business activities": -19441,
        "Profit": -913,
        "Profit before tax": -20354,
        "Present corporate income tax expenses": "N/A",
        "Deferred income taxes expenses": "N/A",
        "The interests of minority shareholders": -3135,
        "Total Cost of profits": -3135,
        "Profit after tax corporate income": -17219,
        "Volume": 10600000,
        "Close of Quarter": 5.4,
        "EPS": -6916,
        "Non-adjusted EPS": -6916,
        "PE": -0.8,
        "Book Price": 28.2
      }
    },
    {
      "quarter": "Q2 2016",
      "income status": {
        "Net sales": 65284,
        "Cost of goods sold": 48371,
        "Gross Profit": 16914,
        "Financial expenses": 44838,
        "Of which: Interest expense": 21762,
        "Cost of sales": "N/A",
        "Enterprise cost management": 18022,
        "Total Operating Expenses": 62860,
        "Total revenue financing activities": 21,
        "Net profit from business activities": -49789,
        "Profit": -5876,
        "Profit before tax": -55665,
        "Present corporate income tax expenses": 106,
        "Deferred income taxes expenses": "N/A",
        "The interests of minority shareholders": -2667,
        "Total Cost of profits": -2561,
        "Profit after tax corporate income": -53104,
        "Volume": 10600000,
        "Close of Quarter": 7.3,
        "EPS": -6307,
        "Non-adjusted EPS": -6307,
        "PE": -1.2,
        "Book Price": 38.6
      }
    },
    {
      "quarter": "Q1 2016",
      "income status": {
        "Net sales": 95774,
        "Cost of goods sold": 78362,
        "Gross Profit": 17412,
        "Financial expenses": 15577,
        "Of which: Interest expense": 15558,
        "Cost of sales": "N/A",
        "Enterprise cost management": 5462,
        "Total Operating Expenses": 21039,
        "Total revenue financing activities": 25,
        "Net profit from business activities": -5732,
        "Profit": -159,
        "Profit before tax": -5891,
        "Present corporate income tax expenses": "N/A",
        "Deferred income taxes expenses": "N/A",
        "The interests of minority shareholders": -973,
        "Total Cost of profits": -973,
        "Profit after tax corporate income": -4918,
        "Volume": 9000000,
        "Close of Quarter": 8.8,
        "EPS": -1907.8,
        "Non-adjusted EPS": -2247,
        "PE": -3.9,
        "Book Price": 44.2
      }
    },
    {
      "quarter": "Q4 2015",
      "income status": {
        "Net sales": 212299,
        "Cost of goods sold": 183434,
        "Gross Profit": 28865,
        "Financial expenses": 16722,
        "Of which: Interest expense": 15511,
        "Cost of sales": "N/A",
        "Enterprise cost management": 10971,
        "Total Operating Expenses": 27693,
        "Total revenue financing activities": 90,
        "Net profit from business activities": -766,
        "Profit": 2531,
        "Profit before tax": 1765,
        "Present corporate income tax expenses": 9,
        "Deferred income taxes expenses": "N/A",
        "The interests of minority shareholders": -176,
        "Total Cost of profits": -167,
        "Profit after tax corporate income": 1933,
        "Volume": 9000000,
        "Close of Quarter": 9.6,
        "EPS": -1246.4,
        "Non-adjusted EPS": -1468,
        "PE": -6.5,
        "Book Price": 42.9
      }
    },
    {
      "quarter": "Q3 2015",
      "income status": {
        "Net sales": 209019,
        "Cost of goods sold": 183957,
        "Gross Profit": 25061,
        "Financial expenses": 23264,
        "Of which: Interest expense": 17912,
        "Cost of sales": "N/A",
        "Enterprise cost management": 12442,
        "Total Operating Expenses": 35706,
        "Total revenue financing activities": 50,
        "Net profit from business activities": -12856,
        "Profit": -247,
        "Profit before tax": -13103,
        "Present corporate income tax expenses": 15,
        "Deferred income taxes expenses": "N/A",
        "The interests of minority shareholders": -2352,
        "Total Cost of profits": -2337,
        "Profit after tax corporate income": -10766,
        "Volume": 9000000,
        "Close of Quarter": 11,
        "EPS": -1856.0,
        "Non-adjusted EPS": -2186,
        "PE": -5.0,
        "Book Price": 42.5
      }
    },
    {
      "quarter": "Q2 2015",
      "income status": {
        "Net sales": 233347,
        "Cost of goods sold": 199593,
        "Gross Profit": 33754,
        "Financial expenses": 23134,
        "Of which: Interest expense": 19362,
        "Cost of sales": "N/A",
        "Enterprise cost management": 14415,
        "Total Operating Expenses": 37549,
        "Total revenue financing activities": 508,
        "Net profit from business activities": -6568,
        "Profit": -1148,
        "Profit before tax": -7715,
        "Present corporate income tax expenses": -222,
        "Deferred income taxes expenses": "N/A",
        "The interests of minority shareholders": -1023,
        "Total Cost of profits": -1245,
        "Profit after tax corporate income": -6471,
        "Volume": 9000000,
        "Close of Quarter": 9.8,
        "EPS": -601.1,
        "Non-adjusted EPS": -708,
        "PE": -13.8,
        "Book Price": 44.8
      }
    },
    {
      "quarter": "Q1 2015",
      "income status": {
        "Net sales": 186852,
        "Cost of goods sold": 147309,
        "Gross Profit": 39542,
        "Financial expenses": 19539,
        "Of which: Interest expense": 19346,
        "Cost of sales": "N/A",
        "Enterprise cost management": 12768,
        "Total Operating Expenses": 32307,
        "Total revenue financing activities": 898,
        "Net profit from business activities": 4627,
        "Profit": -74,
        "Profit before tax": 4552,
        "Present corporate income tax expenses": 260,
        "Deferred income taxes expenses": "N/A",
        "The interests of minority shareholders": 2200,
        "Total Cost of profits": 2460,
        "Profit after tax corporate income": 2092,
        "Volume": 9000000,
        "Close of Quarter": 10.4,
        "EPS": 507.7,
        "Non-adjusted EPS": 598,
        "PE": 17.4,
        "Book Price": 45.3
      }
    },
    {
      "quarter": "Q4 2014",
      "income status": {
        "Net sales": 264384,
        "Cost of goods sold": 232992,
        "Gross Profit": 31392,
        "Financial expenses": 20743,
        "Of which: Interest expense": 18000,
        "Cost of sales": "N/A",
        "Enterprise cost management": 13102,
        "Total Operating Expenses": 33845,
        "Total revenue financing activities": 1166,
        "Net profit from business activities": -4095,
        "Profit": -193,
        "Profit before tax": -4287,
        "Present corporate income tax expenses": 12,
        "Deferred income taxes expenses": "N/A",
        "The interests of minority shareholders": 233,
        "Total Cost of profits": 245,
        "Profit after tax corporate income": -4533,
        "Volume": 9000000,
        "Close of Quarter": 11.4,
        "EPS": 681.8,
        "Non-adjusted EPS": 803,
        "PE": 14.2,
        "Book Price": 45.9
      }
    },
    {
      "quarter": "Q3 2014",
      "income status": {
        "Net sales": 135536,
        "Cost of goods sold": 99340,
        "Gross Profit": 36196,
        "Financial expenses": 19993,
        "Of which: Interest expense": 19993,
        "Cost of sales": "N/A",
        "Enterprise cost management": 10267,
        "Total Operating Expenses": 30260,
        "Total revenue financing activities": 1002,
        "Net profit from business activities": 4464,
        "Profit": -344,
        "Profit before tax": 4121,
        "Present corporate income tax expenses": 319,
        "Deferred income taxes expenses": "N/A",
        "The interests of minority shareholders": 1264,
        "Total Cost of profits": 1583,
        "Profit after tax corporate income": 2538,
        "Volume": 9000000,
        "Close of Quarter": 12.8,
        "EPS": 1552.9,
        "Non-adjusted EPS": 1829,
        "PE": 7,
        "Book Price": 46.5
      }
    },
    {
      "quarter": "Q2 2014",
      "income status": {
        "Net sales": 161196,
        "Cost of goods sold": 133999,
        "Gross Profit": 27197,
        "Financial expenses": 11583,
        "Of which: Interest expense": 10384,
        "Cost of sales": "N/A",
        "Enterprise cost management": 9264,
        "Total Operating Expenses": 20847,
        "Total revenue financing activities": 1108,
        "Net profit from business activities": 7457,
        "Profit": 66,
        "Profit before tax": 7523,
        "Present corporate income tax expenses": 449,
        "Deferred income taxes expenses": "N/A",
        "The interests of minority shareholders": 1786,
        "Total Cost of profits": 2235,
        "Profit after tax corporate income": 5289,
        "Volume": 9000000,
        "Close of Quarter": 9.5,
        "EPS": 1943.5,
        "Non-adjusted EPS": 2289,
        "PE": 4.2,
        "Book Price": 46.2
      }
    },
    {
      "quarter": "Q1 2014",
      "income status": {
        "Net sales": 191619,
        "Cost of goods sold": 166160,
        "Gross Profit": 25459,
        "Financial expenses": 12035,
        "Of which: Interest expense": 12196,
        "Cost of sales": "N/A",
        "Enterprise cost management": 8424,
        "Total Operating Expenses": 20459,
        "Total revenue financing activities": 1342,
        "Net profit from business activities": 6342,
        "Profit": 111,
        "Profit before tax": 6453,
        "Present corporate income tax expenses": 315,
        "Deferred income taxes expenses": "N/A",
        "The interests of minority shareholders": 2208,
        "Total Cost of profits": 2523,
        "Profit after tax corporate income": 3930,
        "Volume": 9000000,
        "Close of Quarter": 14,
        "EPS": 953.5,
        "Non-adjusted EPS": 1123,
        "PE": 12.5,
        "Book Price": 44.4
      }
    },
    {
      "quarter": "Q4 2013",
      "income status": {
        "Net sales": 344384,
        "Cost of goods sold": 312699,
        "Gross Profit": 31685,
        "Financial expenses": 11777,
        "Of which: Interest expense": 12169,
        "Cost of sales": "N/A",
        "Enterprise cost management": 12613,
        "Total Operating Expenses": 24390,
        "Total revenue financing activities": 1011,
        "Net profit from business activities": 8306,
        "Profit": -438,
        "Profit before tax": 7868,
        "Present corporate income tax expenses": 520,
        "Deferred income taxes expenses": "N/A",
        "The interests of minority shareholders": 2641,
        "Total Cost of profits": 3161,
        "Profit after tax corporate income": 4707,
        "Volume": 9000000,
        "Close of Quarter": 11.8,
        "EPS": 751.4,
        "Non-adjusted EPS": 885,
        "PE": 13.3,
        "Book Price": 32.5
      }
    },
    {
      "quarter": "Q3 2013",
      "income status": {
        "Net sales": 174910,
        "Cost of goods sold": 144554,
        "Gross Profit": 30355,
        "Financial expenses": 12031,
        "Of which: Interest expense": 12031,
        "Cost of sales": "N/A",
        "Enterprise cost management": 11133,
        "Total Operating Expenses": 23164,
        "Total revenue financing activities": 1559,
        "Net profit from business activities": 8750,
        "Profit": 758,
        "Profit before tax": 9508,
        "Present corporate income tax expenses": 262,
        "Deferred income taxes expenses": "N/A",
        "The interests of minority shareholders": 2571,
        "Total Cost of profits": 2833,
        "Profit after tax corporate income": 6676,
        "Volume": 9000000,
        "Close of Quarter": 6.3,
        "EPS": 306.5,
        "Non-adjusted EPS": 361,
        "PE": 17.5,
        "Book Price": 32.1
      }
    },
    {
      "quarter": "Q2 2013",
      "income status": {
        "Net sales": 147779,
        "Cost of goods sold": 120304,
        "Gross Profit": 27475,
        "Financial expenses": 20451,
        "Of which: Interest expense": 16254,
        "Cost of sales": "N/A",
        "Enterprise cost management": 11198,
        "Total Operating Expenses": 31649,
        "Total revenue financing activities": 1231,
        "Net profit from business activities": -2943,
        "Profit": -294,
        "Profit before tax": -3237,
        "Present corporate income tax expenses": 222,
        "Deferred income taxes expenses": "N/A",
        "The interests of minority shareholders": 1744,
        "Total Cost of profits": 1966,
        "Profit after tax corporate income": -5203,
        "Volume": 9000000,
        "Close of Quarter": 6.7,
        "EPS": -1635.3,
        "Non-adjusted EPS": -1926,
        "PE": -3.5,
        "Book Price": 31.4
      }
    },
    {
      "quarter": "Q1 2013",
      "income status": {
        "Net sales": 93784,
        "Cost of goods sold": 69054,
        "Gross Profit": 24730,
        "Financial expenses": 12000,
        "Of which: Interest expense": 12000,
        "Cost of sales": "N/A",
        "Enterprise cost management": 10532,
        "Total Operating Expenses": 22532,
        "Total revenue financing activities": 1450,
        "Net profit from business activities": 3648,
        "Profit": "N/A",
        "Profit before tax": 3648,
        "Present corporate income tax expenses": 229,
        "Deferred income taxes expenses": "N/A",
        "The interests of minority shareholders": 1632,
        "Total Cost of profits": 1861,
        "Profit after tax corporate income": 1787,
        "Volume": 9000000,
        "Close of Quarter": 5.7,
        "EPS": -1875.6,
        "Non-adjusted EPS": -2209,
        "PE": -2.6,
        "Book Price": 31.9
      }
    },
    {
      "quarter": "Q4 2012",
      "income status": {
        "Net sales": 102309,
        "Cost of goods sold": 81242,
        "Gross Profit": 21067,
        "Financial expenses": 11651,
        "Of which: Interest expense": 11059,
        "Cost of sales": "N/A",
        "Enterprise cost management": 21949,
        "Total Operating Expenses": 33600,
        "Total revenue financing activities": 149,
        "Net profit from business activities": -12385,
        "Profit": 9406,
        "Profit before tax": -2979,
        "Present corporate income tax expenses": 379,
        "Deferred income taxes expenses": "N/A",
        "The interests of minority shareholders": -3345,
        "Total Cost of profits": -2966,
        "Profit after tax corporate income": -13,
        "Volume": 9000000,
        "Close of Quarter": 5.6,
        "EPS": -1772.8,
        "Non-adjusted EPS": -2088,
        "PE": -2.7,
        "Book Price": 33.4
      }
    },
    {
      "quarter": "Q3 2012",
      "income status": {
        "Net sales": 180327,
        "Cost of goods sold": 158128,
        "Gross Profit": 22198,
        "Financial expenses": 24082,
        "Of which: Interest expense": 20882,
        "Cost of sales": 51,
        "Enterprise cost management": 19063,
        "Total Operating Expenses": 43196,
        "Total revenue financing activities": 88,
        "Net profit from business activities": -20910,
        "Profit": 3974,
        "Profit before tax": -16936,
        "Present corporate income tax expenses": 251,
        "Deferred income taxes expenses": "N/A",
        "The interests of minority shareholders": -3279,
        "Total Cost of profits": -3028,
        "Profit after tax corporate income": -13908,
        "Volume": 9000000,
        "Close of Quarter": 6.4,
        "EPS": -1518.1,
        "Non-adjusted EPS": -1788,
        "PE": -3.6,
        "Book Price": 30.9
      }
    },
    {
      "quarter": "Q2 2012",
      "income status": {
        "Net sales": 257467,
        "Cost of goods sold": 225049,
        "Gross Profit": 32418,
        "Financial expenses": 23980,
        "Of which: Interest expense": 23282,
        "Cost of sales": 45,
        "Enterprise cost management": 23401,
        "Total Operating Expenses": 47426,
        "Total revenue financing activities": 1417,
        "Net profit from business activities": -13591,
        "Profit": -78,
        "Profit before tax": -13670,
        "Present corporate income tax expenses": 224,
        "Deferred income taxes expenses": "N/A",
        "The interests of minority shareholders": -6144,
        "Total Cost of profits": -5920,
        "Profit after tax corporate income": -7750,
        "Volume": 9000000,
        "Close of Quarter": 9.7,
        "EPS": 388.0,
        "Non-adjusted EPS": 457,
        "PE": 21.2,
        "Book Price": 32.3
      }
    },
    {
      "quarter": "Q1 2012",
      "income status": {
        "Net sales": 261296,
        "Cost of goods sold": 210470,
        "Gross Profit": 50826,
        "Financial expenses": 23129,
        "Of which: Interest expense": 23129,
        "Cost of sales": 33,
        "Enterprise cost management": 23077,
        "Total Operating Expenses": 46239,
        "Total revenue financing activities": 265,
        "Net profit from business activities": 4852,
        "Profit": 863,
        "Profit before tax": 5714,
        "Present corporate income tax expenses": 265,
        "Deferred income taxes expenses": "N/A",
        "The interests of minority shareholders": 2575,
        "Total Cost of profits": 2840,
        "Profit after tax corporate income": 2875,
        "Volume": 9000000,
        "Close of Quarter": 10.6,
        "EPS": 1386.5,
        "Non-adjusted EPS": 1633,
        "PE": 6.5,
        "Book Price": 34.4
      }
    },
    {
      "quarter": "Q4 2011",
      "income status": {
        "Net sales": 322276,
        "Cost of goods sold": 263894,
        "Gross Profit": 58383,
        "Financial expenses": 23000,
        "Of which: Interest expense": 23948,
        "Cost of sales": 250,
        "Enterprise cost management": 30220,
        "Total Operating Expenses": 53470,
        "Total revenue financing activities": 187,
        "Net profit from business activities": 5100,
        "Profit": 693,
        "Profit before tax": 5793,
        "Present corporate income tax expenses": 295,
        "Deferred income taxes expenses": "N/A",
        "The interests of minority shareholders": 2802,
        "Total Cost of profits": 3097,
        "Profit after tax corporate income": 2695,
        "Volume": 9000000,
        "Close of Quarter": 8.3,
        "EPS": 1772.0,
        "Non-adjusted EPS": 2087,
        "PE": 4.0,
        "Book Price": 34.3
      }
    },
    {
      "quarter": "Q3 2011",
      "income status": {
        "Net sales": 289228,
        "Cost of goods sold": 233500,
        "Gross Profit": 55728,
        "Financial expenses": 17061,
        "Of which: Interest expense": 17061,
        "Cost of sales": 261,
        "Enterprise cost management": 29220,
        "Total Operating Expenses": 46542,
        "Total revenue financing activities": 136,
        "Net profit from business activities": 9322,
        "Profit": -54,
        "Profit before tax": 9267,
        "Present corporate income tax expenses": 186,
        "Deferred income taxes expenses": "N/A",
        "The interests of minority shareholders": 2791,
        "Total Cost of profits": 2977,
        "Profit after tax corporate income": 6290,
        "Volume": 9000000,
        "Close of Quarter": 14.6,
        "EPS": 1894.3,
        "Non-adjusted EPS": 2231,
        "PE": 6.5,
        "Book Price": 34.3
      }
    },
    {
      "quarter": "Q2 2011",
      "income status": {
        "Net sales": 251597,
        "Cost of goods sold": 203657,
        "Gross Profit": 47940,
        "Financial expenses": 33164,
        "Of which: Interest expense": 33068,
        "Cost of sales": 92,
        "Enterprise cost management": 25940,
        "Total Operating Expenses": 59196,
        "Total revenue financing activities": 15114,
        "Net profit from business activities": 3858,
        "Profit": 2414,
        "Profit before tax": 5181,
        "Present corporate income tax expenses": 19,
        "Deferred income taxes expenses": "N/A",
        "The interests of minority shareholders": 2326,
        "Total Cost of profits": 2345,
        "Profit after tax corporate income": 2836,
        "Volume": 9000000,
        "Close of Quarter": 14.9,
        "EPS": 3745.2,
        "Non-adjusted EPS": 4411,
        "PE": 3.4,
        "Book Price": 33.7
      }
    },
    {
      "quarter": "Q1 2011",
      "income status": {
        "Net sales": 294573,
        "Cost of goods sold": 252531,
        "Gross Profit": 42042,
        "Financial expenses": 13659,
        "Of which: Interest expense": 13639,
        "Cost of sales": 47,
        "Enterprise cost management": 27392,
        "Total Operating Expenses": 41098,
        "Total revenue financing activities": 1002,
        "Net profit from business activities": 1947,
        "Profit": 6172,
        "Profit before tax": 9210,
        "Present corporate income tax expenses": 18,
        "Deferred income taxes expenses": "N/A",
        "The interests of minority shareholders": 2229,
        "Total Cost of profits": 2247,
        "Profit after tax corporate income": 6963,
        "Volume": 9000000,
        "Close of Quarter": 24.4,
        "EPS": 4432.9,
        "Non-adjusted EPS": 5221,
        "PE": 4.7,
        "Book Price": 36
      }
    }
  ]
}