{
  "ticker": "MDG",
  "data": [
    {
      "quarter": "Q4 2016",
      "income status": {
        "Net sales": 130000,
        "Cost of goods sold": 117824,
        "Gross Profit": 12176,
        "Financial expenses": 1562,
        "Of which: Interest expense": 1562,
        "Cost of sales": 3740,
        "Enterprise cost management": 4484,
        "Total Operating Expenses": 9786,
        "Total revenue financing activities": 1766,
        "Net profit from business activities": 4157,
        "Profit": 1102,
        "Profit before tax": 5259,
        "Present corporate income tax expenses": 2520,
        "Deferred income taxes expenses": "N/A",
        "The interests of minority shareholders": "N/A",
        "Total Cost of profits": 2520,
        "Profit after tax corporate income": 2739,
        "Volume": 10589781,
        "Close of Quarter": 10.7,
        "EPS": 682,
        "Non-adjusted EPS": 682,
        "PE": 15.7,
        "Book Price": 13.8
      }
    },
    {
      "quarter": "Q3 2016",
      "income status": {
        "Net sales": 82582,
        "Cost of goods sold": 72837,
        "Gross Profit": 9745,
        "Financial expenses": 1682,
        "Of which: Interest expense": 1682,
        "Cost of sales": 3009,
        "Enterprise cost management": 3621,
        "Total Operating Expenses": 8312,
        "Total revenue financing activities": 75,
        "Net profit from business activities": 1507,
        "Profit": -3,
        "Profit before tax": 1505,
        "Present corporate income tax expenses": 56,
        "Deferred income taxes expenses": "N/A",
        "The interests of minority shareholders": 160,
        "Total Cost of profits": 216,
        "Profit after tax corporate income": 1289,
        "Volume": 10589781,
        "Close of Quarter": 11.7,
        "EPS": 800,
        "Non-adjusted EPS": 800,
        "PE": 14.6,
        "Book Price": 13.7
      }
    },
    {
      "quarter": "Q2 2016",
      "income status": {
        "Net sales": 62573,
        "Cost of goods sold": 53839,
        "Gross Profit": 8734,
        "Financial expenses": 1669,
        "Of which: Interest expense": 1669,
        "Cost of sales": 2725,
        "Enterprise cost management": 2980,
        "Total Operating Expenses": 7374,
        "Total revenue financing activities": 377,
        "Net profit from business activities": 1737,
        "Profit": 187,
        "Profit before tax": 1924,
        "Present corporate income tax expenses": 242,
        "Deferred income taxes expenses": "N/A",
        "The interests of minority shareholders": -170,
        "Total Cost of profits": 72,
        "Profit after tax corporate income": 1852,
        "Volume": 10589781,
        "Close of Quarter": 13.1,
        "EPS": 746,
        "Non-adjusted EPS": 746,
        "PE": 17.5,
        "Book Price": 13.5
      }
    },
    {
      "quarter": "Q1 2016",
      "income status": {
        "Net sales": 44848,
        "Cost of goods sold": 37394,
        "Gross Profit": 7453,
        "Financial expenses": 1639,
        "Of which: Interest expense": 1639,
        "Cost of sales": 3031,
        "Enterprise cost management": 3693,
        "Total Operating Expenses": 8363,
        "Total revenue financing activities": 158,
        "Net profit from business activities": -751,
        "Profit": 2528,
        "Profit before tax": 1777,
        "Present corporate income tax expenses": 523,
        "Deferred income taxes expenses": "N/A",
        "The interests of minority shareholders": -84,
        "Total Cost of profits": 439,
        "Profit after tax corporate income": 1337,
        "Volume": 10589781,
        "Close of Quarter": 7.7,
        "EPS": 580,
        "Non-adjusted EPS": 580,
        "PE": 13.3,
        "Book Price": 13.6
      }
    },
    {
      "quarter": "Q4 2015",
      "income status": {
        "Net sales": 94951,
        "Cost of goods sold": 87748,
        "Gross Profit": 7203,
        "Financial expenses": 1853,
        "Of which: Interest expense": 1836,
        "Cost of sales": 2141,
        "Enterprise cost management": 4385,
        "Total Operating Expenses": 8379,
        "Total revenue financing activities": 1029,
        "Net profit from business activities": -146,
        "Profit": 5158,
        "Profit before tax": 5011,
        "Present corporate income tax expenses": -574,
        "Deferred income taxes expenses": 1485,
        "The interests of minority shareholders": 108,
        "Total Cost of profits": 1019,
        "Profit after tax corporate income": 3993,
        "Volume": 10589781,
        "Close of Quarter": 5.8,
        "EPS": 488,
        "Non-adjusted EPS": 488,
        "PE": 11.8,
        "Book Price": 13.6
      }
    },
    {
      "quarter": "Q3 2015",
      "income status": {
        "Net sales": 55615,
        "Cost of goods sold": 48837,
        "Gross Profit": 6777,
        "Financial expenses": 2191,
        "Of which: Interest expense": 2191,
        "Cost of sales": 1927,
        "Enterprise cost management": 2477,
        "Total Operating Expenses": 6595,
        "Total revenue financing activities": 33,
        "Net profit from business activities": 215,
        "Profit": 864,
        "Profit before tax": 1079,
        "Present corporate income tax expenses": 205,
        "Deferred income taxes expenses": "N/A",
        "The interests of minority shareholders": 159,
        "Total Cost of profits": 364,
        "Profit after tax corporate income": 715,
        "Volume": 10589781,
        "Close of Quarter": 4.9,
        "EPS": -106,
        "Non-adjusted EPS": -106,
        "PE": -46.4,
        "Book Price": 13.2
      }
    },
    {
      "quarter": "Q2 2015",
      "income status": {
        "Net sales": 44039,
        "Cost of goods sold": 37541,
        "Gross Profit": 6498,
        "Financial expenses": 2454,
        "Of which: Interest expense": 2454,
        "Cost of sales": 2065,
        "Enterprise cost management": 2813,
        "Total Operating Expenses": 7332,
        "Total revenue financing activities": 16,
        "Net profit from business activities": -819,
        "Profit": 1207,
        "Profit before tax": 388,
        "Present corporate income tax expenses": 324,
        "Deferred income taxes expenses": "N/A",
        "The interests of minority shareholders": -29,
        "Total Cost of profits": 295,
        "Profit after tax corporate income": 93,
        "Volume": 10589781,
        "Close of Quarter": 4.0,
        "EPS": -533,
        "Non-adjusted EPS": -533,
        "PE": -7.5,
        "Book Price": 13.1
      }
    },
    {
      "quarter": "Q1 2015",
      "income status": {
        "Net sales": 45393,
        "Cost of goods sold": 39968,
        "Gross Profit": 5424,
        "Financial expenses": 2719,
        "Of which: Interest expense": 2719,
        "Cost of sales": 1923,
        "Enterprise cost management": 2674,
        "Total Operating Expenses": 7316,
        "Total revenue financing activities": 23,
        "Net profit from business activities": -1869,
        "Profit": 2342,
        "Profit before tax": 473,
        "Present corporate income tax expenses": 104,
        "Deferred income taxes expenses": "N/A",
        "The interests of minority shareholders": "N/A",
        "Total Cost of profits": 104,
        "Profit after tax corporate income": 369,
        "Volume": 10589781,
        "Close of Quarter": 3.7,
        "EPS": -3765,
        "Non-adjusted EPS": -3765,
        "PE": -1.0,
        "Book Price": 12.9
      }
    },
    {
      "quarter": "Q4 2014",
      "income status": {
        "Net sales": 85406,
        "Cost of goods sold": 82996,
        "Gross Profit": 2409,
        "Financial expenses": 3580,
        "Of which: Interest expense": 3138,
        "Cost of sales": 1856,
        "Enterprise cost management": 3820,
        "Total Operating Expenses": 9256,
        "Total revenue financing activities": 1258,
        "Net profit from business activities": -5589,
        "Profit": 2516,
        "Profit before tax": -3074,
        "Present corporate income tax expenses": -104,
        "Deferred income taxes expenses": -674,
        "The interests of minority shareholders": "N/A",
        "Total Cost of profits": -778,
        "Profit after tax corporate income": -2296,
        "Volume": 10589781,
        "Close of Quarter": 4.9,
        "EPS": -3793,
        "Non-adjusted EPS": -3793,
        "PE": -1.3,
        "Book Price": 12.8
      }
    },
    {
      "quarter": "Q3 2014",
      "income status": {
        "Net sales": 24779,
        "Cost of goods sold": 27239,
        "Gross Profit": -2460,
        "Financial expenses": 50977,
        "Of which: Interest expense": 4056,
        "Cost of sales": 1547,
        "Enterprise cost management": 2660,
        "Total Operating Expenses": 55184,
        "Total revenue financing activities": 52767,
        "Net profit from business activities": -4877,
        "Profit": -9,
        "Profit before tax": -4886,
        "Present corporate income tax expenses": "N/A",
        "Deferred income taxes expenses": -1073,
        "The interests of minority shareholders": "N/A",
        "Total Cost of profits": -1073,
        "Profit after tax corporate income": -3813,
        "Volume": 10589781,
        "Close of Quarter": 5.5,
        "EPS": -3458,
        "Non-adjusted EPS": -3458,
        "PE": -1.6,
        "Book Price": 13.1
      }
    },
    {
      "quarter": "Q2 2014",
      "income status": {
        "Net sales": 32461,
        "Cost of goods sold": 57533,
        "Gross Profit": -25072,
        "Financial expenses": 5859,
        "Of which: Interest expense": 5859,
        "Cost of sales": 1424,
        "Enterprise cost management": 11396,
        "Total Operating Expenses": 18679,
        "Total revenue financing activities": 4,
        "Net profit from business activities": -43746,
        "Profit": -15,
        "Profit before tax": -43760,
        "Present corporate income tax expenses": -26,
        "Deferred income taxes expenses": -9600,
        "The interests of minority shareholders": "N/A",
        "Total Cost of profits": -9626,
        "Profit after tax corporate income": -34134,
        "Volume": 10589781,
        "Close of Quarter": 4.8,
        "EPS": -3069,
        "Non-adjusted EPS": -3069,
        "PE": -1.6,
        "Book Price": 13.5
      }
    },
    {
      "quarter": "Q1 2014",
      "income status": {
        "Net sales": 17812,
        "Cost of goods sold": 9826,
        "Gross Profit": 7986,
        "Financial expenses": 4213,
        "Of which: Interest expense": 4213,
        "Cost of sales": 1148,
        "Enterprise cost management": 2991,
        "Total Operating Expenses": 8352,
        "Total revenue financing activities": 65,
        "Net profit from business activities": -301,
        "Profit": 407,
        "Profit before tax": 106,
        "Present corporate income tax expenses": 26,
        "Deferred income taxes expenses": "N/A",
        "The interests of minority shareholders": "N/A",
        "Total Cost of profits": 26,
        "Profit after tax corporate income": 79,
        "Volume": 10589781,
        "Close of Quarter": 5.9,
        "EPS": 176,
        "Non-adjusted EPS": 176,
        "PE": 33.5,
        "Book Price": 17
      }
    },
    {
      "quarter": "Q4 2013",
      "income status": {
        "Net sales": 89928,
        "Cost of goods sold": 83046,
        "Gross Profit": 6882,
        "Financial expenses": 4115,
        "Of which: Interest expense": 4115,
        "Cost of sales": 92,
        "Enterprise cost management": 2619,
        "Total Operating Expenses": 6826,
        "Total revenue financing activities": 1525,
        "Net profit from business activities": 1581,
        "Profit": -21,
        "Profit before tax": 1559,
        "Present corporate income tax expenses": 312,
        "Deferred income taxes expenses": "N/A",
        "The interests of minority shareholders": "N/A",
        "Total Cost of profits": 312,
        "Profit after tax corporate income": 1248,
        "Volume": 10589781,
        "Close of Quarter": 4.0,
        "EPS": 187,
        "Non-adjusted EPS": 187,
        "PE": 21.2,
        "Book Price": 17
      }
    },
    {
      "quarter": "Q3 2013",
      "income status": {
        "Net sales": 54913,
        "Cost of goods sold": 47863,
        "Gross Profit": 7050,
        "Financial expenses": 4147,
        "Of which: Interest expense": "N/A",
        "Cost of sales": 59,
        "Enterprise cost management": 2287,
        "Total Operating Expenses": 6493,
        "Total revenue financing activities": 3,
        "Net profit from business activities": 560,
        "Profit": -154,
        "Profit before tax": 405,
        "Present corporate income tax expenses": 101,
        "Deferred income taxes expenses": "N/A",
        "The interests of minority shareholders": "N/A",
        "Total Cost of profits": 101,
        "Profit after tax corporate income": 304,
        "Volume": 10589781,
        "Close of Quarter": 3.1,
        "EPS": 281,
        "Non-adjusted EPS": 281,
        "PE": 11.0,
        "Book Price": 16.9
      }
    },
    {
      "quarter": "Q2 2013",
      "income status": {
        "Net sales": 41772,
        "Cost of goods sold": 34181,
        "Gross Profit": 7592,
        "Financial expenses": 4422,
        "Of which: Interest expense": 4422,
        "Cost of sales": 65,
        "Enterprise cost management": 2630,
        "Total Operating Expenses": 7117,
        "Total revenue financing activities": 20,
        "Net profit from business activities": 495,
        "Profit": -56,
        "Profit before tax": 439,
        "Present corporate income tax expenses": 201,
        "Deferred income taxes expenses": "N/A",
        "The interests of minority shareholders": "N/A",
        "Total Cost of profits": 201,
        "Profit after tax corporate income": 238,
        "Volume": 10589781,
        "Close of Quarter": 3.3,
        "EPS": 267,
        "Non-adjusted EPS": 267,
        "PE": 12.2,
        "Book Price": 16.9
      }
    },
    {
      "quarter": "Q1 2013",
      "income status": {
        "Net sales": 20676,
        "Cost of goods sold": 14048,
        "Gross Profit": 6627,
        "Financial expenses": 3529,
        "Of which: Interest expense": 3529,
        "Cost of sales": 51,
        "Enterprise cost management": 2764,
        "Total Operating Expenses": 6344,
        "Total revenue financing activities": 11,
        "Net profit from business activities": 294,
        "Profit": -48,
        "Profit before tax": 246,
        "Present corporate income tax expenses": 62,
        "Deferred income taxes expenses": "N/A",
        "The interests of minority shareholders": "N/A",
        "Total Cost of profits": 62,
        "Profit after tax corporate income": 185,
        "Volume": 10589781,
        "Close of Quarter": 2.8,
        "EPS": 448,
        "Non-adjusted EPS": 448,
        "PE": 6.3,
        "Book Price": 17.4
      }
    },
    {
      "quarter": "Q4 2012",
      "income status": {
        "Net sales": 69504,
        "Cost of goods sold": 68675,
        "Gross Profit": 829,
        "Financial expenses": 5642,
        "Of which: Interest expense": "N/A",
        "Cost of sales": 66,
        "Enterprise cost management": 4724,
        "Total Operating Expenses": 10432,
        "Total revenue financing activities": 7629,
        "Net profit from business activities": -1974,
        "Profit": 5115,
        "Profit before tax": 3141,
        "Present corporate income tax expenses": 898,
        "Deferred income taxes expenses": "N/A",
        "The interests of minority shareholders": "N/A",
        "Total Cost of profits": 898,
        "Profit after tax corporate income": 2244,
        "Volume": 10589781,
        "Close of Quarter": 3.2,
        "EPS": 439,
        "Non-adjusted EPS": 439,
        "PE": 7.2,
        "Book Price": 17.4
      }
    },
    {
      "quarter": "Q3 2012",
      "income status": {
        "Net sales": 36907,
        "Cost of goods sold": 31403,
        "Gross Profit": 5504,
        "Financial expenses": 3360,
        "Of which: Interest expense": "N/A",
        "Cost of sales": 57,
        "Enterprise cost management": 3228,
        "Total Operating Expenses": 6645,
        "Total revenue financing activities": 364,
        "Net profit from business activities": -778,
        "Profit": 1011,
        "Profit before tax": 233,
        "Present corporate income tax expenses": 74,
        "Deferred income taxes expenses": "N/A",
        "The interests of minority shareholders": "N/A",
        "Total Cost of profits": 74,
        "Profit after tax corporate income": 159,
        "Volume": 10589781,
        "Close of Quarter": 3.2,
        "EPS": 442,
        "Non-adjusted EPS": 442,
        "PE": 7.2,
        "Book Price": 16.8
      }
    },
    {
      "quarter": "Q2 2012",
      "income status": {
        "Net sales": 43320,
        "Cost of goods sold": 49182,
        "Gross Profit": -5862,
        "Financial expenses": 3252,
        "Of which: Interest expense": 6754,
        "Cost of sales": 280,
        "Enterprise cost management": 4198,
        "Total Operating Expenses": 7730,
        "Total revenue financing activities": 931,
        "Net profit from business activities": -12661,
        "Profit": 15238,
        "Profit before tax": 2576,
        "Present corporate income tax expenses": 425,
        "Deferred income taxes expenses": "N/A",
        "The interests of minority shareholders": "N/A",
        "Total Cost of profits": 425,
        "Profit after tax corporate income": 2152,
        "Volume": 10889031,
        "Close of Quarter": 3.5,
        "EPS": 441.1,
        "Non-adjusted EPS": 429,
        "PE": 8.1,
        "Book Price": 17.1
      }
    },
    {
      "quarter": "Q1 2012",
      "income status": {
        "Net sales": 16552,
        "Cost of goods sold": 11537,
        "Gross Profit": 5015,
        "Financial expenses": 3501,
        "Of which: Interest expense": "N/A",
        "Cost of sales": 191,
        "Enterprise cost management": 3009,
        "Total Operating Expenses": 6701,
        "Total revenue financing activities": 1824,
        "Net profit from business activities": 138,
        "Profit": -13,
        "Profit before tax": 125,
        "Present corporate income tax expenses": 31,
        "Deferred income taxes expenses": "N/A",
        "The interests of minority shareholders": "N/A",
        "Total Cost of profits": 31,
        "Profit after tax corporate income": 93,
        "Volume": 10889031,
        "Close of Quarter": 3.8,
        "EPS": 371.2,
        "Non-adjusted EPS": 361,
        "PE": 10.4,
        "Book Price": 17.2
      }
    },
    {
      "quarter": "Q4 2011",
      "income status": {
        "Net sales": 48563,
        "Cost of goods sold": 32441,
        "Gross Profit": 16122,
        "Financial expenses": 4883,
        "Of which: Interest expense": "N/A",
        "Cost of sales": 280,
        "Enterprise cost management": 5834,
        "Total Operating Expenses": 10997,
        "Total revenue financing activities": 31,
        "Net profit from business activities": 5156,
        "Profit": -2969,
        "Profit before tax": 9083,
        "Present corporate income tax expenses": -86,
        "Deferred income taxes expenses": "N/A",
        "The interests of minority shareholders": "N/A",
        "Total Cost of profits": -86,
        "Profit after tax corporate income": 2273,
        "Volume": 10889031,
        "Close of Quarter": 3.5,
        "EPS": 737.3,
        "Non-adjusted EPS": 717,
        "PE": 4.9,
        "Book Price": 17.4
      }
    },
    {
      "quarter": "Q3 2011",
      "income status": {
        "Net sales": 31923,
        "Cost of goods sold": 24893,
        "Gross Profit": 7030,
        "Financial expenses": 4348,
        "Of which: Interest expense": "N/A",
        "Cost of sales": 214,
        "Enterprise cost management": 2969,
        "Total Operating Expenses": 7531,
        "Total revenue financing activities": 722,
        "Net profit from business activities": 221,
        "Profit": 7,
        "Profit before tax": 6895,
        "Present corporate income tax expenses": 81,
        "Deferred income taxes expenses": "N/A",
        "The interests of minority shareholders": "N/A",
        "Total Cost of profits": 81,
        "Profit after tax corporate income": 148,
        "Volume": 10889031,
        "Close of Quarter": 5.0,
        "EPS": 945.0,
        "Non-adjusted EPS": 919,
        "PE": 5.4,
        "Book Price": 17.2
      }
    },
    {
      "quarter": "Q2 2011",
      "income status": {
        "Net sales": 32628,
        "Cost of goods sold": 24012,
        "Gross Profit": 8616,
        "Financial expenses": 4599,
        "Of which: Interest expense": "N/A",
        "Cost of sales": 218,
        "Enterprise cost management": 3151,
        "Total Operating Expenses": 7968,
        "Total revenue financing activities": 1194,
        "Net profit from business activities": 1842,
        "Profit": 10,
        "Profit before tax": 1851,
        "Present corporate income tax expenses": 436,
        "Deferred income taxes expenses": "N/A",
        "The interests of minority shareholders": "N/A",
        "Total Cost of profits": 436,
        "Profit after tax corporate income": 1415,
        "Volume": 9900000,
        "Close of Quarter": 5.2,
        "EPS": 1957.6,
        "Non-adjusted EPS": 2094,
        "PE": 2.5,
        "Book Price": 17.1
      }
    },
    {
      "quarter": "Q1 2011",
      "income status": {
        "Net sales": 34784,
        "Cost of goods sold": 23103,
        "Gross Profit": 11681,
        "Financial expenses": 3926,
        "Of which: Interest expense": "N/A",
        "Cost of sales": 171,
        "Enterprise cost management": 3478,
        "Total Operating Expenses": 7575,
        "Total revenue financing activities": 622,
        "Net profit from business activities": 4728,
        "Profit": -8,
        "Profit before tax": 4720,
        "Present corporate income tax expenses": 750,
        "Deferred income taxes expenses": "N/A",
        "The interests of minority shareholders": "N/A",
        "Total Cost of profits": 750,
        "Profit after tax corporate income": 3970,
        "Volume": 9900000,
        "Close of Quarter": 9.0,
        "EPS": 2550.3,
        "Non-adjusted EPS": 2728,
        "PE": 3.3,
        "Book Price": 17.9
      }
    }
  ]
}