{
  "ticker": "KKC",
  "data": [
    {
      "quarter": "Q4 2016",
      "income status": {
        "Net sales": 98920,
        "Cost of goods sold": 88600,
        "Gross Profit": 10320,
        "Financial expenses": 1128,
        "Of which: Interest expense": 1008,
        "Cost of sales": 1509,
        "Enterprise cost management": 2687,
        "Total Operating Expenses": 5324,
        "Total revenue financing activities": 838,
        "Net profit from business activities": 5834,
        "Profit": 60,
        "Profit before tax": 5894,
        "Present corporate income tax expenses": 1372,
        "Deferred income taxes expenses": "N/A",
        "The interests of minority shareholders": "N/A",
        "Total Cost of profits": 1372,
        "Profit after tax corporate income": 4522,
        "Volume": 5200000,
        "Close of Quarter": 13.8,
        "EPS": 7368,
        "Non-adjusted EPS": 7368,
        "PE": 1.9,
        "Book Price": 17.8
      }
    },
    {
      "quarter": "Q3 2016",
      "income status": {
        "Net sales": 124234,
        "Cost of goods sold": 111545,
        "Gross Profit": 12688,
        "Financial expenses": 1592,
        "Of which: Interest expense": 1567,
        "Cost of sales": 2000,
        "Enterprise cost management": 3108,
        "Total Operating Expenses": 6700,
        "Total revenue financing activities": 597,
        "Net profit from business activities": 6585,
        "Profit": -67,
        "Profit before tax": 6518,
        "Present corporate income tax expenses": 1304,
        "Deferred income taxes expenses": "N/A",
        "The interests of minority shareholders": "N/A",
        "Total Cost of profits": 1304,
        "Profit after tax corporate income": 5215,
        "Volume": 5200000,
        "Close of Quarter": 14.7,
        "EPS": 5577,
        "Non-adjusted EPS": 5577,
        "PE": 2.6,
        "Book Price": 16.9
      }
    },
    {
      "quarter": "Q2 2016",
      "income status": {
        "Net sales": 144644,
        "Cost of goods sold": 118081,
        "Gross Profit": 26563,
        "Financial expenses": 2303,
        "Of which: Interest expense": 2159,
        "Cost of sales": 1747,
        "Enterprise cost management": 2932,
        "Total Operating Expenses": 6982,
        "Total revenue financing activities": 195,
        "Net profit from business activities": 19775,
        "Profit": -46,
        "Profit before tax": 19729,
        "Present corporate income tax expenses": 1634,
        "Deferred income taxes expenses": "N/A",
        "The interests of minority shareholders": "N/A",
        "Total Cost of profits": 1634,
        "Profit after tax corporate income": 18095,
        "Volume": 5200000,
        "Close of Quarter": 12.2,
        "EPS": 2431,
        "Non-adjusted EPS": 2431,
        "PE": 5.0,
        "Book Price": 15.9
      }
    },
    {
      "quarter": "Q1 2016",
      "income status": {
        "Net sales": 120751,
        "Cost of goods sold": 106183,
        "Gross Profit": 14568,
        "Financial expenses": 1165,
        "Of which: Interest expense": 973,
        "Cost of sales": 1387,
        "Enterprise cost management": 1803,
        "Total Operating Expenses": 4355,
        "Total revenue financing activities": 270,
        "Net profit from business activities": 10482,
        "Profit": -1,
        "Profit before tax": 10481,
        "Present corporate income tax expenses": "N/A",
        "Deferred income taxes expenses": "N/A",
        "The interests of minority shareholders": "N/A",
        "Total Cost of profits": 0,
        "Profit after tax corporate income": 10481,
        "Volume": 5200000,
        "Close of Quarter": 7.1,
        "EPS": -1927,
        "Non-adjusted EPS": -1927,
        "PE": -3.7,
        "Book Price": 12.4
      }
    },
    {
      "quarter": "Q4 2015",
      "income status": {
        "Net sales": 130827,
        "Cost of goods sold": 131952,
        "Gross Profit": -1125,
        "Financial expenses": 1569,
        "Of which: Interest expense": 1440,
        "Cost of sales": 1392,
        "Enterprise cost management": 840,
        "Total Operating Expenses": 3801,
        "Total revenue financing activities": 157,
        "Net profit from business activities": -4769,
        "Profit": -22,
        "Profit before tax": -4790,
        "Present corporate income tax expenses": "N/A",
        "Deferred income taxes expenses": "N/A",
        "The interests of minority shareholders": "N/A",
        "Total Cost of profits": 0,
        "Profit after tax corporate income": -4790,
        "Volume": 5200000,
        "Close of Quarter": 6.7,
        "EPS": -4346,
        "Non-adjusted EPS": -4346,
        "PE": -1.5,
        "Book Price": 10.4
      }
    },
    {
      "quarter": "Q3 2015",
      "income status": {
        "Net sales": 104897,
        "Cost of goods sold": 110931,
        "Gross Profit": -6034,
        "Financial expenses": 2360,
        "Of which: Interest expense": 2129,
        "Cost of sales": 1620,
        "Enterprise cost management": 1419,
        "Total Operating Expenses": 5399,
        "Total revenue financing activities": 293,
        "Net profit from business activities": -11140,
        "Profit": -5,
        "Profit before tax": -11145,
        "Present corporate income tax expenses": "N/A",
        "Deferred income taxes expenses": "N/A",
        "The interests of minority shareholders": "N/A",
        "Total Cost of profits": 0,
        "Profit after tax corporate income": -11145,
        "Volume": 5200000,
        "Close of Quarter": 7.8,
        "EPS": -3805,
        "Non-adjusted EPS": -3805,
        "PE": -2.1,
        "Book Price": 11.3
      }
    },
    {
      "quarter": "Q2 2015",
      "income status": {
        "Net sales": 145114,
        "Cost of goods sold": 144407,
        "Gross Profit": 707,
        "Financial expenses": 2026,
        "Of which: Interest expense": 1849,
        "Cost of sales": 1677,
        "Enterprise cost management": 1856,
        "Total Operating Expenses": 5559,
        "Total revenue financing activities": 43,
        "Net profit from business activities": -4809,
        "Profit": 245,
        "Profit before tax": -4564,
        "Present corporate income tax expenses": "N/A",
        "Deferred income taxes expenses": "N/A",
        "The interests of minority shareholders": "N/A",
        "Total Cost of profits": 0,
        "Profit after tax corporate income": -4564,
        "Volume": 5200000,
        "Close of Quarter": 9.8,
        "EPS": -1355,
        "Non-adjusted EPS": -1355,
        "PE": -7.2,
        "Book Price": 13.5
      }
    },
    {
      "quarter": "Q1 2015",
      "income status": {
        "Net sales": 111635,
        "Cost of goods sold": 109166,
        "Gross Profit": 2469,
        "Financial expenses": 2326,
        "Of which: Interest expense": 2218,
        "Cost of sales": 1298,
        "Enterprise cost management": 1501,
        "Total Operating Expenses": 5125,
        "Total revenue financing activities": 566,
        "Net profit from business activities": -2091,
        "Profit": -7,
        "Profit before tax": -2098,
        "Present corporate income tax expenses": "N/A",
        "Deferred income taxes expenses": "N/A",
        "The interests of minority shareholders": "N/A",
        "Total Cost of profits": 0,
        "Profit after tax corporate income": -2098,
        "Volume": 5200000,
        "Close of Quarter": 11.8,
        "EPS": 427,
        "Non-adjusted EPS": 427,
        "PE": 27.6,
        "Book Price": 14.5
      }
    },
    {
      "quarter": "Q4 2014",
      "income status": {
        "Net sales": 152649,
        "Cost of goods sold": 147226,
        "Gross Profit": 5423,
        "Financial expenses": 3865,
        "Of which: Interest expense": 3251,
        "Cost of sales": 1871,
        "Enterprise cost management": 2436,
        "Total Operating Expenses": 8172,
        "Total revenue financing activities": 134,
        "Net profit from business activities": -2613,
        "Profit": 80,
        "Profit before tax": -2533,
        "Present corporate income tax expenses": -555,
        "Deferred income taxes expenses": "N/A",
        "The interests of minority shareholders": "N/A",
        "Total Cost of profits": -555,
        "Profit after tax corporate income": -1978,
        "Volume": 5200000,
        "Close of Quarter": 12.9,
        "EPS": 2335,
        "Non-adjusted EPS": 2335,
        "PE": 5.5,
        "Book Price": 16.3
      }
    },
    {
      "quarter": "Q3 2014",
      "income status": {
        "Net sales": 109223,
        "Cost of goods sold": 100993,
        "Gross Profit": 8230,
        "Financial expenses": 3173,
        "Of which: Interest expense": 3116,
        "Cost of sales": 1217,
        "Enterprise cost management": 2227,
        "Total Operating Expenses": 6617,
        "Total revenue financing activities": 432,
        "Net profit from business activities": 2046,
        "Profit": -2,
        "Profit before tax": 2043,
        "Present corporate income tax expenses": 447,
        "Deferred income taxes expenses": "N/A",
        "The interests of minority shareholders": "N/A",
        "Total Cost of profits": 447,
        "Profit after tax corporate income": 1596,
        "Volume": 5200000,
        "Close of Quarter": 14.9,
        "EPS": 3452,
        "Non-adjusted EPS": 3452,
        "PE": 4.3,
        "Book Price": 16.7
      }
    },
    {
      "quarter": "Q2 2014",
      "income status": {
        "Net sales": 129208,
        "Cost of goods sold": 117247,
        "Gross Profit": 11961,
        "Financial expenses": 3152,
        "Of which: Interest expense": 2154,
        "Cost of sales": 912,
        "Enterprise cost management": 2032,
        "Total Operating Expenses": 6096,
        "Total revenue financing activities": 6,
        "Net profit from business activities": 5871,
        "Profit": 168,
        "Profit before tax": 6038,
        "Present corporate income tax expenses": 1339,
        "Deferred income taxes expenses": "N/A",
        "The interests of minority shareholders": "N/A",
        "Total Cost of profits": 1339,
        "Profit after tax corporate income": 4700,
        "Volume": 5200000,
        "Close of Quarter": 13.4,
        "EPS": 4113,
        "Non-adjusted EPS": 4113,
        "PE": 3.3,
        "Book Price": 16.3
      }
    },
    {
      "quarter": "Q1 2014",
      "income status": {
        "Net sales": 148788,
        "Cost of goods sold": 134996,
        "Gross Profit": 13791,
        "Financial expenses": 1525,
        "Of which: Interest expense": 1255,
        "Cost of sales": 758,
        "Enterprise cost management": 1938,
        "Total Operating Expenses": 4221,
        "Total revenue financing activities": 355,
        "Net profit from business activities": 9926,
        "Profit": 105,
        "Profit before tax": 10031,
        "Present corporate income tax expenses": 2207,
        "Deferred income taxes expenses": "N/A",
        "The interests of minority shareholders": "N/A",
        "Total Cost of profits": 2207,
        "Profit after tax corporate income": 7824,
        "Volume": 5200000,
        "Close of Quarter": 10.8,
        "EPS": 3628,
        "Non-adjusted EPS": 3628,
        "PE": 3.0,
        "Book Price": 15.5
      }
    },
    {
      "quarter": "Q4 2013",
      "income status": {
        "Net sales": 155385,
        "Cost of goods sold": 145366,
        "Gross Profit": 10019,
        "Financial expenses": 2104,
        "Of which: Interest expense": 1931,
        "Cost of sales": 1078,
        "Enterprise cost management": 1775,
        "Total Operating Expenses": 4957,
        "Total revenue financing activities": 2,
        "Net profit from business activities": 5064,
        "Profit": 53,
        "Profit before tax": 5117,
        "Present corporate income tax expenses": 1286,
        "Deferred income taxes expenses": "N/A",
        "The interests of minority shareholders": "N/A",
        "Total Cost of profits": 1286,
        "Profit after tax corporate income": 3831,
        "Volume": 5200000,
        "Close of Quarter": 8.7,
        "EPS": 2719,
        "Non-adjusted EPS": 2719,
        "PE": 3.2,
        "Book Price": 16.2
      }
    },
    {
      "quarter": "Q3 2013",
      "income status": {
        "Net sales": 140743,
        "Cost of goods sold": 130038,
        "Gross Profit": 10704,
        "Financial expenses": 2622,
        "Of which: Interest expense": 2047,
        "Cost of sales": 943,
        "Enterprise cost management": 1604,
        "Total Operating Expenses": 5169,
        "Total revenue financing activities": 1059,
        "Net profit from business activities": 6596,
        "Profit": 7,
        "Profit before tax": 6603,
        "Present corporate income tax expenses": 1568,
        "Deferred income taxes expenses": "N/A",
        "The interests of minority shareholders": "N/A",
        "Total Cost of profits": 1568,
        "Profit after tax corporate income": 5034,
        "Volume": 5200000,
        "Close of Quarter": 6.3,
        "EPS": 2938,
        "Non-adjusted EPS": 2938,
        "PE": 2.2,
        "Book Price": 15.4
      }
    },
    {
      "quarter": "Q2 2013",
      "income status": {
        "Net sales": 65472,
        "Cost of goods sold": 58137,
        "Gross Profit": 7335,
        "Financial expenses": 2090,
        "Of which: Interest expense": 1310,
        "Cost of sales": 957,
        "Enterprise cost management": 2205,
        "Total Operating Expenses": 5252,
        "Total revenue financing activities": 946,
        "Net profit from business activities": 3030,
        "Profit": -24,
        "Profit before tax": 3006,
        "Present corporate income tax expenses": 827,
        "Deferred income taxes expenses": "N/A",
        "The interests of minority shareholders": "N/A",
        "Total Cost of profits": 827,
        "Profit after tax corporate income": 2179,
        "Volume": 5200000,
        "Close of Quarter": 6.3,
        "EPS": 2088,
        "Non-adjusted EPS": 2088,
        "PE": 3.0,
        "Book Price": 14.4
      }
    },
    {
      "quarter": "Q1 2013",
      "income status": {
        "Net sales": 79192,
        "Cost of goods sold": 73578,
        "Gross Profit": 5615,
        "Financial expenses": 1196,
        "Of which: Interest expense": 1026,
        "Cost of sales": 447,
        "Enterprise cost management": 1071,
        "Total Operating Expenses": 2714,
        "Total revenue financing activities": 1167,
        "Net profit from business activities": 4066,
        "Profit": 64,
        "Profit before tax": 4130,
        "Present corporate income tax expenses": 1032,
        "Deferred income taxes expenses": "N/A",
        "The interests of minority shareholders": "N/A",
        "Total Cost of profits": 1032,
        "Profit after tax corporate income": 3097,
        "Volume": 5200000,
        "Close of Quarter": 5.9,
        "EPS": 2028,
        "Non-adjusted EPS": 2028,
        "PE": 2.9,
        "Book Price": 15.5
      }
    },
    {
      "quarter": "Q4 2012",
      "income status": {
        "Net sales": 163713,
        "Cost of goods sold": 154275,
        "Gross Profit": 9438,
        "Financial expenses": 1599,
        "Of which: Interest expense": 1444,
        "Cost of sales": 1391,
        "Enterprise cost management": 2286,
        "Total Operating Expenses": 5276,
        "Total revenue financing activities": 987,
        "Net profit from business activities": 5150,
        "Profit": 422,
        "Profit before tax": 5572,
        "Present corporate income tax expenses": 602,
        "Deferred income taxes expenses": "N/A",
        "The interests of minority shareholders": "N/A",
        "Total Cost of profits": 602,
        "Profit after tax corporate income": 4970,
        "Volume": 5200000,
        "Close of Quarter": 4.5,
        "EPS": 1693,
        "Non-adjusted EPS": 1693,
        "PE": 2.7,
        "Book Price": 14.9
      }
    },
    {
      "quarter": "Q3 2012",
      "income status": {
        "Net sales": 83692,
        "Cost of goods sold": 80911,
        "Gross Profit": 2781,
        "Financial expenses": 537,
        "Of which: Interest expense": 425,
        "Cost of sales": 844,
        "Enterprise cost management": 1248,
        "Total Operating Expenses": 2629,
        "Total revenue financing activities": 667,
        "Net profit from business activities": 820,
        "Profit": "N/A",
        "Profit before tax": 820,
        "Present corporate income tax expenses": 208,
        "Deferred income taxes expenses": "N/A",
        "The interests of minority shareholders": "N/A",
        "Total Cost of profits": 208,
        "Profit after tax corporate income": 612,
        "Volume": 5200000,
        "Close of Quarter": 4.5,
        "EPS": 1283,
        "Non-adjusted EPS": 1283,
        "PE": 3.5,
        "Book Price": 13.9
      }
    },
    {
      "quarter": "Q2 2012",
      "income status": {
        "Net sales": 109188,
        "Cost of goods sold": 102455,
        "Gross Profit": 6733,
        "Financial expenses": 1458,
        "Of which: Interest expense": 1297,
        "Cost of sales": 1098,
        "Enterprise cost management": 2002,
        "Total Operating Expenses": 4558,
        "Total revenue financing activities": 340,
        "Net profit from business activities": 2514,
        "Profit": -29,
        "Profit before tax": 2485,
        "Present corporate income tax expenses": 621,
        "Deferred income taxes expenses": "N/A",
        "The interests of minority shareholders": "N/A",
        "Total Cost of profits": 621,
        "Profit after tax corporate income": 1864,
        "Volume": 5200000,
        "Close of Quarter": 5.7,
        "EPS": 1125,
        "Non-adjusted EPS": 1125,
        "PE": 5.1,
        "Book Price": 13.8
      }
    },
    {
      "quarter": "Q1 2012",
      "income status": {
        "Net sales": 50482,
        "Cost of goods sold": 46522,
        "Gross Profit": 3960,
        "Financial expenses": 1411,
        "Of which: Interest expense": 1228,
        "Cost of sales": 576,
        "Enterprise cost management": 1208,
        "Total Operating Expenses": 3195,
        "Total revenue financing activities": 929,
        "Net profit from business activities": 1695,
        "Profit": 119,
        "Profit before tax": 1813,
        "Present corporate income tax expenses": 453,
        "Deferred income taxes expenses": "N/A",
        "The interests of minority shareholders": "N/A",
        "Total Cost of profits": 453,
        "Profit after tax corporate income": 1360,
        "Volume": 5200000,
        "Close of Quarter": 5.8,
        "EPS": 1370,
        "Non-adjusted EPS": 1370,
        "PE": 4.3,
        "Book Price": 15.6
      }
    },
    {
      "quarter": "Q4 2011",
      "income status": {
        "Net sales": 90188,
        "Cost of goods sold": 81255,
        "Gross Profit": 8933,
        "Financial expenses": 3187,
        "Of which: Interest expense": 2528,
        "Cost of sales": 910,
        "Enterprise cost management": 2055,
        "Total Operating Expenses": 6152,
        "Total revenue financing activities": 815,
        "Net profit from business activities": 3596,
        "Profit": -1511,
        "Profit before tax": 2085,
        "Present corporate income tax expenses": -753,
        "Deferred income taxes expenses": "N/A",
        "The interests of minority shareholders": "N/A",
        "Total Cost of profits": -753,
        "Profit after tax corporate income": 2838,
        "Volume": 5200000,
        "Close of Quarter": 3.8,
        "EPS": 2584,
        "Non-adjusted EPS": 2584,
        "PE": 1.5,
        "Book Price": 15.3
      }
    },
    {
      "quarter": "Q3 2011",
      "income status": {
        "Net sales": 74277,
        "Cost of goods sold": 70547,
        "Gross Profit": 3730,
        "Financial expenses": 2173,
        "Of which: Interest expense": 1714,
        "Cost of sales": 1072,
        "Enterprise cost management": 1180,
        "Total Operating Expenses": 4425,
        "Total revenue financing activities": 483,
        "Net profit from business activities": -212,
        "Profit": 2,
        "Profit before tax": -210,
        "Present corporate income tax expenses": "N/A",
        "Deferred income taxes expenses": "N/A",
        "The interests of minority shareholders": "N/A",
        "Total Cost of profits": 0,
        "Profit after tax corporate income": -210,
        "Volume": 5200000,
        "Close of Quarter": 5.8,
        "EPS": 2661,
        "Non-adjusted EPS": 2661,
        "PE": 2.2,
        "Book Price": 14.8
      }
    },
    {
      "quarter": "Q2 2011",
      "income status": {
        "Net sales": 54911,
        "Cost of goods sold": 45802,
        "Gross Profit": 9108,
        "Financial expenses": 3604,
        "Of which: Interest expense": 1210,
        "Cost of sales": 963,
        "Enterprise cost management": 2398,
        "Total Operating Expenses": 6965,
        "Total revenue financing activities": 1239,
        "Net profit from business activities": 3381,
        "Profit": 800,
        "Profit before tax": 4181,
        "Present corporate income tax expenses": 1045,
        "Deferred income taxes expenses": "N/A",
        "The interests of minority shareholders": "N/A",
        "Total Cost of profits": 1045,
        "Profit after tax corporate income": 3136,
        "Volume": 5200000,
        "Close of Quarter": 5.7,
        "EPS": 2971,
        "Non-adjusted EPS": 2971,
        "PE": 1.9,
        "Book Price": 16.8
      }
    },
    {
      "quarter": "Q1 2011",
      "income status": {
        "Net sales": 113676,
        "Cost of goods sold": 99190,
        "Gross Profit": 14486,
        "Financial expenses": 2667,
        "Of which: Interest expense": 1088,
        "Cost of sales": 970,
        "Enterprise cost management": 1237,
        "Total Operating Expenses": 4874,
        "Total revenue financing activities": 617,
        "Net profit from business activities": 10230,
        "Profit": "N/A",
        "Profit before tax": 10230,
        "Present corporate income tax expenses": 2557,
        "Deferred income taxes expenses": "N/A",
        "The interests of minority shareholders": "N/A",
        "Total Cost of profits": 2557,
        "Profit after tax corporate income": 7672,
        "Volume": 5200000,
        "Close of Quarter": 6.4,
        "EPS": 3509,
        "Non-adjusted EPS": 3509,
        "PE": 1.8,
        "Book Price": 17.8
      }
    }
  ]
}