{
  "ticker": "TCO",
  "data": [
    {
      "quarter": "Q4 2016",
      "income status": {
        "Net sales": 40355,
        "Cost of goods sold": 30003,
        "Gross Profit": 10352,
        "Financial expenses": 21,
        "Of which: Interest expense": 14,
        "Cost of sales": "N/A",
        "Enterprise cost management": 4557,
        "Total Operating Expenses": 4578,
        "Total revenue financing activities": 792,
        "Net profit from business activities": 6566,
        "Profit": 94,
        "Profit before tax": 6660,
        "Present corporate income tax expenses": 1370,
        "Deferred income taxes expenses": 155,
        "The interests of minority shareholders": 15,
        "Total Cost of profits": 1540,
        "Profit after tax corporate income": 5120,
        "Volume": 18711000,
        "Close of Quarter": 9.6,
        "EPS": 1477,
        "Non-adjusted EPS": 1477,
        "PE": 6.5,
        "Book Price": 11.8
      }
    },
    {
      "quarter": "Q3 2016",
      "income status": {
        "Net sales": 41202,
        "Cost of goods sold": 29629,
        "Gross Profit": 11572,
        "Financial expenses": 21,
        "Of which: Interest expense": 21,
        "Cost of sales": "N/A",
        "Enterprise cost management": 4631,
        "Total Operating Expenses": 4652,
        "Total revenue financing activities": 506,
        "Net profit from business activities": 7427,
        "Profit": 433,
        "Profit before tax": 7859,
        "Present corporate income tax expenses": 1606,
        "Deferred income taxes expenses": 19,
        "The interests of minority shareholders": 20,
        "Total Cost of profits": 1645,
        "Profit after tax corporate income": 6214,
        "Volume": 18711000,
        "Close of Quarter": 10.0,
        "EPS": 1639,
        "Non-adjusted EPS": 1639,
        "PE": 6.1,
        "Book Price": 12
      }
    },
    {
      "quarter": "Q2 2016",
      "income status": {
        "Net sales": 40120,
        "Cost of goods sold": 30452,
        "Gross Profit": 9668,
        "Financial expenses": 14,
        "Of which: Interest expense": 14,
        "Cost of sales": "N/A",
        "Enterprise cost management": 5174,
        "Total Operating Expenses": 5188,
        "Total revenue financing activities": 771,
        "Net profit from business activities": 5252,
        "Profit": 10342,
        "Profit before tax": 15593,
        "Present corporate income tax expenses": 3179,
        "Deferred income taxes expenses": 39,
        "The interests of minority shareholders": 77,
        "Total Cost of profits": 3295,
        "Profit after tax corporate income": 12299,
        "Volume": 18711000,
        "Close of Quarter": 9.8,
        "EPS": 1648,
        "Non-adjusted EPS": 1648,
        "PE": 5.9,
        "Book Price": 11.7
      }
    },
    {
      "quarter": "Q1 2016",
      "income status": {
        "Net sales": 35734,
        "Cost of goods sold": 26595,
        "Gross Profit": 9139,
        "Financial expenses": 59,
        "Of which: Interest expense": 28,
        "Cost of sales": "N/A",
        "Enterprise cost management": 4609,
        "Total Operating Expenses": 4668,
        "Total revenue financing activities": 728,
        "Net profit from business activities": 5198,
        "Profit": 3,
        "Profit before tax": 5201,
        "Present corporate income tax expenses": 1177,
        "Deferred income taxes expenses": 1,
        "The interests of minority shareholders": 12,
        "Total Cost of profits": 1190,
        "Profit after tax corporate income": 4011,
        "Volume": 18711000,
        "Close of Quarter": 8.4,
        "EPS": 1300,
        "Non-adjusted EPS": 1300,
        "PE": 6.5,
        "Book Price": 12.3
      }
    },
    {
      "quarter": "Q4 2015",
      "income status": {
        "Net sales": 42964,
        "Cost of goods sold": 30964,
        "Gross Profit": 12000,
        "Financial expenses": 72,
        "Of which: Interest expense": 72,
        "Cost of sales": "N/A",
        "Enterprise cost management": 4502,
        "Total Operating Expenses": 4574,
        "Total revenue financing activities": 1800,
        "Net profit from business activities": 9226,
        "Profit": 1202,
        "Profit before tax": 10428,
        "Present corporate income tax expenses": 2102,
        "Deferred income taxes expenses": 159,
        "The interests of minority shareholders": 25,
        "Total Cost of profits": 2286,
        "Profit after tax corporate income": 8142,
        "Volume": 18711000,
        "Close of Quarter": 9.6,
        "EPS": 1449,
        "Non-adjusted EPS": 1449,
        "PE": 6.6,
        "Book Price": 12.1
      }
    },
    {
      "quarter": "Q3 2015",
      "income status": {
        "Net sales": 46816,
        "Cost of goods sold": 34326,
        "Gross Profit": 12491,
        "Financial expenses": 296,
        "Of which: Interest expense": 295,
        "Cost of sales": "N/A",
        "Enterprise cost management": 4527,
        "Total Operating Expenses": 4823,
        "Total revenue financing activities": 203,
        "Net profit from business activities": 7871,
        "Profit": 48,
        "Profit before tax": 7919,
        "Present corporate income tax expenses": 1423,
        "Deferred income taxes expenses": 94,
        "The interests of minority shareholders": 17,
        "Total Cost of profits": 1534,
        "Profit after tax corporate income": 6386,
        "Volume": 18711000,
        "Close of Quarter": 8.4,
        "EPS": 1328,
        "Non-adjusted EPS": 1328,
        "PE": 6.3,
        "Book Price": 11.7
      }
    },
    {
      "quarter": "Q2 2015",
      "income status": {
        "Net sales": 43582,
        "Cost of goods sold": 32523,
        "Gross Profit": 11059,
        "Financial expenses": 291,
        "Of which: Interest expense": 288,
        "Cost of sales": "N/A",
        "Enterprise cost management": 4100,
        "Total Operating Expenses": 4391,
        "Total revenue financing activities": 166,
        "Net profit from business activities": 6833,
        "Profit": 342,
        "Profit before tax": 7175,
        "Present corporate income tax expenses": 1339,
        "Deferred income taxes expenses": 42,
        "The interests of minority shareholders": 18,
        "Total Cost of profits": 1399,
        "Profit after tax corporate income": 5776,
        "Volume": 15408000,
        "Close of Quarter": 8.5,
        "EPS": 1279.7,
        "Non-adjusted EPS": 1554,
        "PE": 5.5,
        "Book Price": 10.4
      }
    },
    {
      "quarter": "Q1 2015",
      "income status": {
        "Net sales": 39736,
        "Cost of goods sold": 29389,
        "Gross Profit": 10346,
        "Financial expenses": 385,
        "Of which: Interest expense": 383,
        "Cost of sales": "N/A",
        "Enterprise cost management": 3649,
        "Total Operating Expenses": 4034,
        "Total revenue financing activities": 101,
        "Net profit from business activities": 6413,
        "Profit": 2078,
        "Profit before tax": 8491,
        "Present corporate income tax expenses": 1764,
        "Deferred income taxes expenses": -112,
        "The interests of minority shareholders": 31,
        "Total Cost of profits": 1683,
        "Profit after tax corporate income": 6808,
        "Volume": 14030000,
        "Close of Quarter": 8.6,
        "EPS": 1259.7,
        "Non-adjusted EPS": 1680,
        "PE": 5.1,
        "Book Price": 10.1
      }
    },
    {
      "quarter": "Q4 2014",
      "income status": {
        "Net sales": 40312,
        "Cost of goods sold": 30607,
        "Gross Profit": 9704,
        "Financial expenses": 1291,
        "Of which: Interest expense": 566,
        "Cost of sales": "N/A",
        "Enterprise cost management": 3669,
        "Total Operating Expenses": 4960,
        "Total revenue financing activities": -108,
        "Net profit from business activities": 4636,
        "Profit": 2626,
        "Profit before tax": 7261,
        "Present corporate income tax expenses": 1367,
        "Deferred income taxes expenses": 37,
        "The interests of minority shareholders": -13,
        "Total Cost of profits": 1391,
        "Profit after tax corporate income": 5870,
        "Volume": 14030000,
        "Close of Quarter": 8.6,
        "EPS": 1189.2,
        "Non-adjusted EPS": 1586,
        "PE": 5.4,
        "Book Price": 9.8
      }
    },
    {
      "quarter": "Q3 2014",
      "income status": {
        "Net sales": 49200,
        "Cost of goods sold": 37538,
        "Gross Profit": 11663,
        "Financial expenses": 862,
        "Of which: Interest expense": 862,
        "Cost of sales": "N/A",
        "Enterprise cost management": 3951,
        "Total Operating Expenses": 4813,
        "Total revenue financing activities": 168,
        "Net profit from business activities": 7017,
        "Profit": 15,
        "Profit before tax": 7032,
        "Present corporate income tax expenses": 1449,
        "Deferred income taxes expenses": 29,
        "The interests of minority shareholders": 61,
        "Total Cost of profits": 1539,
        "Profit after tax corporate income": 5493,
        "Volume": 12870000,
        "Close of Quarter": 8.0,
        "EPS": 1184.4,
        "Non-adjusted EPS": 1722,
        "PE": 4.7,
        "Book Price": 9.5
      }
    },
    {
      "quarter": "Q2 2014",
      "income status": {
        "Net sales": 46934,
        "Cost of goods sold": 36725,
        "Gross Profit": 10208,
        "Financial expenses": 1046,
        "Of which: Interest expense": 1046,
        "Cost of sales": "N/A",
        "Enterprise cost management": 3593,
        "Total Operating Expenses": 4639,
        "Total revenue financing activities": 180,
        "Net profit from business activities": 5749,
        "Profit": 1440,
        "Profit before tax": 7189,
        "Present corporate income tax expenses": 1466,
        "Deferred income taxes expenses": "N/A",
        "The interests of minority shareholders": 320,
        "Total Cost of profits": 1786,
        "Profit after tax corporate income": 5403,
        "Volume": 12870000,
        "Close of Quarter": 7.8,
        "EPS": 1207.8,
        "Non-adjusted EPS": 1756,
        "PE": 4.4,
        "Book Price": 8.9
      }
    },
    {
      "quarter": "Q1 2014",
      "income status": {
        "Net sales": 44607,
        "Cost of goods sold": 33431,
        "Gross Profit": 11176,
        "Financial expenses": 1266,
        "Of which: Interest expense": 1266,
        "Cost of sales": "N/A",
        "Enterprise cost management": 3404,
        "Total Operating Expenses": 4670,
        "Total revenue financing activities": 109,
        "Net profit from business activities": 6616,
        "Profit": -65,
        "Profit before tax": 6550,
        "Present corporate income tax expenses": 1137,
        "Deferred income taxes expenses": -179,
        "The interests of minority shareholders": 109,
        "Total Cost of profits": 1067,
        "Profit after tax corporate income": 5483,
        "Volume": 12870000,
        "Close of Quarter": 8.1,
        "EPS": 1275.9,
        "Non-adjusted EPS": 1855,
        "PE": 4.4,
        "Book Price": 8.9
      }
    },
    {
      "quarter": "Q4 2013",
      "income status": {
        "Net sales": 45669,
        "Cost of goods sold": 35409,
        "Gross Profit": 10260,
        "Financial expenses": 1699,
        "Of which: Interest expense": 1621,
        "Cost of sales": "N/A",
        "Enterprise cost management": 3520,
        "Total Operating Expenses": 5219,
        "Total revenue financing activities": 1835,
        "Net profit from business activities": 6877,
        "Profit": 306,
        "Profit before tax": 7183,
        "Present corporate income tax expenses": 1499,
        "Deferred income taxes expenses": 22,
        "The interests of minority shareholders": -126,
        "Total Cost of profits": 1395,
        "Profit after tax corporate income": 5788,
        "Volume": 12870000,
        "Close of Quarter": 6.9,
        "EPS": 1293.8,
        "Non-adjusted EPS": 1881,
        "PE": 3.7,
        "Book Price": 8.7
      }
    },
    {
      "quarter": "Q3 2013",
      "income status": {
        "Net sales": 47138,
        "Cost of goods sold": 34828,
        "Gross Profit": 12310,
        "Financial expenses": 1647,
        "Of which: Interest expense": 1647,
        "Cost of sales": "N/A",
        "Enterprise cost management": 3319,
        "Total Operating Expenses": 4966,
        "Total revenue financing activities": 102,
        "Net profit from business activities": 7446,
        "Profit": 18,
        "Profit before tax": 7464,
        "Present corporate income tax expenses": 1568,
        "Deferred income taxes expenses": -164,
        "The interests of minority shareholders": 131,
        "Total Cost of profits": 1535,
        "Profit after tax corporate income": 5928,
        "Volume": 12870000,
        "Close of Quarter": 5.8,
        "EPS": 1380.5,
        "Non-adjusted EPS": 2007,
        "PE": 2.9,
        "Book Price": 8.5
      }
    },
    {
      "quarter": "Q2 2013",
      "income status": {
        "Net sales": 50027,
        "Cost of goods sold": 38060,
        "Gross Profit": 11967,
        "Financial expenses": 1915,
        "Of which: Interest expense": 1915,
        "Cost of sales": 101,
        "Enterprise cost management": 3280,
        "Total Operating Expenses": 5296,
        "Total revenue financing activities": 188,
        "Net profit from business activities": 6859,
        "Profit": 1731,
        "Profit before tax": 8591,
        "Present corporate income tax expenses": 1826,
        "Deferred income taxes expenses": 3,
        "The interests of minority shareholders": 90,
        "Total Cost of profits": 1919,
        "Profit after tax corporate income": 6671,
        "Volume": 12870000,
        "Close of Quarter": 6.0,
        "EPS": 1348.2,
        "Non-adjusted EPS": 1960,
        "PE": 3.1,
        "Book Price": 8.7
      }
    },
    {
      "quarter": "Q1 2013",
      "income status": {
        "Net sales": 42985,
        "Cost of goods sold": 30967,
        "Gross Profit": 12017,
        "Financial expenses": 1669,
        "Of which: Interest expense": 1669,
        "Cost of sales": "N/A",
        "Enterprise cost management": 3279,
        "Total Operating Expenses": 4948,
        "Total revenue financing activities": 201,
        "Net profit from business activities": 7271,
        "Profit": 70,
        "Profit before tax": 7340,
        "Present corporate income tax expenses": 1385,
        "Deferred income taxes expenses": -70,
        "The interests of minority shareholders": 199,
        "Total Cost of profits": 1514,
        "Profit after tax corporate income": 5826,
        "Volume": 12870000,
        "Close of Quarter": 5.9,
        "EPS": 1195.5,
        "Non-adjusted EPS": 1738,
        "PE": 3.4,
        "Book Price": 8.4
      }
    },
    {
      "quarter": "Q4 2012",
      "income status": {
        "Net sales": 54103,
        "Cost of goods sold": 40456,
        "Gross Profit": 13647,
        "Financial expenses": 1929,
        "Of which: Interest expense": 1929,
        "Cost of sales": "N/A",
        "Enterprise cost management": 3359,
        "Total Operating Expenses": 5288,
        "Total revenue financing activities": 135,
        "Net profit from business activities": 8494,
        "Profit": 157,
        "Profit before tax": 8650,
        "Present corporate income tax expenses": 1082,
        "Deferred income taxes expenses": -5,
        "The interests of minority shareholders": 164,
        "Total Cost of profits": 1241,
        "Profit after tax corporate income": 7410,
        "Volume": 12870000,
        "Close of Quarter": 6.1,
        "EPS": 1017.3,
        "Non-adjusted EPS": 1479,
        "PE": 4.1,
        "Book Price": 8.5
      }
    },
    {
      "quarter": "Q3 2012",
      "income status": {
        "Net sales": 36809,
        "Cost of goods sold": 26139,
        "Gross Profit": 10670,
        "Financial expenses": 1766,
        "Of which: Interest expense": 1766,
        "Cost of sales": "N/A",
        "Enterprise cost management": 3189,
        "Total Operating Expenses": 4955,
        "Total revenue financing activities": 13,
        "Net profit from business activities": 5728,
        "Profit": "N/A",
        "Profit before tax": 5728,
        "Present corporate income tax expenses": 334,
        "Deferred income taxes expenses": -4,
        "The interests of minority shareholders": 86,
        "Total Cost of profits": 416,
        "Profit after tax corporate income": 5312,
        "Volume": 12870000,
        "Close of Quarter": 4.9,
        "EPS": 717.4,
        "Non-adjusted EPS": 1043,
        "PE": 4.7,
        "Book Price": 8.2
      }
    },
    {
      "quarter": "Q2 2012",
      "income status": {
        "Net sales": 32870,
        "Cost of goods sold": 21905,
        "Gross Profit": 10965,
        "Financial expenses": 2996,
        "Of which: Interest expense": 2996,
        "Cost of sales": "N/A",
        "Enterprise cost management": 3351,
        "Total Operating Expenses": 6347,
        "Total revenue financing activities": 120,
        "Net profit from business activities": 4738,
        "Profit": -6,
        "Profit before tax": 4732,
        "Present corporate income tax expenses": 974,
        "Deferred income taxes expenses": -74,
        "The interests of minority shareholders": 13,
        "Total Cost of profits": 913,
        "Profit after tax corporate income": 3818,
        "Volume": 12870000,
        "Close of Quarter": 5.0,
        "EPS": 621.1,
        "Non-adjusted EPS": 903,
        "PE": 5.6,
        "Book Price": 7.9
      }
    },
    {
      "quarter": "Q1 2012",
      "income status": {
        "Net sales": 28548,
        "Cost of goods sold": 18857,
        "Gross Profit": 9692,
        "Financial expenses": 2321,
        "Of which: Interest expense": 2319,
        "Cost of sales": "N/A",
        "Enterprise cost management": 3921,
        "Total Operating Expenses": 6242,
        "Total revenue financing activities": 20,
        "Net profit from business activities": 3469,
        "Profit": -38,
        "Profit before tax": 3431,
        "Present corporate income tax expenses": 803,
        "Deferred income taxes expenses": "N/A",
        "The interests of minority shareholders": 132,
        "Total Cost of profits": 935,
        "Profit after tax corporate income": 2496,
        "Volume": 12870000,
        "Close of Quarter": 4.8,
        "EPS": 619.1,
        "Non-adjusted EPS": 900,
        "PE": 5.4,
        "Book Price": 8.4
      }
    },
    {
      "quarter": "Q4 2011",
      "income status": {
        "Net sales": 32314,
        "Cost of goods sold": 24740,
        "Gross Profit": 7574,
        "Financial expenses": 2862,
        "Of which: Interest expense": 2862,
        "Cost of sales": "N/A",
        "Enterprise cost management": 3589,
        "Total Operating Expenses": 6451,
        "Total revenue financing activities": 66,
        "Net profit from business activities": 1190,
        "Profit": 248,
        "Profit before tax": 1438,
        "Present corporate income tax expenses": 180,
        "Deferred income taxes expenses": -587,
        "The interests of minority shareholders": 54,
        "Total Cost of profits": -353,
        "Profit after tax corporate income": 1791,
        "Volume": 12870000,
        "Close of Quarter": 4.8,
        "EPS": 653.4,
        "Non-adjusted EPS": 950,
        "PE": 5.1,
        "Book Price": 8.1
      }
    },
    {
      "quarter": "Q3 2011",
      "income status": {
        "Net sales": 34181,
        "Cost of goods sold": 22920,
        "Gross Profit": 11262,
        "Financial expenses": 2574,
        "Of which: Interest expense": 2574,
        "Cost of sales": "N/A",
        "Enterprise cost management": 4258,
        "Total Operating Expenses": 6832,
        "Total revenue financing activities": 72,
        "Net profit from business activities": 4502,
        "Profit": -156,
        "Profit before tax": 4346,
        "Present corporate income tax expenses": 789,
        "Deferred income taxes expenses": "N/A",
        "The interests of minority shareholders": 41,
        "Total Cost of profits": 830,
        "Profit after tax corporate income": 3516,
        "Volume": 12870000,
        "Close of Quarter": 3.6,
        "EPS": 663.1,
        "Non-adjusted EPS": 964,
        "PE": 3.7,
        "Book Price": 8.1
      }
    },
    {
      "quarter": "Q2 2011",
      "income status": {
        "Net sales": 36843,
        "Cost of goods sold": 23090,
        "Gross Profit": 13753,
        "Financial expenses": 3689,
        "Of which: Interest expense": "N/A",
        "Cost of sales": "N/A",
        "Enterprise cost management": 5443,
        "Total Operating Expenses": 9132,
        "Total revenue financing activities": 110,
        "Net profit from business activities": 4731,
        "Profit": 4,
        "Profit before tax": 4734,
        "Present corporate income tax expenses": 1213,
        "Deferred income taxes expenses": -282,
        "The interests of minority shareholders": 21,
        "Total Cost of profits": 952,
        "Profit after tax corporate income": 3782,
        "Volume": 12870000,
        "Close of Quarter": 4.5,
        "EPS": 718.1,
        "Non-adjusted EPS": 1044,
        "PE": 4.4,
        "Book Price": 7.9
      }
    },
    {
      "quarter": "Q1 2011",
      "income status": {
        "Net sales": 30196,
        "Cost of goods sold": 17966,
        "Gross Profit": 12230,
        "Financial expenses": 2716,
        "Of which: Interest expense": "N/A",
        "Cost of sales": "N/A",
        "Enterprise cost management": 5634,
        "Total Operating Expenses": 8350,
        "Total revenue financing activities": 342,
        "Net profit from business activities": 4221,
        "Profit": 20,
        "Profit before tax": 4241,
        "Present corporate income tax expenses": 976,
        "Deferred income taxes expenses": "N/A",
        "The interests of minority shareholders": 132,
        "Total Cost of profits": 1108,
        "Profit after tax corporate income": 3133,
        "Volume": 12870000,
        "Close of Quarter": 4.4,
        "EPS": 721.5,
        "Non-adjusted EPS": 1049,
        "PE": 4.2,
        "Book Price": 8.3
      }
    }
  ]
}