{
  "ticker": "HHC",
  "data": [
    {
      "quarter": "Q4 2016",
      "income status": {
        "Net sales": 281582,
        "Cost of goods sold": 229909,
        "Gross Profit": 51673,
        "Financial expenses": 32,
        "Of which: Interest expense": 4,
        "Cost of sales": 19370,
        "Enterprise cost management": 11859,
        "Total Operating Expenses": 31261,
        "Total revenue financing activities": 4481,
        "Net profit from business activities": 24893,
        "Profit": -51,
        "Profit before tax": 24842,
        "Present corporate income tax expenses": 4790,
        "Deferred income taxes expenses": 121,
        "The interests of minority shareholders": "N/A",
        "Total Cost of profits": 4911,
        "Profit after tax corporate income": 19930,
        "Volume": 16425000,
        "Close of Quarter": 32.0,
        "EPS": 2046,
        "Non-adjusted EPS": 2046,
        "PE": 15.7,
        "Book Price": 19.9
      }
    },
    {
      "quarter": "Q3 2016",
      "income status": {
        "Net sales": 207578,
        "Cost of goods sold": 162889,
        "Gross Profit": 44689,
        "Financial expenses": 21,
        "Of which: Interest expense": 4,
        "Cost of sales": 22143,
        "Enterprise cost management": 16786,
        "Total Operating Expenses": 38950,
        "Total revenue financing activities": 451,
        "Net profit from business activities": 6190,
        "Profit": -116,
        "Profit before tax": 6074,
        "Present corporate income tax expenses": 1170,
        "Deferred income taxes expenses": 121,
        "The interests of minority shareholders": "N/A",
        "Total Cost of profits": 1291,
        "Profit after tax corporate income": 4783,
        "Volume": 16425000,
        "Close of Quarter": 22.4,
        "EPS": 1668,
        "Non-adjusted EPS": 1668,
        "PE": 13.4,
        "Book Price": 20
      }
    },
    {
      "quarter": "Q2 2016",
      "income status": {
        "Net sales": 145171,
        "Cost of goods sold": 119513,
        "Gross Profit": 25658,
        "Financial expenses": 25,
        "Of which: Interest expense": 3,
        "Cost of sales": 11543,
        "Enterprise cost management": 12389,
        "Total Operating Expenses": 23957,
        "Total revenue financing activities": 886,
        "Net profit from business activities": 2587,
        "Profit": -17,
        "Profit before tax": 2570,
        "Present corporate income tax expenses": 514,
        "Deferred income taxes expenses": "N/A",
        "The interests of minority shareholders": "N/A",
        "Total Cost of profits": 514,
        "Profit after tax corporate income": 2056,
        "Volume": 8212500,
        "Close of Quarter": 19.1,
        "EPS": 1654,
        "Non-adjusted EPS": 3308,
        "PE": 5.8,
        "Book Price": 19.1
      }
    },
    {
      "quarter": "Q1 2016",
      "income status": {
        "Net sales": 208943,
        "Cost of goods sold": 172870,
        "Gross Profit": 36073,
        "Financial expenses": 249,
        "Of which: Interest expense": 4,
        "Cost of sales": 14523,
        "Enterprise cost management": 13197,
        "Total Operating Expenses": 27969,
        "Total revenue financing activities": 436,
        "Net profit from business activities": 8540,
        "Profit": "N/A",
        "Profit before tax": 8540,
        "Present corporate income tax expenses": 1708,
        "Deferred income taxes expenses": "N/A",
        "The interests of minority shareholders": "N/A",
        "Total Cost of profits": 1708,
        "Profit after tax corporate income": 6832,
        "Volume": 8212500,
        "Close of Quarter": 19.5,
        "EPS": 1640,
        "Non-adjusted EPS": 3280,
        "PE": 5.9,
        "Book Price": 13.9
      }
    },
    {
      "quarter": "Q4 2015",
      "income status": {
        "Net sales": 284680,
        "Cost of goods sold": 232913,
        "Gross Profit": 51767,
        "Financial expenses": 77,
        "Of which: Interest expense": 4,
        "Cost of sales": 19469,
        "Enterprise cost management": 14475,
        "Total Operating Expenses": 34021,
        "Total revenue financing activities": 1760,
        "Net profit from business activities": 19505,
        "Profit": -1687,
        "Profit before tax": 17818,
        "Present corporate income tax expenses": 3788,
        "Deferred income taxes expenses": 300,
        "The interests of minority shareholders": "N/A",
        "Total Cost of profits": 4088,
        "Profit after tax corporate income": 13730,
        "Volume": 8212500,
        "Close of Quarter": 20.7,
        "EPS": 1610,
        "Non-adjusted EPS": 3220,
        "PE": 6.4,
        "Book Price": 13.5
      }
    },
    {
      "quarter": "Q3 2015",
      "income status": {
        "Net sales": 184922,
        "Cost of goods sold": 143066,
        "Gross Profit": 41856,
        "Financial expenses": 17,
        "Of which: Interest expense": 4,
        "Cost of sales": 20764,
        "Enterprise cost management": 16835,
        "Total Operating Expenses": 37616,
        "Total revenue financing activities": 857,
        "Net profit from business activities": 5098,
        "Profit": 667,
        "Profit before tax": 5765,
        "Present corporate income tax expenses": 915,
        "Deferred income taxes expenses": 300,
        "The interests of minority shareholders": "N/A",
        "Total Cost of profits": 1215,
        "Profit after tax corporate income": 4550,
        "Volume": 8212500,
        "Close of Quarter": 20.1,
        "EPS": 1614.5,
        "Non-adjusted EPS": 3229,
        "PE": 6.2,
        "Book Price": 13.5
      }
    },
    {
      "quarter": "Q2 2015",
      "income status": {
        "Net sales": 122993,
        "Cost of goods sold": 104253,
        "Gross Profit": 18741,
        "Financial expenses": 21,
        "Of which: Interest expense": 4,
        "Cost of sales": 7912,
        "Enterprise cost management": 9701,
        "Total Operating Expenses": 17634,
        "Total revenue financing activities": 973,
        "Net profit from business activities": 2081,
        "Profit": 372,
        "Profit before tax": 2452,
        "Present corporate income tax expenses": 23,
        "Deferred income taxes expenses": 600,
        "The interests of minority shareholders": "N/A",
        "Total Cost of profits": 623,
        "Profit after tax corporate income": 1829,
        "Volume": 8212500,
        "Close of Quarter": 20.0,
        "EPS": 1611.5,
        "Non-adjusted EPS": 3223,
        "PE": 6.2,
        "Book Price": 13.3
      }
    },
    {
      "quarter": "Q1 2015",
      "income status": {
        "Net sales": 189177,
        "Cost of goods sold": 161269,
        "Gross Profit": 27909,
        "Financial expenses": 51,
        "Of which: Interest expense": 4,
        "Cost of sales": 11016,
        "Enterprise cost management": 9529,
        "Total Operating Expenses": 20596,
        "Total revenue financing activities": 349,
        "Net profit from business activities": 7663,
        "Profit": 465,
        "Profit before tax": 8127,
        "Present corporate income tax expenses": 1788,
        "Deferred income taxes expenses": "N/A",
        "The interests of minority shareholders": "N/A",
        "Total Cost of profits": 1788,
        "Profit after tax corporate income": 6339,
        "Volume": 8212500,
        "Close of Quarter": 20.4,
        "EPS": 1614.5,
        "Non-adjusted EPS": 3229,
        "PE": 6.3,
        "Book Price": 13.1
      }
    },
    {
      "quarter": "Q4 2014",
      "income status": {
        "Net sales": 245902,
        "Cost of goods sold": 207277,
        "Gross Profit": 38625,
        "Financial expenses": 20,
        "Of which: Interest expense": 4,
        "Cost of sales": 19158,
        "Enterprise cost management": 4636,
        "Total Operating Expenses": 23814,
        "Total revenue financing activities": 2144,
        "Net profit from business activities": 16954,
        "Profit": 767,
        "Profit before tax": 17721,
        "Present corporate income tax expenses": 3923,
        "Deferred income taxes expenses": "N/A",
        "The interests of minority shareholders": "N/A",
        "Total Cost of profits": 3923,
        "Profit after tax corporate income": 13798,
        "Volume": 8212500,
        "Close of Quarter": 21.7,
        "EPS": 1614.5,
        "Non-adjusted EPS": 3229,
        "PE": 6.7,
        "Book Price": 12.8
      }
    },
    {
      "quarter": "Q3 2014",
      "income status": {
        "Net sales": 186413,
        "Cost of goods sold": 154704,
        "Gross Profit": 31709,
        "Financial expenses": 73,
        "Of which: Interest expense": 4,
        "Cost of sales": 13868,
        "Enterprise cost management": 12672,
        "Total Operating Expenses": 26613,
        "Total revenue financing activities": 562,
        "Net profit from business activities": 5659,
        "Profit": 110,
        "Profit before tax": 5769,
        "Present corporate income tax expenses": 1269,
        "Deferred income taxes expenses": "N/A",
        "The interests of minority shareholders": "N/A",
        "Total Cost of profits": 1269,
        "Profit after tax corporate income": 4500,
        "Volume": 8212500,
        "Close of Quarter": 17.6,
        "EPS": 1510,
        "Non-adjusted EPS": 3020,
        "PE": 5.8,
        "Book Price": 12.8
      }
    },
    {
      "quarter": "Q2 2014",
      "income status": {
        "Net sales": 140087,
        "Cost of goods sold": 118458,
        "Gross Profit": 21629,
        "Financial expenses": 23,
        "Of which: Interest expense": 4,
        "Cost of sales": 10594,
        "Enterprise cost management": 11119,
        "Total Operating Expenses": 21736,
        "Total revenue financing activities": 1892,
        "Net profit from business activities": 1785,
        "Profit": 628,
        "Profit before tax": 2413,
        "Present corporate income tax expenses": 531,
        "Deferred income taxes expenses": "N/A",
        "The interests of minority shareholders": "N/A",
        "Total Cost of profits": 531,
        "Profit after tax corporate income": 1882,
        "Volume": 8212500,
        "Close of Quarter": 19.3,
        "EPS": 1495,
        "Non-adjusted EPS": 2990,
        "PE": 6.5,
        "Book Price": 12.5
      }
    },
    {
      "quarter": "Q1 2014",
      "income status": {
        "Net sales": 202845,
        "Cost of goods sold": 161300,
        "Gross Profit": 41544,
        "Financial expenses": 24,
        "Of which: Interest expense": 4,
        "Cost of sales": 14163,
        "Enterprise cost management": 20484,
        "Total Operating Expenses": 34671,
        "Total revenue financing activities": 502,
        "Net profit from business activities": 7376,
        "Profit": 745,
        "Profit before tax": 8121,
        "Present corporate income tax expenses": 1786,
        "Deferred income taxes expenses": "N/A",
        "The interests of minority shareholders": "N/A",
        "Total Cost of profits": 1786,
        "Profit after tax corporate income": 6335,
        "Volume": 8212500,
        "Close of Quarter": 18.2,
        "EPS": 1487.5,
        "Non-adjusted EPS": 2975,
        "PE": 6.1,
        "Book Price": 12.3
      }
    },
    {
      "quarter": "Q4 2013",
      "income status": {
        "Net sales": 230517,
        "Cost of goods sold": 195409,
        "Gross Profit": 35108,
        "Financial expenses": 269,
        "Of which: Interest expense": -4,
        "Cost of sales": 14669,
        "Enterprise cost management": 5277,
        "Total Operating Expenses": 20215,
        "Total revenue financing activities": 776,
        "Net profit from business activities": 15669,
        "Profit": 449,
        "Profit before tax": 16117,
        "Present corporate income tax expenses": 4336,
        "Deferred income taxes expenses": -300,
        "The interests of minority shareholders": "N/A",
        "Total Cost of profits": 4036,
        "Profit after tax corporate income": 12081,
        "Volume": 8212500,
        "Close of Quarter": 12.2,
        "EPS": 1448.5,
        "Non-adjusted EPS": 2897,
        "PE": 4.2,
        "Book Price": 11.9
      }
    },
    {
      "quarter": "Q3 2013",
      "income status": {
        "Net sales": 182871,
        "Cost of goods sold": 148137,
        "Gross Profit": 34734,
        "Financial expenses": 5,
        "Of which: Interest expense": 4,
        "Cost of sales": 21267,
        "Enterprise cost management": 8962,
        "Total Operating Expenses": 30234,
        "Total revenue financing activities": 548,
        "Net profit from business activities": 5047,
        "Profit": 629,
        "Profit before tax": 5677,
        "Present corporate income tax expenses": 1419,
        "Deferred income taxes expenses": "N/A",
        "The interests of minority shareholders": "N/A",
        "Total Cost of profits": 1419,
        "Profit after tax corporate income": 4258,
        "Volume": 8212500,
        "Close of Quarter": 9.4,
        "EPS": 1376.5,
        "Non-adjusted EPS": 2753,
        "PE": 3.4,
        "Book Price": 12.0
      }
    },
    {
      "quarter": "Q2 2013",
      "income status": {
        "Net sales": 120907,
        "Cost of goods sold": 99388,
        "Gross Profit": 21518,
        "Financial expenses": 15,
        "Of which: Interest expense": 15,
        "Cost of sales": 10518,
        "Enterprise cost management": 10140,
        "Total Operating Expenses": 20673,
        "Total revenue financing activities": 1089,
        "Net profit from business activities": 1934,
        "Profit": 410,
        "Profit before tax": 2344,
        "Present corporate income tax expenses": 1,
        "Deferred income taxes expenses": 585,
        "The interests of minority shareholders": "N/A",
        "Total Cost of profits": 586,
        "Profit after tax corporate income": 1758,
        "Volume": 8212500,
        "Close of Quarter": 9.9,
        "EPS": 1347.5,
        "Non-adjusted EPS": 2695,
        "PE": 3.7,
        "Book Price": 11.7
      }
    },
    {
      "quarter": "Q1 2013",
      "income status": {
        "Net sales": 203281,
        "Cost of goods sold": 159708,
        "Gross Profit": 43573,
        "Financial expenses": 4,
        "Of which: Interest expense": 4,
        "Cost of sales": 18071,
        "Enterprise cost management": 19628,
        "Total Operating Expenses": 37703,
        "Total revenue financing activities": 1317,
        "Net profit from business activities": 7186,
        "Profit": 407,
        "Profit before tax": 7593,
        "Present corporate income tax expenses": 1898,
        "Deferred income taxes expenses": "N/A",
        "The interests of minority shareholders": "N/A",
        "Total Cost of profits": 1898,
        "Profit after tax corporate income": 5695,
        "Volume": 8212500,
        "Close of Quarter": 8.6,
        "EPS": 1343.5,
        "Non-adjusted EPS": 2687,
        "PE": 3.2,
        "Book Price": 11.6
      }
    },
    {
      "quarter": "Q4 2012",
      "income status": {
        "Net sales": 220599,
        "Cost of goods sold": 184668,
        "Gross Profit": 35932,
        "Financial expenses": 6,
        "Of which: Interest expense": 6,
        "Cost of sales": 14954,
        "Enterprise cost management": 11673,
        "Total Operating Expenses": 26633,
        "Total revenue financing activities": 1203,
        "Net profit from business activities": 10502,
        "Profit": 4025,
        "Profit before tax": 14527,
        "Present corporate income tax expenses": 4138,
        "Deferred income taxes expenses": -506,
        "The interests of minority shareholders": "N/A",
        "Total Cost of profits": 3632,
        "Profit after tax corporate income": 10896,
        "Volume": 8212500,
        "Close of Quarter": 8.5,
        "EPS": 1323.5,
        "Non-adjusted EPS": 2647,
        "PE": 3.2,
        "Book Price": 11.3
      }
    },
    {
      "quarter": "Q3 2012",
      "income status": {
        "Net sales": 158937,
        "Cost of goods sold": 130854,
        "Gross Profit": 28083,
        "Financial expenses": 67,
        "Of which: Interest expense": 5,
        "Cost of sales": 14137,
        "Enterprise cost management": 10339,
        "Total Operating Expenses": 24543,
        "Total revenue financing activities": 1005,
        "Net profit from business activities": 4545,
        "Profit": 503,
        "Profit before tax": 5048,
        "Present corporate income tax expenses": 1262,
        "Deferred income taxes expenses": "N/A",
        "The interests of minority shareholders": "N/A",
        "Total Cost of profits": 1262,
        "Profit after tax corporate income": 3786,
        "Volume": 8212500,
        "Close of Quarter": 7.0,
        "EPS": 1263.5,
        "Non-adjusted EPS": 2527,
        "PE": 2.8,
        "Book Price": 11.4
      }
    },
    {
      "quarter": "Q2 2012",
      "income status": {
        "Net sales": 118669,
        "Cost of goods sold": 102306,
        "Gross Profit": 16363,
        "Financial expenses": 4,
        "Of which: Interest expense": 4,
        "Cost of sales": 9280,
        "Enterprise cost management": 6380,
        "Total Operating Expenses": 15664,
        "Total revenue financing activities": 1230,
        "Net profit from business activities": 1929,
        "Profit": 320,
        "Profit before tax": 2248,
        "Present corporate income tax expenses": 84,
        "Deferred income taxes expenses": 478,
        "The interests of minority shareholders": "N/A",
        "Total Cost of profits": 562,
        "Profit after tax corporate income": 1686,
        "Volume": 8212500,
        "Close of Quarter": 7.2,
        "EPS": 1240,
        "Non-adjusted EPS": 2480,
        "PE": 2.9,
        "Book Price": 11.2
      }
    },
    {
      "quarter": "Q1 2012",
      "income status": {
        "Net sales": 178593,
        "Cost of goods sold": 155734,
        "Gross Profit": 22859,
        "Financial expenses": 4,
        "Of which: Interest expense": 4,
        "Cost of sales": 7698,
        "Enterprise cost management": 9510,
        "Total Operating Expenses": 17212,
        "Total revenue financing activities": 999,
        "Net profit from business activities": 6647,
        "Profit": 510,
        "Profit before tax": 7157,
        "Present corporate income tax expenses": 1789,
        "Deferred income taxes expenses": "N/A",
        "The interests of minority shareholders": "N/A",
        "Total Cost of profits": 1789,
        "Profit after tax corporate income": 5368,
        "Volume": 8212500,
        "Close of Quarter": 11.9,
        "EPS": 1235.5,
        "Non-adjusted EPS": 2471,
        "PE": 4.8,
        "Book Price": 11.2
      }
    },
    {
      "quarter": "Q4 2011",
      "income status": {
        "Net sales": 199812,
        "Cost of goods sold": 169646,
        "Gross Profit": 30166,
        "Financial expenses": 6,
        "Of which: Interest expense": 6,
        "Cost of sales": 12395,
        "Enterprise cost management": 6254,
        "Total Operating Expenses": 18655,
        "Total revenue financing activities": 312,
        "Net profit from business activities": 11823,
        "Profit": 1398,
        "Profit before tax": 27001,
        "Present corporate income tax expenses": 3590,
        "Deferred income taxes expenses": -284,
        "The interests of minority shareholders": "N/A",
        "Total Cost of profits": 3306,
        "Profit after tax corporate income": 9916,
        "Volume": 8212500,
        "Close of Quarter": 7.2,
        "EPS": 1233,
        "Non-adjusted EPS": 2466,
        "PE": 2.9,
        "Book Price": 10.9
      }
    },
    {
      "quarter": "Q3 2011",
      "income status": {
        "Net sales": 146552,
        "Cost of goods sold": 125133,
        "Gross Profit": 21419,
        "Financial expenses": -1,
        "Of which: Interest expense": -1,
        "Cost of sales": 8256,
        "Enterprise cost management": 10033,
        "Total Operating Expenses": 18288,
        "Total revenue financing activities": 752,
        "Net profit from business activities": 3883,
        "Profit": 652,
        "Profit before tax": 4535,
        "Present corporate income tax expenses": 1193,
        "Deferred income taxes expenses": -59,
        "The interests of minority shareholders": "N/A",
        "Total Cost of profits": 1134,
        "Profit after tax corporate income": 3401,
        "Volume": 5475000,
        "Close of Quarter": 7.6,
        "EPS": 1181,
        "Non-adjusted EPS": 3543,
        "PE": 2.1,
        "Book Price": 11.0
      }
    },
    {
      "quarter": "Q2 2011",
      "income status": {
        "Net sales": 112366,
        "Cost of goods sold": 94552,
        "Gross Profit": 17815,
        "Financial expenses": 9,
        "Of which: Interest expense": 9,
        "Cost of sales": 8389,
        "Enterprise cost management": 9035,
        "Total Operating Expenses": 17433,
        "Total revenue financing activities": 806,
        "Net profit from business activities": 1188,
        "Profit": 954,
        "Profit before tax": 2141,
        "Present corporate income tax expenses": 304,
        "Deferred income taxes expenses": 232,
        "The interests of minority shareholders": "N/A",
        "Total Cost of profits": 536,
        "Profit after tax corporate income": 1606,
        "Volume": 5475000,
        "Close of Quarter": 6.8,
        "EPS": 1172.3,
        "Non-adjusted EPS": 3517,
        "PE": 1.9,
        "Book Price": 10.8
      }
    },
    {
      "quarter": "Q1 2011",
      "income status": {
        "Net sales": 179577,
        "Cost of goods sold": 155017,
        "Gross Profit": 24560,
        "Financial expenses": 290,
        "Of which: Interest expense": 290,
        "Cost of sales": 8020,
        "Enterprise cost management": 9875,
        "Total Operating Expenses": 18185,
        "Total revenue financing activities": 357,
        "Net profit from business activities": 6732,
        "Profit": 371,
        "Profit before tax": 7104,
        "Present corporate income tax expenses": 1776,
        "Deferred income taxes expenses": "N/A",
        "The interests of minority shareholders": "N/A",
        "Total Cost of profits": 1776,
        "Profit after tax corporate income": 5328,
        "Volume": 5475000,
        "Close of Quarter": 8.3,
        "EPS": 1167.3,
        "Non-adjusted EPS": 3502,
        "PE": 2.4,
        "Book Price": 8.1
      }
    }
  ]
}