{
  "ticker": "PVE",
  "data": [
    {
      "quarter": "Q4 2016",
      "income status": {
        "Net sales": 425648,
        "Cost of goods sold": 354651,
        "Gross Profit": 70997,
        "Financial expenses": 10113,
        "Of which: Interest expense": 10107,
        "Cost of sales": "N/A",
        "Enterprise cost management": 25729,
        "Total Operating Expenses": 35842,
        "Total revenue financing activities": -5315,
        "Net profit from business activities": 29840,
        "Profit": 775,
        "Profit before tax": 30614,
        "Present corporate income tax expenses": 8263,
        "Deferred income taxes expenses": "N/A",
        "The interests of minority shareholders": 103,
        "Total Cost of profits": 8366,
        "Profit after tax corporate income": 22248,
        "Volume": 25000000,
        "Close of Quarter": 6.1,
        "EPS": 1182,
        "Non-adjusted EPS": 1182,
        "PE": 5.2,
        "Book Price": 13
      }
    },
    {
      "quarter": "Q3 2016",
      "income status": {
        "Net sales": 129030,
        "Cost of goods sold": 106268,
        "Gross Profit": 22762,
        "Financial expenses": 7946,
        "Of which: Interest expense": 7946,
        "Cost of sales": "N/A",
        "Enterprise cost management": 13185,
        "Total Operating Expenses": 21131,
        "Total revenue financing activities": 297,
        "Net profit from business activities": 1928,
        "Profit": 86,
        "Profit before tax": 2014,
        "Present corporate income tax expenses": 414,
        "Deferred income taxes expenses": "N/A",
        "The interests of minority shareholders": 72,
        "Total Cost of profits": 486,
        "Profit after tax corporate income": 1528,
        "Volume": 25000000,
        "Close of Quarter": 7.2,
        "EPS": 763,
        "Non-adjusted EPS": 763,
        "PE": 9.4,
        "Book Price": 12.3
      }
    },
    {
      "quarter": "Q2 2016",
      "income status": {
        "Net sales": 257966,
        "Cost of goods sold": 227296,
        "Gross Profit": 30670,
        "Financial expenses": 8155,
        "Of which: Interest expense": 8147,
        "Cost of sales": "N/A",
        "Enterprise cost management": 17913,
        "Total Operating Expenses": 26068,
        "Total revenue financing activities": 168,
        "Net profit from business activities": 4770,
        "Profit": -2041,
        "Profit before tax": 2729,
        "Present corporate income tax expenses": 1297,
        "Deferred income taxes expenses": "N/A",
        "The interests of minority shareholders": 418,
        "Total Cost of profits": 1715,
        "Profit after tax corporate income": 1014,
        "Volume": 25000000,
        "Close of Quarter": 7.2,
        "EPS": 1021,
        "Non-adjusted EPS": 1021,
        "PE": 7.0,
        "Book Price": 12.7
      }
    },
    {
      "quarter": "Q1 2016",
      "income status": {
        "Net sales": 239923,
        "Cost of goods sold": 214365,
        "Gross Profit": 25558,
        "Financial expenses": 6692,
        "Of which: Interest expense": 6691,
        "Cost of sales": "N/A",
        "Enterprise cost management": 12695,
        "Total Operating Expenses": 19387,
        "Total revenue financing activities": 135,
        "Net profit from business activities": 6306,
        "Profit": -19,
        "Profit before tax": 6287,
        "Present corporate income tax expenses": 1273,
        "Deferred income taxes expenses": "N/A",
        "The interests of minority shareholders": 262,
        "Total Cost of profits": 1535,
        "Profit after tax corporate income": 4751,
        "Volume": 25000000,
        "Close of Quarter": 6.2,
        "EPS": 1301,
        "Non-adjusted EPS": 1301,
        "PE": 4.8,
        "Book Price": 13.9
      }
    },
    {
      "quarter": "Q4 2015",
      "income status": {
        "Net sales": 176775,
        "Cost of goods sold": 133508,
        "Gross Profit": 43267,
        "Financial expenses": 8490,
        "Of which: Interest expense": 5615,
        "Cost of sales": "N/A",
        "Enterprise cost management": 20213,
        "Total Operating Expenses": 28703,
        "Total revenue financing activities": 185,
        "Net profit from business activities": 14749,
        "Profit": 761,
        "Profit before tax": 15509,
        "Present corporate income tax expenses": 3395,
        "Deferred income taxes expenses": "N/A",
        "The interests of minority shareholders": 335,
        "Total Cost of profits": 3730,
        "Profit after tax corporate income": 11780,
        "Volume": 25000000,
        "Close of Quarter": 6.2,
        "EPS": 1355,
        "Non-adjusted EPS": 1355,
        "PE": 4.5,
        "Book Price": 13.7
      }
    },
    {
      "quarter": "Q3 2015",
      "income status": {
        "Net sales": 224080,
        "Cost of goods sold": 195743,
        "Gross Profit": 28337,
        "Financial expenses": 4447,
        "Of which: Interest expense": 4426,
        "Cost of sales": "N/A",
        "Enterprise cost management": 13459,
        "Total Operating Expenses": 17906,
        "Total revenue financing activities": 237,
        "Net profit from business activities": 10669,
        "Profit": -39,
        "Profit before tax": 10630,
        "Present corporate income tax expenses": 2335,
        "Deferred income taxes expenses": "N/A",
        "The interests of minority shareholders": 327,
        "Total Cost of profits": 2662,
        "Profit after tax corporate income": 7968,
        "Volume": 25000000,
        "Close of Quarter": 7.2,
        "EPS": 1276,
        "Non-adjusted EPS": 1276,
        "PE": 5.7,
        "Book Price": 13.4
      }
    },
    {
      "quarter": "Q2 2015",
      "income status": {
        "Net sales": 185029,
        "Cost of goods sold": 153484,
        "Gross Profit": 31545,
        "Financial expenses": 4461,
        "Of which: Interest expense": 4461,
        "Cost of sales": "N/A",
        "Enterprise cost management": 16627,
        "Total Operating Expenses": 21088,
        "Total revenue financing activities": 245,
        "Net profit from business activities": 10701,
        "Profit": -103,
        "Profit before tax": 10598,
        "Present corporate income tax expenses": 2322,
        "Deferred income taxes expenses": "N/A",
        "The interests of minority shareholders": 257,
        "Total Cost of profits": 2579,
        "Profit after tax corporate income": 8019,
        "Volume": 25000000,
        "Close of Quarter": 8.4,
        "EPS": 1204,
        "Non-adjusted EPS": 1204,
        "PE": 7.0,
        "Book Price": 13
      }
    },
    {
      "quarter": "Q1 2015",
      "income status": {
        "Net sales": 225019,
        "Cost of goods sold": 200253,
        "Gross Profit": 24766,
        "Financial expenses": 3998,
        "Of which: Interest expense": 3998,
        "Cost of sales": "N/A",
        "Enterprise cost management": 13408,
        "Total Operating Expenses": 17406,
        "Total revenue financing activities": 536,
        "Net profit from business activities": 7896,
        "Profit": 16,
        "Profit before tax": 7912,
        "Present corporate income tax expenses": 1861,
        "Deferred income taxes expenses": "N/A",
        "The interests of minority shareholders": -68,
        "Total Cost of profits": 1793,
        "Profit after tax corporate income": 6119,
        "Volume": 25000000,
        "Close of Quarter": 7.3,
        "EPS": 1227,
        "Non-adjusted EPS": 1227,
        "PE": 6.0,
        "Book Price": 13.6
      }
    },
    {
      "quarter": "Q4 2014",
      "income status": {
        "Net sales": 272212,
        "Cost of goods sold": 234499,
        "Gross Profit": 37714,
        "Financial expenses": 6068,
        "Of which: Interest expense": 6067,
        "Cost of sales": "N/A",
        "Enterprise cost management": 18483,
        "Total Operating Expenses": 24551,
        "Total revenue financing activities": 298,
        "Net profit from business activities": 13461,
        "Profit": -71,
        "Profit before tax": 13389,
        "Present corporate income tax expenses": 2994,
        "Deferred income taxes expenses": "N/A",
        "The interests of minority shareholders": 612,
        "Total Cost of profits": 3606,
        "Profit after tax corporate income": 9783,
        "Volume": 25000000,
        "Close of Quarter": 8.9,
        "EPS": 1010,
        "Non-adjusted EPS": 1010,
        "PE": 8.8,
        "Book Price": 13.4
      }
    },
    {
      "quarter": "Q3 2014",
      "income status": {
        "Net sales": 180848,
        "Cost of goods sold": 152124,
        "Gross Profit": 28723,
        "Financial expenses": 4500,
        "Of which: Interest expense": 4500,
        "Cost of sales": "N/A",
        "Enterprise cost management": 16326,
        "Total Operating Expenses": 20826,
        "Total revenue financing activities": 196,
        "Net profit from business activities": 8094,
        "Profit": 62,
        "Profit before tax": 8156,
        "Present corporate income tax expenses": 1855,
        "Deferred income taxes expenses": "N/A",
        "The interests of minority shareholders": 122,
        "Total Cost of profits": 1977,
        "Profit after tax corporate income": 6178,
        "Volume": 25000000,
        "Close of Quarter": 11.6,
        "EPS": 869,
        "Non-adjusted EPS": 869,
        "PE": 13.4,
        "Book Price": 13
      }
    },
    {
      "quarter": "Q2 2014",
      "income status": {
        "Net sales": 158336,
        "Cost of goods sold": 123329,
        "Gross Profit": 35007,
        "Financial expenses": 5071,
        "Of which: Interest expense": 5071,
        "Cost of sales": "N/A",
        "Enterprise cost management": 18777,
        "Total Operating Expenses": 23848,
        "Total revenue financing activities": 160,
        "Net profit from business activities": 11319,
        "Profit": 69,
        "Profit before tax": 11387,
        "Present corporate income tax expenses": 2660,
        "Deferred income taxes expenses": "N/A",
        "The interests of minority shareholders": 123,
        "Total Cost of profits": 2783,
        "Profit after tax corporate income": 8605,
        "Volume": 25000000,
        "Close of Quarter": 5.3,
        "EPS": 794,
        "Non-adjusted EPS": 794,
        "PE": 6.6,
        "Book Price": 12.7
      }
    },
    {
      "quarter": "Q1 2014",
      "income status": {
        "Net sales": 100170,
        "Cost of goods sold": 85362,
        "Gross Profit": 14808,
        "Financial expenses": 4482,
        "Of which: Interest expense": 4482,
        "Cost of sales": "N/A",
        "Enterprise cost management": 9601,
        "Total Operating Expenses": 14083,
        "Total revenue financing activities": 153,
        "Net profit from business activities": 877,
        "Profit": 98,
        "Profit before tax": 975,
        "Present corporate income tax expenses": 291,
        "Deferred income taxes expenses": "N/A",
        "The interests of minority shareholders": -5,
        "Total Cost of profits": 286,
        "Profit after tax corporate income": 689,
        "Volume": 25000000,
        "Close of Quarter": 7.4,
        "EPS": 605,
        "Non-adjusted EPS": 605,
        "PE": 12.3,
        "Book Price": 12.5
      }
    },
    {
      "quarter": "Q4 2013",
      "income status": {
        "Net sales": 243007,
        "Cost of goods sold": 209127,
        "Gross Profit": 33879,
        "Financial expenses": 4070,
        "Of which: Interest expense": 4047,
        "Cost of sales": "N/A",
        "Enterprise cost management": 21201,
        "Total Operating Expenses": 25271,
        "Total revenue financing activities": 213,
        "Net profit from business activities": 8821,
        "Profit": 212,
        "Profit before tax": 9032,
        "Present corporate income tax expenses": 2260,
        "Deferred income taxes expenses": "N/A",
        "The interests of minority shareholders": 508,
        "Total Cost of profits": 2768,
        "Profit after tax corporate income": 6264,
        "Volume": 25000000,
        "Close of Quarter": 5.7,
        "EPS": 599,
        "Non-adjusted EPS": 599,
        "PE": 9.6,
        "Book Price": 11.8
      }
    },
    {
      "quarter": "Q3 2013",
      "income status": {
        "Net sales": 92733,
        "Cost of goods sold": 70003,
        "Gross Profit": 22730,
        "Financial expenses": 3166,
        "Of which: Interest expense": 3165,
        "Cost of sales": "N/A",
        "Enterprise cost management": 14649,
        "Total Operating Expenses": 17815,
        "Total revenue financing activities": 251,
        "Net profit from business activities": 5167,
        "Profit": 645,
        "Profit before tax": 5811,
        "Present corporate income tax expenses": 1489,
        "Deferred income taxes expenses": "N/A",
        "The interests of minority shareholders": 20,
        "Total Cost of profits": 1509,
        "Profit after tax corporate income": 4302,
        "Volume": 25000000,
        "Close of Quarter": 4.8,
        "EPS": 373,
        "Non-adjusted EPS": 373,
        "PE": 12.8,
        "Book Price": 11.6
      }
    },
    {
      "quarter": "Q2 2013",
      "income status": {
        "Net sales": 144361,
        "Cost of goods sold": 120422,
        "Gross Profit": 23939,
        "Financial expenses": 2859,
        "Of which: Interest expense": 2825,
        "Cost of sales": "N/A",
        "Enterprise cost management": 16924,
        "Total Operating Expenses": 19783,
        "Total revenue financing activities": 264,
        "Net profit from business activities": 4421,
        "Profit": 359,
        "Profit before tax": 4780,
        "Present corporate income tax expenses": 1079,
        "Deferred income taxes expenses": "N/A",
        "The interests of minority shareholders": -164,
        "Total Cost of profits": 915,
        "Profit after tax corporate income": 3864,
        "Volume": 25000000,
        "Close of Quarter": 4.8,
        "EPS": 233,
        "Non-adjusted EPS": 233,
        "PE": 20.6,
        "Book Price": 11.4
      }
    },
    {
      "quarter": "Q1 2013",
      "income status": {
        "Net sales": 80872,
        "Cost of goods sold": 68451,
        "Gross Profit": 12421,
        "Financial expenses": 1807,
        "Of which: Interest expense": 1803,
        "Cost of sales": "N/A",
        "Enterprise cost management": 11156,
        "Total Operating Expenses": 12963,
        "Total revenue financing activities": 415,
        "Net profit from business activities": -127,
        "Profit": 545,
        "Profit before tax": 418,
        "Present corporate income tax expenses": 85,
        "Deferred income taxes expenses": "N/A",
        "The interests of minority shareholders": -203,
        "Total Cost of profits": -118,
        "Profit after tax corporate income": 536,
        "Volume": 25000000,
        "Close of Quarter": 4.9,
        "EPS": 210,
        "Non-adjusted EPS": 210,
        "PE": 23.2,
        "Book Price": 11.9
      }
    },
    {
      "quarter": "Q4 2012",
      "income status": {
        "Net sales": 210677,
        "Cost of goods sold": 193916,
        "Gross Profit": 16762,
        "Financial expenses": 4441,
        "Of which: Interest expense": 4436,
        "Cost of sales": "N/A",
        "Enterprise cost management": 28429,
        "Total Operating Expenses": 32870,
        "Total revenue financing activities": 16346,
        "Net profit from business activities": 238,
        "Profit": 185,
        "Profit before tax": 423,
        "Present corporate income tax expenses": 56,
        "Deferred income taxes expenses": 578,
        "The interests of minority shareholders": -836,
        "Total Cost of profits": -202,
        "Profit after tax corporate income": 625,
        "Volume": 25000000,
        "Close of Quarter": 5.7,
        "EPS": 568,
        "Non-adjusted EPS": 568,
        "PE": 10.1,
        "Book Price": 11.9
      }
    },
    {
      "quarter": "Q3 2012",
      "income status": {
        "Net sales": 78619,
        "Cost of goods sold": 72122,
        "Gross Profit": 6497,
        "Financial expenses": 433,
        "Of which: Interest expense": 422,
        "Cost of sales": "N/A",
        "Enterprise cost management": 12454,
        "Total Operating Expenses": 12887,
        "Total revenue financing activities": 509,
        "Net profit from business activities": -5881,
        "Profit": 7257,
        "Profit before tax": 1375,
        "Present corporate income tax expenses": 304,
        "Deferred income taxes expenses": "N/A",
        "The interests of minority shareholders": 276,
        "Total Cost of profits": 580,
        "Profit after tax corporate income": 796,
        "Volume": 25000000,
        "Close of Quarter": 6.7,
        "EPS": 1233,
        "Non-adjusted EPS": 1233,
        "PE": 5.4,
        "Book Price": 11.8
      }
    },
    {
      "quarter": "Q2 2012",
      "income status": {
        "Net sales": 60573,
        "Cost of goods sold": 49287,
        "Gross Profit": 11285,
        "Financial expenses": 364,
        "Of which: Interest expense": 319,
        "Cost of sales": "N/A",
        "Enterprise cost management": 11712,
        "Total Operating Expenses": 12076,
        "Total revenue financing activities": 1524,
        "Net profit from business activities": 733,
        "Profit": 4099,
        "Profit before tax": 4832,
        "Present corporate income tax expenses": 1142,
        "Deferred income taxes expenses": "N/A",
        "The interests of minority shareholders": 391,
        "Total Cost of profits": 1533,
        "Profit after tax corporate income": 3299,
        "Volume": 25000000,
        "Close of Quarter": 7.6,
        "EPS": 1862,
        "Non-adjusted EPS": 1862,
        "PE": 4.1,
        "Book Price": 11.8
      }
    },
    {
      "quarter": "Q1 2012",
      "income status": {
        "Net sales": 124489,
        "Cost of goods sold": 100647,
        "Gross Profit": 23842,
        "Financial expenses": 372,
        "Of which: Interest expense": 366,
        "Cost of sales": "N/A",
        "Enterprise cost management": 11822,
        "Total Operating Expenses": 12194,
        "Total revenue financing activities": 756,
        "Net profit from business activities": 12404,
        "Profit": 176,
        "Profit before tax": 12580,
        "Present corporate income tax expenses": 3257,
        "Deferred income taxes expenses": "N/A",
        "The interests of minority shareholders": -152,
        "Total Cost of profits": 3105,
        "Profit after tax corporate income": 9474,
        "Volume": 18000000,
        "Close of Quarter": 7.6,
        "EPS": 2273.0,
        "Non-adjusted EPS": 3157,
        "PE": 2.4,
        "Book Price": 12.5
      }
    },
    {
      "quarter": "Q4 2011",
      "income status": {
        "Net sales": 221131,
        "Cost of goods sold": 178232,
        "Gross Profit": 42899,
        "Financial expenses": 81,
        "Of which: Interest expense": 78,
        "Cost of sales": "N/A",
        "Enterprise cost management": 25526,
        "Total Operating Expenses": 25607,
        "Total revenue financing activities": 2782,
        "Net profit from business activities": 20074,
        "Profit": 4420,
        "Profit before tax": 24495,
        "Present corporate income tax expenses": 6145,
        "Deferred income taxes expenses": "N/A",
        "The interests of minority shareholders": 1082,
        "Total Cost of profits": 7227,
        "Profit after tax corporate income": 17267,
        "Volume": 18000000,
        "Close of Quarter": 5.7,
        "EPS": 2288.2,
        "Non-adjusted EPS": 3178,
        "PE": 1.8,
        "Book Price": 10.0
      }
    },
    {
      "quarter": "Q3 2011",
      "income status": {
        "Net sales": 156208,
        "Cost of goods sold": 119620,
        "Gross Profit": 36588,
        "Financial expenses": 267,
        "Of which: Interest expense": 263,
        "Cost of sales": "N/A",
        "Enterprise cost management": 15608,
        "Total Operating Expenses": 15875,
        "Total revenue financing activities": 1400,
        "Net profit from business activities": 22114,
        "Profit": 1274,
        "Profit before tax": 55007,
        "Present corporate income tax expenses": 5851,
        "Deferred income taxes expenses": "N/A",
        "The interests of minority shareholders": 1019,
        "Total Cost of profits": 6870,
        "Profit after tax corporate income": 16518,
        "Volume": 18000000,
        "Close of Quarter": 7.1,
        "EPS": 1913.8,
        "Non-adjusted EPS": 2658,
        "PE": 2.7,
        "Book Price": 9.3
      }
    },
    {
      "quarter": "Q2 2011",
      "income status": {
        "Net sales": 209230,
        "Cost of goods sold": 180854,
        "Gross Profit": 28376,
        "Financial expenses": 156,
        "Of which: Interest expense": 143,
        "Cost of sales": "N/A",
        "Enterprise cost management": 15036,
        "Total Operating Expenses": 15192,
        "Total revenue financing activities": 3608,
        "Net profit from business activities": 16792,
        "Profit": 1692,
        "Profit before tax": 18484,
        "Present corporate income tax expenses": 4635,
        "Deferred income taxes expenses": "N/A",
        "The interests of minority shareholders": 282,
        "Total Cost of profits": 4917,
        "Profit after tax corporate income": 13567,
        "Volume": 18000000,
        "Close of Quarter": 5.8,
        "EPS": 1371.6,
        "Non-adjusted EPS": 1905,
        "PE": 3.0,
        "Book Price": 8.6
      }
    },
    {
      "quarter": "Q1 2011",
      "income status": {
        "Net sales": 102853,
        "Cost of goods sold": 84943,
        "Gross Profit": 17910,
        "Financial expenses": 3,
        "Of which: Interest expense": "N/A",
        "Cost of sales": "N/A",
        "Enterprise cost management": 8234,
        "Total Operating Expenses": 8237,
        "Total revenue financing activities": 1423,
        "Net profit from business activities": 11096,
        "Profit": 2039,
        "Profit before tax": 13135,
        "Present corporate income tax expenses": 3288,
        "Deferred income taxes expenses": "N/A",
        "The interests of minority shareholders": "N/A",
        "Total Cost of profits": 3288,
        "Profit after tax corporate income": 9848,
        "Volume": 8000000,
        "Close of Quarter": 6.8,
        "EPS": 1084.2,
        "Non-adjusted EPS": 3388,
        "PE": 2.0,
        "Book Price": 8.5
      }
    }
  ]
}