{
  "ticker": "TTF",
  "data": [
    {
      "quarter": "Q4 2016",
      "income status": {
        "Net sales": 263059,
        "Cost of goods sold": 289778,
        "Gross Profit": -26719,
        "Financial expenses": 64922,
        "Of which: Interest expense": 62360,
        "Cost of sales": 6973,
        "Enterprise cost management": 33571,
        "Total Operating Expenses": 105466,
        "Total revenue financing activities": 3268,
        "Net profit from business activities": -127435,
        "Profit": -17612,
        "Profit before tax": -145047,
        "Present corporate income tax expenses": -41,
        "Deferred income taxes expenses": "N/A",
        "The interests of minority shareholders": 753,
        "Total Cost of profits": 712,
        "Profit after tax corporate income": -145759,
        "Volume": 140093619,
        "Close of Quarter": 5.4,
        "EPS": -11573,
        "Non-adjusted EPS": -11573,
        "PE": -0.5,
        "Book Price": -1.4
      }
    },
    {
      "quarter": "Q3 2016",
      "income status": {
        "Net sales": 103193,
        "Cost of goods sold": 130154,
        "Gross Profit": -26961,
        "Financial expenses": 81127,
        "Of which: Interest expense": 75843,
        "Cost of sales": 6995,
        "Enterprise cost management": 281029,
        "Total Operating Expenses": 369151,
        "Total revenue financing activities": 1047,
        "Net profit from business activities": -395400,
        "Profit": -3321,
        "Profit before tax": -398721,
        "Present corporate income tax expenses": "N/A",
        "Deferred income taxes expenses": "N/A",
        "The interests of minority shareholders": -4530,
        "Total Cost of profits": -4530,
        "Profit after tax corporate income": -394191,
        "Volume": 140093619,
        "Close of Quarter": 8.0,
        "EPS": -10048,
        "Non-adjusted EPS": -10048,
        "PE": -0.8,
        "Book Price": -0.2
      }
    },
    {
      "quarter": "Q2 2016",
      "income status": {
        "Net sales": 221987,
        "Cost of goods sold": 1239846,
        "Gross Profit": -1017859,
        "Financial expenses": 76592,
        "Of which: Interest expense": 74468,
        "Cost of sales": 5998,
        "Enterprise cost management": 62586,
        "Total Operating Expenses": 145176,
        "Total revenue financing activities": 17887,
        "Net profit from business activities": -1145115,
        "Profit": -5582,
        "Profit before tax": -1150697,
        "Present corporate income tax expenses": -10409,
        "Deferred income taxes expenses": -11,
        "The interests of minority shareholders": -8001,
        "Total Cost of profits": -18421,
        "Profit after tax corporate income": -1132276,
        "Volume": 140093619,
        "Close of Quarter": 37.8,
        "EPS": -6606,
        "Non-adjusted EPS": -6606,
        "PE": -5.7,
        "Book Price": 2.6
      }
    },
    {
      "quarter": "Q1 2016",
      "income status": {
        "Net sales": 661300,
        "Cost of goods sold": 523189,
        "Gross Profit": 138111,
        "Financial expenses": 59654,
        "Of which: Interest expense": 55149,
        "Cost of sales": 6401,
        "Enterprise cost management": 28714,
        "Total Operating Expenses": 94769,
        "Total revenue financing activities": 7586,
        "Net profit from business activities": 50522,
        "Profit": 14880,
        "Profit before tax": 65402,
        "Present corporate income tax expenses": 10592,
        "Deferred income taxes expenses": 11,
        "The interests of minority shareholders": 3835,
        "Total Cost of profits": 14438,
        "Profit after tax corporate income": 50964,
        "Volume": 140093619,
        "Close of Quarter": 24.8,
        "EPS": 2204,
        "Non-adjusted EPS": 2204,
        "PE": 11.3,
        "Book Price": 13.7
      }
    },
    {
      "quarter": "Q4 2015",
      "income status": {
        "Net sales": 801797,
        "Cost of goods sold": 666382,
        "Gross Profit": 135415,
        "Financial expenses": 30822,
        "Of which: Interest expense": 47410,
        "Cost of sales": 6497,
        "Enterprise cost management": 27707,
        "Total Operating Expenses": 65026,
        "Total revenue financing activities": 8989,
        "Net profit from business activities": 78470,
        "Profit": -381,
        "Profit before tax": 78089,
        "Present corporate income tax expenses": 7108,
        "Deferred income taxes expenses": 13,
        "The interests of minority shareholders": 3091,
        "Total Cost of profits": 10212,
        "Profit after tax corporate income": 67878,
        "Volume": 140093619,
        "Close of Quarter": 29,
        "EPS": 2039,
        "Non-adjusted EPS": 2039,
        "PE": 14.2,
        "Book Price": 13.9
      }
    },
    {
      "quarter": "Q3 2015",
      "income status": {
        "Net sales": 410547,
        "Cost of goods sold": 279880,
        "Gross Profit": 130667,
        "Financial expenses": 2461,
        "Of which: Interest expense": 47496,
        "Cost of sales": 4445,
        "Enterprise cost management": 25156,
        "Total Operating Expenses": 32062,
        "Total revenue financing activities": 11876,
        "Net profit from business activities": 110292,
        "Profit": 7038,
        "Profit before tax": 117330,
        "Present corporate income tax expenses": 16169,
        "Deferred income taxes expenses": 13,
        "The interests of minority shareholders": 13165,
        "Total Cost of profits": 29347,
        "Profit after tax corporate income": 87983,
        "Volume": 140093619,
        "Close of Quarter": 17.5,
        "EPS": 2012,
        "Non-adjusted EPS": 2012,
        "PE": 8.7,
        "Book Price": 13.4
      }
    },
    {
      "quarter": "Q2 2015",
      "income status": {
        "Net sales": 619442,
        "Cost of goods sold": 544786,
        "Gross Profit": 74656,
        "Financial expenses": -17801,
        "Of which: Interest expense": 42894,
        "Cost of sales": 7040,
        "Enterprise cost management": 29791,
        "Total Operating Expenses": 19030,
        "Total revenue financing activities": 3014,
        "Net profit from business activities": 58644,
        "Profit": 75804,
        "Profit before tax": 134449,
        "Present corporate income tax expenses": 24961,
        "Deferred income taxes expenses": 2676,
        "The interests of minority shareholders": 4802,
        "Total Cost of profits": 32439,
        "Profit after tax corporate income": 102010,
        "Volume": 100066779,
        "Close of Quarter": 11.3,
        "EPS": 1613.6,
        "Non-adjusted EPS": 2259,
        "PE": 5,
        "Book Price": 9.9
      }
    },
    {
      "quarter": "Q1 2015",
      "income status": {
        "Net sales": 728294,
        "Cost of goods sold": 630419,
        "Gross Profit": 97876,
        "Financial expenses": 40579,
        "Of which: Interest expense": 39426,
        "Cost of sales": 4941,
        "Enterprise cost management": 21178,
        "Total Operating Expenses": 66698,
        "Total revenue financing activities": 7196,
        "Net profit from business activities": 37692,
        "Profit": -2295,
        "Profit before tax": 35397,
        "Present corporate income tax expenses": 9328,
        "Deferred income taxes expenses": 3,
        "The interests of minority shareholders": -1780,
        "Total Cost of profits": 7551,
        "Profit after tax corporate income": 27845,
        "Volume": 100066779,
        "Close of Quarter": 10.9,
        "EPS": 983.6,
        "Non-adjusted EPS": 1377,
        "PE": 7.9,
        "Book Price": 9.1
      }
    },
    {
      "quarter": "Q4 2014",
      "income status": {
        "Net sales": 723339,
        "Cost of goods sold": 558923,
        "Gross Profit": 164416,
        "Financial expenses": 54916,
        "Of which: Interest expense": 47062,
        "Cost of sales": 7551,
        "Enterprise cost management": 26442,
        "Total Operating Expenses": 88909,
        "Total revenue financing activities": 3771,
        "Net profit from business activities": 78518,
        "Profit": -2292,
        "Profit before tax": 76226,
        "Present corporate income tax expenses": 15590,
        "Deferred income taxes expenses": 82,
        "The interests of minority shareholders": -3539,
        "Total Cost of profits": 12133,
        "Profit after tax corporate income": 64093,
        "Volume": 100066779,
        "Close of Quarter": 10.4,
        "EPS": 805.7,
        "Non-adjusted EPS": 1128,
        "PE": 9.2,
        "Book Price": 9.3
      }
    },
    {
      "quarter": "Q3 2014",
      "income status": {
        "Net sales": 310568,
        "Cost of goods sold": 234022,
        "Gross Profit": 76546,
        "Financial expenses": 23139,
        "Of which: Interest expense": 20324,
        "Cost of sales": 4374,
        "Enterprise cost management": 20974,
        "Total Operating Expenses": 48487,
        "Total revenue financing activities": 5848,
        "Net profit from business activities": 33316,
        "Profit": 3182,
        "Profit before tax": 36498,
        "Present corporate income tax expenses": 3736,
        "Deferred income taxes expenses": 109,
        "The interests of minority shareholders": 570,
        "Total Cost of profits": 4415,
        "Profit after tax corporate income": 32083,
        "Volume": 73499679,
        "Close of Quarter": 9.8,
        "EPS": 376.7,
        "Non-adjusted EPS": 718,
        "PE": 13.6,
        "Book Price": 7.2
      }
    },
    {
      "quarter": "Q2 2014",
      "income status": {
        "Net sales": 172724,
        "Cost of goods sold": 172164,
        "Gross Profit": 559,
        "Financial expenses": -62418,
        "Of which: Interest expense": 42962,
        "Cost of sales": 5145,
        "Enterprise cost management": 28610,
        "Total Operating Expenses": -28663,
        "Total revenue financing activities": 2000,
        "Net profit from business activities": 30465,
        "Profit": -3987,
        "Profit before tax": 26478,
        "Present corporate income tax expenses": 6380,
        "Deferred income taxes expenses": 111,
        "The interests of minority shareholders": 6178,
        "Total Cost of profits": 12669,
        "Profit after tax corporate income": 13810,
        "Volume": 73499679,
        "Close of Quarter": 9.5,
        "EPS": 156.3,
        "Non-adjusted EPS": 298,
        "PE": 31.9,
        "Book Price": 6.9
      }
    },
    {
      "quarter": "Q1 2014",
      "income status": {
        "Net sales": 280021,
        "Cost of goods sold": 210709,
        "Gross Profit": 69313,
        "Financial expenses": 47970,
        "Of which: Interest expense": 44701,
        "Cost of sales": 3348,
        "Enterprise cost management": 18982,
        "Total Operating Expenses": 70300,
        "Total revenue financing activities": 3440,
        "Net profit from business activities": 2204,
        "Profit": -54,
        "Profit before tax": 2150,
        "Present corporate income tax expenses": 1083,
        "Deferred income taxes expenses": "N/A",
        "The interests of minority shareholders": -1811,
        "Total Cost of profits": -728,
        "Profit after tax corporate income": 2878,
        "Volume": 73499679,
        "Close of Quarter": 10.7,
        "EPS": 58.8,
        "Non-adjusted EPS": 112,
        "PE": 95.4,
        "Book Price": 6.8
      }
    },
    {
      "quarter": "Q4 2013",
      "income status": {
        "Net sales": 343696,
        "Cost of goods sold": 260469,
        "Gross Profit": 83227,
        "Financial expenses": 54270,
        "Of which: Interest expense": 52491,
        "Cost of sales": 3203,
        "Enterprise cost management": 20886,
        "Total Operating Expenses": 78359,
        "Total revenue financing activities": 2064,
        "Net profit from business activities": 6932,
        "Profit": -2598,
        "Profit before tax": 3718,
        "Present corporate income tax expenses": 3307,
        "Deferred income taxes expenses": "N/A",
        "The interests of minority shareholders": -3624,
        "Total Cost of profits": -317,
        "Profit after tax corporate income": 4034,
        "Volume": 59059856,
        "Close of Quarter": 6.2,
        "EPS": 50.2,
        "Non-adjusted EPS": 119,
        "PE": 52.4,
        "Book Price": 6.2
      }
    },
    {
      "quarter": "Q3 2013",
      "income status": {
        "Net sales": 169064,
        "Cost of goods sold": 112981,
        "Gross Profit": 56083,
        "Financial expenses": 34338,
        "Of which: Interest expense": 33983,
        "Cost of sales": 3138,
        "Enterprise cost management": 17540,
        "Total Operating Expenses": 55016,
        "Total revenue financing activities": 2621,
        "Net profit from business activities": 3687,
        "Profit": -1399,
        "Profit before tax": 1665,
        "Present corporate income tax expenses": 545,
        "Deferred income taxes expenses": 4,
        "The interests of minority shareholders": -33,
        "Total Cost of profits": 516,
        "Profit after tax corporate income": 1149,
        "Volume": 59059856,
        "Close of Quarter": 5.0,
        "EPS": -11.8,
        "Non-adjusted EPS": -28,
        "PE": -176.8,
        "Book Price": 5.6
      }
    },
    {
      "quarter": "Q2 2013",
      "income status": {
        "Net sales": 487922,
        "Cost of goods sold": 397131,
        "Gross Profit": 90791,
        "Financial expenses": 69767,
        "Of which: Interest expense": 60545,
        "Cost of sales": 3636,
        "Enterprise cost management": 18892,
        "Total Operating Expenses": 92295,
        "Total revenue financing activities": 2132,
        "Net profit from business activities": 628,
        "Profit": -292,
        "Profit before tax": -20,
        "Present corporate income tax expenses": 795,
        "Deferred income taxes expenses": -863,
        "The interests of minority shareholders": -129,
        "Total Cost of profits": -197,
        "Profit after tax corporate income": 177,
        "Volume": 59059856,
        "Close of Quarter": 5.5,
        "EPS": 62.8,
        "Non-adjusted EPS": 149,
        "PE": 36.9,
        "Book Price": 5.6
      }
    },
    {
      "quarter": "Q1 2013",
      "income status": {
        "Net sales": 562918,
        "Cost of goods sold": 489696,
        "Gross Profit": 73223,
        "Financial expenses": 51264,
        "Of which: Interest expense": 50751,
        "Cost of sales": 3549,
        "Enterprise cost management": 17189,
        "Total Operating Expenses": 72002,
        "Total revenue financing activities": 990,
        "Net profit from business activities": 2211,
        "Profit": -40,
        "Profit before tax": 1969,
        "Present corporate income tax expenses": 661,
        "Deferred income taxes expenses": 20,
        "The interests of minority shareholders": -368,
        "Total Cost of profits": 313,
        "Profit after tax corporate income": 1656,
        "Volume": 39373285,
        "Close of Quarter": 5.6,
        "EPS": 75.9,
        "Non-adjusted EPS": 270,
        "PE": 20.7,
        "Book Price": 4.9
      }
    },
    {
      "quarter": "Q4 2012",
      "income status": {
        "Net sales": 425112,
        "Cost of goods sold": 350454,
        "Gross Profit": 74658,
        "Financial expenses": 52663,
        "Of which: Interest expense": 51979,
        "Cost of sales": 6415,
        "Enterprise cost management": 21548,
        "Total Operating Expenses": 80626,
        "Total revenue financing activities": 1641,
        "Net profit from business activities": -4327,
        "Profit": 766,
        "Profit before tax": -4056,
        "Present corporate income tax expenses": 368,
        "Deferred income taxes expenses": "N/A",
        "The interests of minority shareholders": 237,
        "Total Cost of profits": 605,
        "Profit after tax corporate income": -4661,
        "Volume": 39373285,
        "Close of Quarter": 5.0,
        "EPS": 85.7,
        "Non-adjusted EPS": 305,
        "PE": 16.5,
        "Book Price": 5.0
      }
    },
    {
      "quarter": "Q3 2012",
      "income status": {
        "Net sales": 418725,
        "Cost of goods sold": 341039,
        "Gross Profit": 77686,
        "Financial expenses": 41923,
        "Of which: Interest expense": 40604,
        "Cost of sales": 4587,
        "Enterprise cost management": 17996,
        "Total Operating Expenses": 64506,
        "Total revenue financing activities": 1958,
        "Net profit from business activities": 15139,
        "Profit": 201,
        "Profit before tax": 14296,
        "Present corporate income tax expenses": 1902,
        "Deferred income taxes expenses": "N/A",
        "The interests of minority shareholders": 740,
        "Total Cost of profits": 2642,
        "Profit after tax corporate income": 11653,
        "Volume": 39373285,
        "Close of Quarter": 3.9,
        "EPS": 315.9,
        "Non-adjusted EPS": 1124,
        "PE": 3.5,
        "Book Price": 5
      }
    },
    {
      "quarter": "Q2 2012",
      "income status": {
        "Net sales": 520177,
        "Cost of goods sold": 420034,
        "Gross Profit": 100143,
        "Financial expenses": 78119,
        "Of which: Interest expense": 76891,
        "Cost of sales": 3539,
        "Enterprise cost management": 20462,
        "Total Operating Expenses": 102120,
        "Total revenue financing activities": 3048,
        "Net profit from business activities": 1071,
        "Profit": 2341,
        "Profit before tax": 1178,
        "Present corporate income tax expenses": 848,
        "Deferred income taxes expenses": 8,
        "The interests of minority shareholders": -1658,
        "Total Cost of profits": -802,
        "Profit after tax corporate income": 1980,
        "Volume": 32811532,
        "Close of Quarter": 6.7,
        "EPS": 243.1,
        "Non-adjusted EPS": 1038,
        "PE": 6.5,
        "Book Price": 4.9
      }
    },
    {
      "quarter": "Q1 2012",
      "income status": {
        "Net sales": 806640,
        "Cost of goods sold": 716220,
        "Gross Profit": 90421,
        "Financial expenses": 59509,
        "Of which: Interest expense": 56583,
        "Cost of sales": 4997,
        "Enterprise cost management": 25032,
        "Total Operating Expenses": 89538,
        "Total revenue financing activities": 3451,
        "Net profit from business activities": 4333,
        "Profit": -198,
        "Profit before tax": 3785,
        "Present corporate income tax expenses": 605,
        "Deferred income taxes expenses": "N/A",
        "The interests of minority shareholders": 159,
        "Total Cost of profits": 764,
        "Profit after tax corporate income": 3021,
        "Volume": 32811532,
        "Close of Quarter": 5.6,
        "EPS": 319.2,
        "Non-adjusted EPS": 1363,
        "PE": 4.1,
        "Book Price": 4.9
      }
    },
    {
      "quarter": "Q4 2011",
      "income status": {
        "Net sales": 1062010,
        "Cost of goods sold": 993072,
        "Gross Profit": 68937,
        "Financial expenses": 98935,
        "Of which: Interest expense": 81128,
        "Cost of sales": 7611,
        "Enterprise cost management": 31198,
        "Total Operating Expenses": 137744,
        "Total revenue financing activities": 99330,
        "Net profit from business activities": 30524,
        "Profit": -924,
        "Profit before tax": 29003,
        "Present corporate income tax expenses": 3265,
        "Deferred income taxes expenses": "N/A",
        "The interests of minority shareholders": -1844,
        "Total Cost of profits": 1421,
        "Profit after tax corporate income": 27582,
        "Volume": 31249518,
        "Close of Quarter": 4.7,
        "EPS": 353.8,
        "Non-adjusted EPS": 1586,
        "PE": 3.0,
        "Book Price": 5.2
      }
    },
    {
      "quarter": "Q3 2011",
      "income status": {
        "Net sales": 527608,
        "Cost of goods sold": 439761,
        "Gross Profit": 87847,
        "Financial expenses": 57814,
        "Of which: Interest expense": 54561,
        "Cost of sales": 7493,
        "Enterprise cost management": 26412,
        "Total Operating Expenses": 91719,
        "Total revenue financing activities": 4731,
        "Net profit from business activities": 858,
        "Profit": 1337,
        "Profit before tax": 1932,
        "Present corporate income tax expenses": 275,
        "Deferred income taxes expenses": "N/A",
        "The interests of minority shareholders": 175,
        "Total Cost of profits": 450,
        "Profit after tax corporate income": 1482,
        "Volume": 30749518,
        "Close of Quarter": 6.2,
        "EPS": 264.5,
        "Non-adjusted EPS": 1205,
        "PE": 5.1,
        "Book Price": 5.0
      }
    },
    {
      "quarter": "Q2 2011",
      "income status": {
        "Net sales": 1398305,
        "Cost of goods sold": 1195704,
        "Gross Profit": 202601,
        "Financial expenses": 142932,
        "Of which: Interest expense": 109704,
        "Cost of sales": 13152,
        "Enterprise cost management": 47094,
        "Total Operating Expenses": 203178,
        "Total revenue financing activities": 15798,
        "Net profit from business activities": 15219,
        "Profit": 396,
        "Profit before tax": 15517,
        "Present corporate income tax expenses": 2079,
        "Deferred income taxes expenses": -793,
        "The interests of minority shareholders": 1603,
        "Total Cost of profits": 2889,
        "Profit after tax corporate income": 12628,
        "Volume": 30749518,
        "Close of Quarter": 7,
        "EPS": 388.9,
        "Non-adjusted EPS": 1772,
        "PE": 4.0,
        "Book Price": 5.0
      }
    },
    {
      "quarter": "Q1 2011",
      "income status": {
        "Net sales": 568910,
        "Cost of goods sold": 488687,
        "Gross Profit": 80223,
        "Financial expenses": 50648,
        "Of which: Interest expense": 44321,
        "Cost of sales": 7631,
        "Enterprise cost management": 22138,
        "Total Operating Expenses": 80417,
        "Total revenue financing activities": 7738,
        "Net profit from business activities": 7544,
        "Profit": 3667,
        "Profit before tax": 10821,
        "Present corporate income tax expenses": 351,
        "Deferred income taxes expenses": "N/A",
        "The interests of minority shareholders": 2584,
        "Total Cost of profits": 2935,
        "Profit after tax corporate income": 7885,
        "Volume": 30749518,
        "Close of Quarter": 9.8,
        "EPS": 535.1,
        "Non-adjusted EPS": 2438,
        "PE": 4.0,
        "Book Price": 4.9
      }
    }
  ]
}