{
  "ticker": "VGS",
  "data": [
    {
      "quarter": "Q4 2016",
      "income status": {
        "Net sales": 1433232,
        "Cost of goods sold": 1363341,
        "Gross Profit": 69891,
        "Financial expenses": 9574,
        "Of which: Interest expense": 9571,
        "Cost of sales": 31622,
        "Enterprise cost management": 9249,
        "Total Operating Expenses": 50445,
        "Total revenue financing activities": 3368,
        "Net profit from business activities": 22060,
        "Profit": -1209,
        "Profit before tax": 20851,
        "Present corporate income tax expenses": 3608,
        "Deferred income taxes expenses": "N/A",
        "The interests of minority shareholders": 4,
        "Total Cost of profits": 3612,
        "Profit after tax corporate income": 17240,
        "Volume": 37198710,
        "Close of Quarter": 9.3,
        "EPS": 2191,
        "Non-adjusted EPS": 2191,
        "PE": 4.3,
        "Book Price": 15.7
      }
    },
    {
      "quarter": "Q3 2016",
      "income status": {
        "Net sales": 915288,
        "Cost of goods sold": 866515,
        "Gross Profit": 48772,
        "Financial expenses": 9320,
        "Of which: Interest expense": 9320,
        "Cost of sales": 18200,
        "Enterprise cost management": 7284,
        "Total Operating Expenses": 34804,
        "Total revenue financing activities": 3325,
        "Net profit from business activities": 19010,
        "Profit": -1856,
        "Profit before tax": 17154,
        "Present corporate income tax expenses": 2406,
        "Deferred income taxes expenses": "N/A",
        "The interests of minority shareholders": 2,
        "Total Cost of profits": 2408,
        "Profit after tax corporate income": 14746,
        "Volume": 37198710,
        "Close of Quarter": 10.1,
        "EPS": 2242,
        "Non-adjusted EPS": 2242,
        "PE": 4.5,
        "Book Price": 15.5
      }
    },
    {
      "quarter": "Q2 2016",
      "income status": {
        "Net sales": 1041983,
        "Cost of goods sold": 977955,
        "Gross Profit": 64028,
        "Financial expenses": 5583,
        "Of which: Interest expense": 5578,
        "Cost of sales": 28041,
        "Enterprise cost management": 9405,
        "Total Operating Expenses": 43029,
        "Total revenue financing activities": 6990,
        "Net profit from business activities": 29875,
        "Profit": -345,
        "Profit before tax": 29531,
        "Present corporate income tax expenses": 4438,
        "Deferred income taxes expenses": "N/A",
        "The interests of minority shareholders": 4,
        "Total Cost of profits": 4442,
        "Profit after tax corporate income": 25088,
        "Volume": 37198710,
        "Close of Quarter": 10.2,
        "EPS": 2121,
        "Non-adjusted EPS": 2121,
        "PE": 4.8,
        "Book Price": 14.6
      }
    },
    {
      "quarter": "Q1 2016",
      "income status": {
        "Net sales": 1160402,
        "Cost of goods sold": 1093571,
        "Gross Profit": 66832,
        "Financial expenses": 8607,
        "Of which: Interest expense": 8607,
        "Cost of sales": 24248,
        "Enterprise cost management": 5355,
        "Total Operating Expenses": 38210,
        "Total revenue financing activities": 28,
        "Net profit from business activities": 31150,
        "Profit": -1231,
        "Profit before tax": 29919,
        "Present corporate income tax expenses": 5484,
        "Deferred income taxes expenses": "N/A",
        "The interests of minority shareholders": 3,
        "Total Cost of profits": 5487,
        "Profit after tax corporate income": 24433,
        "Volume": 37198710,
        "Close of Quarter": 7.1,
        "EPS": 1863,
        "Non-adjusted EPS": 1863,
        "PE": 3.8,
        "Book Price": 14.9
      }
    },
    {
      "quarter": "Q4 2015",
      "income status": {
        "Net sales": 791988,
        "Cost of goods sold": 742896,
        "Gross Profit": 49092,
        "Financial expenses": 7349,
        "Of which: Interest expense": 7215,
        "Cost of sales": 12720,
        "Enterprise cost management": 19493,
        "Total Operating Expenses": 39562,
        "Total revenue financing activities": 5847,
        "Net profit from business activities": 22612,
        "Profit": -320,
        "Profit before tax": 22293,
        "Present corporate income tax expenses": 3173,
        "Deferred income taxes expenses": "N/A",
        "The interests of minority shareholders": "N/A",
        "Total Cost of profits": 3173,
        "Profit after tax corporate income": 19119,
        "Volume": 37198710,
        "Close of Quarter": 4.3,
        "EPS": 1234,
        "Non-adjusted EPS": 1234,
        "PE": 3.5,
        "Book Price": 14.2
      }
    },
    {
      "quarter": "Q3 2015",
      "income status": {
        "Net sales": 991743,
        "Cost of goods sold": 955934,
        "Gross Profit": 35809,
        "Financial expenses": 8513,
        "Of which: Interest expense": 8513,
        "Cost of sales": 11826,
        "Enterprise cost management": 8972,
        "Total Operating Expenses": 29311,
        "Total revenue financing activities": 4256,
        "Net profit from business activities": 12785,
        "Profit": -375,
        "Profit before tax": 12410,
        "Present corporate income tax expenses": 2132,
        "Deferred income taxes expenses": "N/A",
        "The interests of minority shareholders": 2,
        "Total Cost of profits": 2134,
        "Profit after tax corporate income": 10276,
        "Volume": 37198710,
        "Close of Quarter": 4.0,
        "EPS": 775,
        "Non-adjusted EPS": 775,
        "PE": 5.2,
        "Book Price": 13.9
      }
    },
    {
      "quarter": "Q2 2015",
      "income status": {
        "Net sales": 892558,
        "Cost of goods sold": 846477,
        "Gross Profit": 46082,
        "Financial expenses": 9757,
        "Of which: Interest expense": 13229,
        "Cost of sales": 13425,
        "Enterprise cost management": 10659,
        "Total Operating Expenses": 33841,
        "Total revenue financing activities": 4271,
        "Net profit from business activities": 18403,
        "Profit": 18,
        "Profit before tax": 18421,
        "Present corporate income tax expenses": 2940,
        "Deferred income taxes expenses": "N/A",
        "The interests of minority shareholders": 4,
        "Total Cost of profits": 2944,
        "Profit after tax corporate income": 15477,
        "Volume": 37198710,
        "Close of Quarter": 4.2,
        "EPS": 644,
        "Non-adjusted EPS": 644,
        "PE": 6.5,
        "Book Price": 13.8
      }
    },
    {
      "quarter": "Q1 2015",
      "income status": {
        "Net sales": 774726,
        "Cost of goods sold": 751596,
        "Gross Profit": 23130,
        "Financial expenses": 11754,
        "Of which: Interest expense": 8087,
        "Cost of sales": 10567,
        "Enterprise cost management": 4579,
        "Total Operating Expenses": 26900,
        "Total revenue financing activities": 5116,
        "Net profit from business activities": 1346,
        "Profit": 211,
        "Profit before tax": 1557,
        "Present corporate income tax expenses": 527,
        "Deferred income taxes expenses": "N/A",
        "The interests of minority shareholders": -2,
        "Total Cost of profits": 525,
        "Profit after tax corporate income": 1032,
        "Volume": 37198710,
        "Close of Quarter": 4.6,
        "EPS": 434,
        "Non-adjusted EPS": 434,
        "PE": 10.7,
        "Book Price": 13.4
      }
    },
    {
      "quarter": "Q4 2014",
      "income status": {
        "Net sales": 808705,
        "Cost of goods sold": 784559,
        "Gross Profit": 24146,
        "Financial expenses": 12268,
        "Of which: Interest expense": 8742,
        "Cost of sales": 11323,
        "Enterprise cost management": 9876,
        "Total Operating Expenses": 33467,
        "Total revenue financing activities": 9394,
        "Net profit from business activities": 1703,
        "Profit": 418,
        "Profit before tax": 2121,
        "Present corporate income tax expenses": 152,
        "Deferred income taxes expenses": "N/A",
        "The interests of minority shareholders": -1,
        "Total Cost of profits": 151,
        "Profit after tax corporate income": 2041,
        "Volume": 37198710,
        "Close of Quarter": 5.7,
        "EPS": 591,
        "Non-adjusted EPS": 591,
        "PE": 9.7,
        "Book Price": 13.4
      }
    },
    {
      "quarter": "Q3 2014",
      "income status": {
        "Net sales": 773521,
        "Cost of goods sold": 747038,
        "Gross Profit": 26483,
        "Financial expenses": 9774,
        "Of which: Interest expense": 9774,
        "Cost of sales": 8822,
        "Enterprise cost management": 6821,
        "Total Operating Expenses": 25417,
        "Total revenue financing activities": 4457,
        "Net profit from business activities": 5980,
        "Profit": -85,
        "Profit before tax": 5895,
        "Present corporate income tax expenses": 493,
        "Deferred income taxes expenses": "N/A",
        "The interests of minority shareholders": 2,
        "Total Cost of profits": 495,
        "Profit after tax corporate income": 5400,
        "Volume": 37198710,
        "Close of Quarter": 5.9,
        "EPS": 689,
        "Non-adjusted EPS": 689,
        "PE": 8.5,
        "Book Price": 13.4
      }
    },
    {
      "quarter": "Q2 2014",
      "income status": {
        "Net sales": 691221,
        "Cost of goods sold": 661675,
        "Gross Profit": 29546,
        "Financial expenses": 9516,
        "Of which: Interest expense": 9516,
        "Cost of sales": 10199,
        "Enterprise cost management": 7367,
        "Total Operating Expenses": 27082,
        "Total revenue financing activities": 7317,
        "Net profit from business activities": 10179,
        "Profit": "N/A",
        "Profit before tax": 10178,
        "Present corporate income tax expenses": 2516,
        "Deferred income taxes expenses": "N/A",
        "The interests of minority shareholders": "N/A",
        "Total Cost of profits": 2516,
        "Profit after tax corporate income": 7662,
        "Volume": 37198710,
        "Close of Quarter": 5.4,
        "EPS": 617,
        "Non-adjusted EPS": 617,
        "PE": 8.8,
        "Book Price": 13.3
      }
    },
    {
      "quarter": "Q1 2014",
      "income status": {
        "Net sales": 463134,
        "Cost of goods sold": 438825,
        "Gross Profit": 24310,
        "Financial expenses": 10066,
        "Of which: Interest expense": 10061,
        "Cost of sales": 8271,
        "Enterprise cost management": 4136,
        "Total Operating Expenses": 22473,
        "Total revenue financing activities": 3775,
        "Net profit from business activities": 7300,
        "Profit": -100,
        "Profit before tax": 7200,
        "Present corporate income tax expenses": 315,
        "Deferred income taxes expenses": "N/A",
        "The interests of minority shareholders": "N/A",
        "Total Cost of profits": 315,
        "Profit after tax corporate income": 6884,
        "Volume": 37198710,
        "Close of Quarter": 6.5,
        "EPS": 370,
        "Non-adjusted EPS": 370,
        "PE": 17.4,
        "Book Price": 13.3
      }
    },
    {
      "quarter": "Q4 2013",
      "income status": {
        "Net sales": 414762,
        "Cost of goods sold": 390346,
        "Gross Profit": 24416,
        "Financial expenses": 11020,
        "Of which: Interest expense": 10958,
        "Cost of sales": 10507,
        "Enterprise cost management": 9759,
        "Total Operating Expenses": 31286,
        "Total revenue financing activities": 6604,
        "Net profit from business activities": -267,
        "Profit": -1174,
        "Profit before tax": 6550,
        "Present corporate income tax expenses": 861,
        "Deferred income taxes expenses": "N/A",
        "The interests of minority shareholders": 3,
        "Total Cost of profits": 864,
        "Profit after tax corporate income": 5686,
        "Volume": 37198710,
        "Close of Quarter": 4.3,
        "EPS": 339,
        "Non-adjusted EPS": 339,
        "PE": 12.6,
        "Book Price": 13.1
      }
    },
    {
      "quarter": "Q3 2013",
      "income status": {
        "Net sales": 492000,
        "Cost of goods sold": 467658,
        "Gross Profit": 24342,
        "Financial expenses": 11862,
        "Of which: Interest expense": 11851,
        "Cost of sales": 8475,
        "Enterprise cost management": 3799,
        "Total Operating Expenses": 24136,
        "Total revenue financing activities": 6138,
        "Net profit from business activities": 6344,
        "Profit": "N/A",
        "Profit before tax": 2736,
        "Present corporate income tax expenses": 31,
        "Deferred income taxes expenses": "N/A",
        "The interests of minority shareholders": -1,
        "Total Cost of profits": 30,
        "Profit after tax corporate income": 2706,
        "Volume": 37198710,
        "Close of Quarter": 3.6,
        "EPS": 365,
        "Non-adjusted EPS": 365,
        "PE": 9.9,
        "Book Price": 13
      }
    },
    {
      "quarter": "Q2 2013",
      "income status": {
        "Net sales": 618014,
        "Cost of goods sold": 594390,
        "Gross Profit": 23624,
        "Financial expenses": 14619,
        "Of which: Interest expense": 13579,
        "Cost of sales": 6881,
        "Enterprise cost management": 3727,
        "Total Operating Expenses": 25227,
        "Total revenue financing activities": 8334,
        "Net profit from business activities": 6732,
        "Profit": 2,
        "Profit before tax": -1346,
        "Present corporate income tax expenses": 177,
        "Deferred income taxes expenses": "N/A",
        "The interests of minority shareholders": -1,
        "Total Cost of profits": 176,
        "Profit after tax corporate income": -1522,
        "Volume": 37198710,
        "Close of Quarter": 3.9,
        "EPS": 315,
        "Non-adjusted EPS": 315,
        "PE": 12.4,
        "Book Price": 12.9
      }
    },
    {
      "quarter": "Q1 2013",
      "income status": {
        "Net sales": 660036,
        "Cost of goods sold": 632232,
        "Gross Profit": 27804,
        "Financial expenses": 17517,
        "Of which: Interest expense": 17517,
        "Cost of sales": 7636,
        "Enterprise cost management": 3457,
        "Total Operating Expenses": 28610,
        "Total revenue financing activities": 7138,
        "Net profit from business activities": 6332,
        "Profit": -70,
        "Profit before tax": 6262,
        "Present corporate income tax expenses": 524,
        "Deferred income taxes expenses": "N/A",
        "The interests of minority shareholders": 4,
        "Total Cost of profits": 528,
        "Profit after tax corporate income": 5733,
        "Volume": 37198710,
        "Close of Quarter": 3.8,
        "EPS": 446,
        "Non-adjusted EPS": 446,
        "PE": 8.4,
        "Book Price": 13
      }
    },
    {
      "quarter": "Q4 2012",
      "income status": {
        "Net sales": 831106,
        "Cost of goods sold": 806328,
        "Gross Profit": 24778,
        "Financial expenses": 17478,
        "Of which: Interest expense": 17478,
        "Cost of sales": 5461,
        "Enterprise cost management": 3974,
        "Total Operating Expenses": 26913,
        "Total revenue financing activities": 8079,
        "Net profit from business activities": 5944,
        "Profit": 776,
        "Profit before tax": 6720,
        "Present corporate income tax expenses": 64,
        "Deferred income taxes expenses": "N/A",
        "The interests of minority shareholders": 5,
        "Total Cost of profits": 69,
        "Profit after tax corporate income": 6651,
        "Volume": 37198710,
        "Close of Quarter": 3.5,
        "EPS": 278,
        "Non-adjusted EPS": 278,
        "PE": 12.5,
        "Book Price": "N/A"
      }
    },
    {
      "quarter": "Q3 2012",
      "income status": {
        "Net sales": 601801,
        "Cost of goods sold": 585426,
        "Gross Profit": 16375,
        "Financial expenses": 17195,
        "Of which: Interest expense": 17195,
        "Cost of sales": 4211,
        "Enterprise cost management": 3943,
        "Total Operating Expenses": 25349,
        "Total revenue financing activities": 9165,
        "Net profit from business activities": 191,
        "Profit": 714,
        "Profit before tax": 905,
        "Present corporate income tax expenses": 26,
        "Deferred income taxes expenses": "N/A",
        "The interests of minority shareholders": 19,
        "Total Cost of profits": 45,
        "Profit after tax corporate income": 860,
        "Volume": 37198710,
        "Close of Quarter": 2.9,
        "EPS": -66,
        "Non-adjusted EPS": -66,
        "PE": -43.5,
        "Book Price": 12.7
      }
    },
    {
      "quarter": "Q2 2012",
      "income status": {
        "Net sales": 686362,
        "Cost of goods sold": 664318,
        "Gross Profit": 22044,
        "Financial expenses": 22962,
        "Of which: Interest expense": 21816,
        "Cost of sales": 4860,
        "Enterprise cost management": 4698,
        "Total Operating Expenses": 32520,
        "Total revenue financing activities": 11785,
        "Net profit from business activities": 1309,
        "Profit": 15,
        "Profit before tax": 3644,
        "Present corporate income tax expenses": 314,
        "Deferred income taxes expenses": "N/A",
        "The interests of minority shareholders": -14,
        "Total Cost of profits": 300,
        "Profit after tax corporate income": 3344,
        "Volume": 37198710,
        "Close of Quarter": 4.3,
        "EPS": -90,
        "Non-adjusted EPS": -90,
        "PE": -48.2,
        "Book Price": 12.6
      }
    },
    {
      "quarter": "Q1 2012",
      "income status": {
        "Net sales": 697844,
        "Cost of goods sold": 682556,
        "Gross Profit": 15287,
        "Financial expenses": 16379,
        "Of which: Interest expense": 16356,
        "Cost of sales": 3923,
        "Enterprise cost management": 4641,
        "Total Operating Expenses": 24943,
        "Total revenue financing activities": 9172,
        "Net profit from business activities": -483,
        "Profit": 115,
        "Profit before tax": -369,
        "Present corporate income tax expenses": 152,
        "Deferred income taxes expenses": "N/A",
        "The interests of minority shareholders": -6,
        "Total Cost of profits": 146,
        "Profit after tax corporate income": -515,
        "Volume": 37198710,
        "Close of Quarter": 4.1,
        "EPS": -78,
        "Non-adjusted EPS": -78,
        "PE": -52.8,
        "Book Price": 12.6
      }
    },
    {
      "quarter": "Q4 2011",
      "income status": {
        "Net sales": 592420,
        "Cost of goods sold": 578382,
        "Gross Profit": 14038,
        "Financial expenses": 20932,
        "Of which: Interest expense": 19954,
        "Cost of sales": 3626,
        "Enterprise cost management": 7033,
        "Total Operating Expenses": 31591,
        "Total revenue financing activities": 10608,
        "Net profit from business activities": -6943,
        "Profit": 186,
        "Profit before tax": 1124,
        "Present corporate income tax expenses": -596,
        "Deferred income taxes expenses": "N/A",
        "The interests of minority shareholders": -4,
        "Total Cost of profits": -600,
        "Profit after tax corporate income": -6158,
        "Volume": 37198710,
        "Close of Quarter": 2.9,
        "EPS": 18,
        "Non-adjusted EPS": 18,
        "PE": 159.4,
        "Book Price": 12.6
      }
    },
    {
      "quarter": "Q3 2011",
      "income status": {
        "Net sales": 838163,
        "Cost of goods sold": 814205,
        "Gross Profit": 23958,
        "Financial expenses": 22912,
        "Of which: Interest expense": 23197,
        "Cost of sales": 6738,
        "Enterprise cost management": 2948,
        "Total Operating Expenses": 32598,
        "Total revenue financing activities": 8484,
        "Net profit from business activities": -157,
        "Profit": 300,
        "Profit before tax": 143,
        "Present corporate income tax expenses": 169,
        "Deferred income taxes expenses": "N/A",
        "The interests of minority shareholders": "N/A",
        "Total Cost of profits": 169,
        "Profit after tax corporate income": -26,
        "Volume": 37198710,
        "Close of Quarter": 4.9,
        "EPS": 274,
        "Non-adjusted EPS": 274,
        "PE": 17.7,
        "Book Price": "N/A"
      }
    },
    {
      "quarter": "Q2 2011",
      "income status": {
        "Net sales": 733712,
        "Cost of goods sold": 703512,
        "Gross Profit": 30200,
        "Financial expenses": 21867,
        "Of which: Interest expense": 19986,
        "Cost of sales": 7070,
        "Enterprise cost management": 3479,
        "Total Operating Expenses": 32416,
        "Total revenue financing activities": 6541,
        "Net profit from business activities": 4325,
        "Profit": "N/A",
        "Profit before tax": 4325,
        "Present corporate income tax expenses": 530,
        "Deferred income taxes expenses": "N/A",
        "The interests of minority shareholders": 7,
        "Total Cost of profits": 537,
        "Profit after tax corporate income": 3787,
        "Volume": 37198710,
        "Close of Quarter": 4.8,
        "EPS": 447,
        "Non-adjusted EPS": 447,
        "PE": 10.7,
        "Book Price": 13.1
      }
    },
    {
      "quarter": "Q1 2011",
      "income status": {
        "Net sales": 452617,
        "Cost of goods sold": 427935,
        "Gross Profit": 24682,
        "Financial expenses": 16775,
        "Of which: Interest expense": 16773,
        "Cost of sales": 9831,
        "Enterprise cost management": 4325,
        "Total Operating Expenses": 30931,
        "Total revenue financing activities": 8208,
        "Net profit from business activities": 1958,
        "Profit": 1456,
        "Profit before tax": 3414,
        "Present corporate income tax expenses": 336,
        "Deferred income taxes expenses": "N/A",
        "The interests of minority shareholders": "N/A",
        "Total Cost of profits": 336,
        "Profit after tax corporate income": 3078,
        "Volume": 37198710,
        "Close of Quarter": 6.3,
        "EPS": 470,
        "Non-adjusted EPS": 470,
        "PE": 13.3,
        "Book Price": 13.3
      }
    }
  ]
}