{
  "ticker": "SPP",
  "data": [
    {
      "quarter": "Q4 2016",
      "income status": {
        "Net sales": 300509,
        "Cost of goods sold": 261613,
        "Gross Profit": 38896,
        "Financial expenses": 14804,
        "Of which: Interest expense": 14751,
        "Cost of sales": 6372,
        "Enterprise cost management": 6596,
        "Total Operating Expenses": 27772,
        "Total revenue financing activities": 358,
        "Net profit from business activities": 11482,
        "Profit": 1,
        "Profit before tax": 11483,
        "Present corporate income tax expenses": 2360,
        "Deferred income taxes expenses": "N/A",
        "The interests of minority shareholders": "N/A",
        "Total Cost of profits": 2360,
        "Profit after tax corporate income": 9124,
        "Volume": 13040464,
        "Close of Quarter": 21.4,
        "EPS": 1581,
        "Non-adjusted EPS": 1581,
        "PE": 13.5,
        "Book Price": 19.5
      }
    },
    {
      "quarter": "Q3 2016",
      "income status": {
        "Net sales": 228014,
        "Cost of goods sold": 198519,
        "Gross Profit": 29494,
        "Financial expenses": 9550,
        "Of which: Interest expense": 9131,
        "Cost of sales": 6369,
        "Enterprise cost management": 5574,
        "Total Operating Expenses": 21493,
        "Total revenue financing activities": 383,
        "Net profit from business activities": 8385,
        "Profit": -222,
        "Profit before tax": 8163,
        "Present corporate income tax expenses": 1705,
        "Deferred income taxes expenses": "N/A",
        "The interests of minority shareholders": "N/A",
        "Total Cost of profits": 1705,
        "Profit after tax corporate income": 6458,
        "Volume": 13040464,
        "Close of Quarter": 17.6,
        "EPS": 1137,
        "Non-adjusted EPS": 1137,
        "PE": 15.5,
        "Book Price": 18.8
      }
    },
    {
      "quarter": "Q2 2016",
      "income status": {
        "Net sales": 200910,
        "Cost of goods sold": 172429,
        "Gross Profit": 28481,
        "Financial expenses": 12794,
        "Of which: Interest expense": 12699,
        "Cost of sales": 5832,
        "Enterprise cost management": 5478,
        "Total Operating Expenses": 24104,
        "Total revenue financing activities": 247,
        "Net profit from business activities": 4624,
        "Profit": -21,
        "Profit before tax": 4603,
        "Present corporate income tax expenses": 1014,
        "Deferred income taxes expenses": "N/A",
        "The interests of minority shareholders": "N/A",
        "Total Cost of profits": 1014,
        "Profit after tax corporate income": 3589,
        "Volume": 13040464,
        "Close of Quarter": 11.5,
        "EPS": 853,
        "Non-adjusted EPS": 853,
        "PE": 13.5,
        "Book Price": 18.3
      }
    },
    {
      "quarter": "Q1 2016",
      "income status": {
        "Net sales": 183829,
        "Cost of goods sold": 160012,
        "Gross Profit": 23817,
        "Financial expenses": 12052,
        "Of which: Interest expense": 12007,
        "Cost of sales": 4604,
        "Enterprise cost management": 5615,
        "Total Operating Expenses": 22271,
        "Total revenue financing activities": 352,
        "Net profit from business activities": 1899,
        "Profit": -4,
        "Profit before tax": 1895,
        "Present corporate income tax expenses": 443,
        "Deferred income taxes expenses": "N/A",
        "The interests of minority shareholders": "N/A",
        "Total Cost of profits": 443,
        "Profit after tax corporate income": 1452,
        "Volume": 13040464,
        "Close of Quarter": 8.9,
        "EPS": 772,
        "Non-adjusted EPS": 772,
        "PE": 11.5,
        "Book Price": 18.1
      }
    },
    {
      "quarter": "Q4 2015",
      "income status": {
        "Net sales": 198351,
        "Cost of goods sold": 167034,
        "Gross Profit": 31318,
        "Financial expenses": 13872,
        "Of which: Interest expense": 13728,
        "Cost of sales": 7225,
        "Enterprise cost management": 6261,
        "Total Operating Expenses": 27358,
        "Total revenue financing activities": 179,
        "Net profit from business activities": 4138,
        "Profit": 160,
        "Profit before tax": 4298,
        "Present corporate income tax expenses": 974,
        "Deferred income taxes expenses": "N/A",
        "The interests of minority shareholders": "N/A",
        "Total Cost of profits": 974,
        "Profit after tax corporate income": 3324,
        "Volume": 13040464,
        "Close of Quarter": 11.4,
        "EPS": 786,
        "Non-adjusted EPS": 786,
        "PE": 14.5,
        "Book Price": 18.1
      }
    },
    {
      "quarter": "Q3 2015",
      "income status": {
        "Net sales": 212895,
        "Cost of goods sold": 186211,
        "Gross Profit": 26684,
        "Financial expenses": 9830,
        "Of which: Interest expense": 9584,
        "Cost of sales": 6819,
        "Enterprise cost management": 6752,
        "Total Operating Expenses": 23401,
        "Total revenue financing activities": 205,
        "Net profit from business activities": 3489,
        "Profit": 101,
        "Profit before tax": 3590,
        "Present corporate income tax expenses": 825,
        "Deferred income taxes expenses": "N/A",
        "The interests of minority shareholders": "N/A",
        "Total Cost of profits": 825,
        "Profit after tax corporate income": 2765,
        "Volume": 11963790,
        "Close of Quarter": 6.1,
        "EPS": 782.6,
        "Non-adjusted EPS": 853,
        "PE": 7.1,
        "Book Price": 18.0
      }
    },
    {
      "quarter": "Q2 2015",
      "income status": {
        "Net sales": 225057,
        "Cost of goods sold": 199305,
        "Gross Profit": 25753,
        "Financial expenses": 10610,
        "Of which: Interest expense": 10354,
        "Cost of sales": 6719,
        "Enterprise cost management": 5100,
        "Total Operating Expenses": 22429,
        "Total revenue financing activities": 84,
        "Net profit from business activities": 3408,
        "Profit": -96,
        "Profit before tax": 3312,
        "Present corporate income tax expenses": 784,
        "Deferred income taxes expenses": "N/A",
        "The interests of minority shareholders": "N/A",
        "Total Cost of profits": 784,
        "Profit after tax corporate income": 2528,
        "Volume": 11963790,
        "Close of Quarter": 6.3,
        "EPS": 764.2,
        "Non-adjusted EPS": 833,
        "PE": 7.5,
        "Book Price": 17.8
      }
    },
    {
      "quarter": "Q1 2015",
      "income status": {
        "Net sales": 177143,
        "Cost of goods sold": 154559,
        "Gross Profit": 22584,
        "Financial expenses": 11731,
        "Of which: Interest expense": 11644,
        "Cost of sales": 3860,
        "Enterprise cost management": 5012,
        "Total Operating Expenses": 20603,
        "Total revenue financing activities": 76,
        "Net profit from business activities": 2056,
        "Profit": 45,
        "Profit before tax": 2101,
        "Present corporate income tax expenses": 467,
        "Deferred income taxes expenses": "N/A",
        "The interests of minority shareholders": "N/A",
        "Total Cost of profits": 467,
        "Profit after tax corporate income": 1634,
        "Volume": 11963790,
        "Close of Quarter": 6.6,
        "EPS": 703.7,
        "Non-adjusted EPS": 767,
        "PE": 8.6,
        "Book Price": 17.6
      }
    },
    {
      "quarter": "Q4 2014",
      "income status": {
        "Net sales": 193998,
        "Cost of goods sold": 167379,
        "Gross Profit": 26619,
        "Financial expenses": 11857,
        "Of which: Interest expense": 11591,
        "Cost of sales": 4124,
        "Enterprise cost management": 6678,
        "Total Operating Expenses": 22659,
        "Total revenue financing activities": 516,
        "Net profit from business activities": 4477,
        "Profit": -263,
        "Profit before tax": 4214,
        "Present corporate income tax expenses": 938,
        "Deferred income taxes expenses": "N/A",
        "The interests of minority shareholders": "N/A",
        "Total Cost of profits": 938,
        "Profit after tax corporate income": 3277,
        "Volume": 11963790,
        "Close of Quarter": 7.1,
        "EPS": 659.6,
        "Non-adjusted EPS": 719,
        "PE": 9.8,
        "Book Price": 17.6
      }
    },
    {
      "quarter": "Q3 2014",
      "income status": {
        "Net sales": 183262,
        "Cost of goods sold": 149519,
        "Gross Profit": 33743,
        "Financial expenses": 12941,
        "Of which: Interest expense": 12937,
        "Cost of sales": 12420,
        "Enterprise cost management": 5428,
        "Total Operating Expenses": 30789,
        "Total revenue financing activities": 263,
        "Net profit from business activities": 3218,
        "Profit": 56,
        "Profit before tax": 3274,
        "Present corporate income tax expenses": 751,
        "Deferred income taxes expenses": "N/A",
        "The interests of minority shareholders": "N/A",
        "Total Cost of profits": 751,
        "Profit after tax corporate income": 2523,
        "Volume": 11963790,
        "Close of Quarter": 6.4,
        "EPS": 678.9,
        "Non-adjusted EPS": 740,
        "PE": 8.7,
        "Book Price": 17.3
      }
    },
    {
      "quarter": "Q2 2014",
      "income status": {
        "Net sales": 220539,
        "Cost of goods sold": 197699,
        "Gross Profit": 22840,
        "Financial expenses": 13098,
        "Of which: Interest expense": 12631,
        "Cost of sales": 3110,
        "Enterprise cost management": 5437,
        "Total Operating Expenses": 21645,
        "Total revenue financing activities": 515,
        "Net profit from business activities": 1710,
        "Profit": 530,
        "Profit before tax": 2240,
        "Present corporate income tax expenses": 499,
        "Deferred income taxes expenses": "N/A",
        "The interests of minority shareholders": "N/A",
        "Total Cost of profits": 499,
        "Profit after tax corporate income": 1741,
        "Volume": 11963790,
        "Close of Quarter": 6.4,
        "EPS": 701.8,
        "Non-adjusted EPS": 765,
        "PE": 8.4,
        "Book Price": 17.2
      }
    },
    {
      "quarter": "Q1 2014",
      "income status": {
        "Net sales": 147813,
        "Cost of goods sold": 130217,
        "Gross Profit": 17596,
        "Financial expenses": 7642,
        "Of which: Interest expense": 7558,
        "Cost of sales": 2580,
        "Enterprise cost management": 5752,
        "Total Operating Expenses": 15974,
        "Total revenue financing activities": 10,
        "Net profit from business activities": 1633,
        "Profit": -214,
        "Profit before tax": 1419,
        "Present corporate income tax expenses": 358,
        "Deferred income taxes expenses": "N/A",
        "The interests of minority shareholders": "N/A",
        "Total Cost of profits": 358,
        "Profit after tax corporate income": 1061,
        "Volume": 11963790,
        "Close of Quarter": 8.3,
        "EPS": 775.2,
        "Non-adjusted EPS": 845,
        "PE": 9.8,
        "Book Price": 17.0
      }
    },
    {
      "quarter": "Q4 2013",
      "income status": {
        "Net sales": 172671,
        "Cost of goods sold": 151636,
        "Gross Profit": 21035,
        "Financial expenses": 9277,
        "Of which: Interest expense": 8947,
        "Cost of sales": 2116,
        "Enterprise cost management": 5073,
        "Total Operating Expenses": 16466,
        "Total revenue financing activities": 17,
        "Net profit from business activities": 4586,
        "Profit": 130,
        "Profit before tax": 4716,
        "Present corporate income tax expenses": 1186,
        "Deferred income taxes expenses": "N/A",
        "The interests of minority shareholders": "N/A",
        "Total Cost of profits": 1186,
        "Profit after tax corporate income": 3530,
        "Volume": 11963790,
        "Close of Quarter": 6.5,
        "EPS": 809.2,
        "Non-adjusted EPS": 882,
        "PE": 7.4,
        "Book Price": 17.5
      }
    },
    {
      "quarter": "Q3 2013",
      "income status": {
        "Net sales": 172914,
        "Cost of goods sold": 146651,
        "Gross Profit": 26263,
        "Financial expenses": 12571,
        "Of which: Interest expense": 12228,
        "Cost of sales": 3835,
        "Enterprise cost management": 5759,
        "Total Operating Expenses": 22165,
        "Total revenue financing activities": 24,
        "Net profit from business activities": 4121,
        "Profit": -279,
        "Profit before tax": 3842,
        "Present corporate income tax expenses": 1024,
        "Deferred income taxes expenses": "N/A",
        "The interests of minority shareholders": "N/A",
        "Total Cost of profits": 1024,
        "Profit after tax corporate income": 2818,
        "Volume": 11963790,
        "Close of Quarter": 5.4,
        "EPS": 784.4,
        "Non-adjusted EPS": 855,
        "PE": 6.3,
        "Book Price": 17.3
      }
    },
    {
      "quarter": "Q2 2013",
      "income status": {
        "Net sales": 136438,
        "Cost of goods sold": 111432,
        "Gross Profit": 25006,
        "Financial expenses": 11933,
        "Of which: Interest expense": 11030,
        "Cost of sales": 3691,
        "Enterprise cost management": 5769,
        "Total Operating Expenses": 21393,
        "Total revenue financing activities": 16,
        "Net profit from business activities": 3629,
        "Profit": -7,
        "Profit before tax": 3622,
        "Present corporate income tax expenses": 917,
        "Deferred income taxes expenses": "N/A",
        "The interests of minority shareholders": "N/A",
        "Total Cost of profits": 917,
        "Profit after tax corporate income": 2705,
        "Volume": 11963790,
        "Close of Quarter": 5.8,
        "EPS": 851.4,
        "Non-adjusted EPS": 928,
        "PE": 6.3,
        "Book Price": 17.0
      }
    },
    {
      "quarter": "Q1 2013",
      "income status": {
        "Net sales": 89763,
        "Cost of goods sold": 70076,
        "Gross Profit": 19688,
        "Financial expenses": 9533,
        "Of which: Interest expense": 9450,
        "Cost of sales": 2820,
        "Enterprise cost management": 5341,
        "Total Operating Expenses": 17694,
        "Total revenue financing activities": 14,
        "Net profit from business activities": 2007,
        "Profit": 55,
        "Profit before tax": 2062,
        "Present corporate income tax expenses": 559,
        "Deferred income taxes expenses": "N/A",
        "The interests of minority shareholders": "N/A",
        "Total Cost of profits": 559,
        "Profit after tax corporate income": 1503,
        "Volume": 11963790,
        "Close of Quarter": 5.8,
        "EPS": 900.9,
        "Non-adjusted EPS": 982,
        "PE": 5.9,
        "Book Price": 17.3
      }
    },
    {
      "quarter": "Q4 2012",
      "income status": {
        "Net sales": 117779,
        "Cost of goods sold": 92379,
        "Gross Profit": 25400,
        "Financial expenses": 12843,
        "Of which: Interest expense": 12622,
        "Cost of sales": 3193,
        "Enterprise cost management": 6095,
        "Total Operating Expenses": 22131,
        "Total revenue financing activities": 45,
        "Net profit from business activities": 3314,
        "Profit": 149,
        "Profit before tax": 3463,
        "Present corporate income tax expenses": 265,
        "Deferred income taxes expenses": "N/A",
        "The interests of minority shareholders": "N/A",
        "Total Cost of profits": 265,
        "Profit after tax corporate income": 3198,
        "Volume": 11963790,
        "Close of Quarter": 5.6,
        "EPS": 871.6,
        "Non-adjusted EPS": 950,
        "PE": 5.9,
        "Book Price": 17.3
      }
    },
    {
      "quarter": "Q3 2012",
      "income status": {
        "Net sales": 118766,
        "Cost of goods sold": 96728,
        "Gross Profit": 22038,
        "Financial expenses": 10208,
        "Of which: Interest expense": 9936,
        "Cost of sales": 2756,
        "Enterprise cost management": 5127,
        "Total Operating Expenses": 18091,
        "Total revenue financing activities": 45,
        "Net profit from business activities": 3993,
        "Profit": 12,
        "Profit before tax": 4005,
        "Present corporate income tax expenses": 304,
        "Deferred income taxes expenses": "N/A",
        "The interests of minority shareholders": "N/A",
        "Total Cost of profits": 304,
        "Profit after tax corporate income": 3701,
        "Volume": 11963790,
        "Close of Quarter": 5.6,
        "EPS": 1155.1,
        "Non-adjusted EPS": 1259,
        "PE": 4.5,
        "Book Price": 17.1
      }
    },
    {
      "quarter": "Q2 2012",
      "income status": {
        "Net sales": 115046,
        "Cost of goods sold": 92333,
        "Gross Profit": 22713,
        "Financial expenses": 11946,
        "Of which: Interest expense": 11508,
        "Cost of sales": 2715,
        "Enterprise cost management": 5219,
        "Total Operating Expenses": 19880,
        "Total revenue financing activities": 127,
        "Net profit from business activities": 2960,
        "Profit": 659,
        "Profit before tax": 3619,
        "Present corporate income tax expenses": 273,
        "Deferred income taxes expenses": "N/A",
        "The interests of minority shareholders": "N/A",
        "Total Cost of profits": 273,
        "Profit after tax corporate income": 3347,
        "Volume": 11963790,
        "Close of Quarter": 9.4,
        "EPS": 1263.3,
        "Non-adjusted EPS": 1377,
        "PE": 6.8,
        "Book Price": 16.8
      }
    },
    {
      "quarter": "Q1 2012",
      "income status": {
        "Net sales": 98785,
        "Cost of goods sold": 78118,
        "Gross Profit": 20667,
        "Financial expenses": 9821,
        "Of which: Interest expense": 9311,
        "Cost of sales": 3263,
        "Enterprise cost management": 6486,
        "Total Operating Expenses": 19570,
        "Total revenue financing activities": 27,
        "Net profit from business activities": 1123,
        "Profit": 93,
        "Profit before tax": 1216,
        "Present corporate income tax expenses": 93,
        "Deferred income taxes expenses": "N/A",
        "The interests of minority shareholders": "N/A",
        "Total Cost of profits": 93,
        "Profit after tax corporate income": 1123,
        "Volume": 11963790,
        "Close of Quarter": 14.4,
        "EPS": 1658.7,
        "Non-adjusted EPS": 1808,
        "PE": 8.0,
        "Book Price": 16.5
      }
    },
    {
      "quarter": "Q4 2011",
      "income status": {
        "Net sales": 115601,
        "Cost of goods sold": 84569,
        "Gross Profit": 31032,
        "Financial expenses": 14818,
        "Of which: Interest expense": 11856,
        "Cost of sales": 2772,
        "Enterprise cost management": 6158,
        "Total Operating Expenses": 23748,
        "Total revenue financing activities": 170,
        "Net profit from business activities": 7454,
        "Profit": 4,
        "Profit before tax": 7457,
        "Present corporate income tax expenses": 560,
        "Deferred income taxes expenses": "N/A",
        "The interests of minority shareholders": "N/A",
        "Total Cost of profits": 560,
        "Profit after tax corporate income": 6897,
        "Volume": 12307790,
        "Close of Quarter": 18.1,
        "EPS": 1781.9,
        "Non-adjusted EPS": 1888,
        "PE": 9.6,
        "Book Price": 18.0
      }
    },
    {
      "quarter": "Q3 2011",
      "income status": {
        "Net sales": 112785,
        "Cost of goods sold": 81869,
        "Gross Profit": 30915,
        "Financial expenses": 14886,
        "Of which: Interest expense": 13314,
        "Cost of sales": 4098,
        "Enterprise cost management": 6515,
        "Total Operating Expenses": 25499,
        "Total revenue financing activities": 171,
        "Net profit from business activities": 5587,
        "Profit": -50,
        "Profit before tax": 5536,
        "Present corporate income tax expenses": 424,
        "Deferred income taxes expenses": "N/A",
        "The interests of minority shareholders": "N/A",
        "Total Cost of profits": 424,
        "Profit after tax corporate income": 5112,
        "Volume": 12307790,
        "Close of Quarter": 20.2,
        "EPS": 1754.6,
        "Non-adjusted EPS": 1859,
        "PE": 10.9,
        "Book Price": 17.5
      }
    },
    {
      "quarter": "Q2 2011",
      "income status": {
        "Net sales": 104792,
        "Cost of goods sold": 75954,
        "Gross Profit": 28838,
        "Financial expenses": 13005,
        "Of which: Interest expense": 10757,
        "Cost of sales": 3074,
        "Enterprise cost management": 4542,
        "Total Operating Expenses": 20621,
        "Total revenue financing activities": 801,
        "Net profit from business activities": 9018,
        "Profit": 168,
        "Profit before tax": 9186,
        "Present corporate income tax expenses": 690,
        "Deferred income taxes expenses": "N/A",
        "The interests of minority shareholders": "N/A",
        "Total Cost of profits": 690,
        "Profit after tax corporate income": 8496,
        "Volume": 12307790,
        "Close of Quarter": 21.7,
        "EPS": 2087.7,
        "Non-adjusted EPS": 2212,
        "PE": 9.8,
        "Book Price": 17.4
      }
    },
    {
      "quarter": "Q1 2011",
      "income status": {
        "Net sales": 86986,
        "Cost of goods sold": 65412,
        "Gross Profit": 21574,
        "Financial expenses": 12603,
        "Of which: Interest expense": 9216,
        "Cost of sales": 2599,
        "Enterprise cost management": 4203,
        "Total Operating Expenses": 19405,
        "Total revenue financing activities": 1122,
        "Net profit from business activities": 3292,
        "Profit": -341,
        "Profit before tax": 2951,
        "Present corporate income tax expenses": 222,
        "Deferred income taxes expenses": "N/A",
        "The interests of minority shareholders": "N/A",
        "Total Cost of profits": 222,
        "Profit after tax corporate income": 2729,
        "Volume": 8807790,
        "Close of Quarter": 20.6,
        "EPS": 2056.0,
        "Non-adjusted EPS": 3044,
        "PE": 6.8,
        "Book Price": 17.4
      }
    }
  ]
}