{
  "ticker": "CTT",
  "data": [
    {
      "quarter": "Q4 2016",
      "income status": {
        "Net sales": 287514,
        "Cost of goods sold": 257700,
        "Gross Profit": 29815,
        "Financial expenses": 5754,
        "Of which: Interest expense": 5875,
        "Cost of sales": 4675,
        "Enterprise cost management": 13453,
        "Total Operating Expenses": 23882,
        "Total revenue financing activities": 5,
        "Net profit from business activities": 5937,
        "Profit": -4273,
        "Profit before tax": 1664,
        "Present corporate income tax expenses": 1095,
        "Deferred income taxes expenses": "N/A",
        "The interests of minority shareholders": "N/A",
        "Total Cost of profits": 1095,
        "Profit after tax corporate income": 569,
        "Volume": 4697351,
        "Close of Quarter": 7.4,
        "EPS": 1197,
        "Non-adjusted EPS": 1197,
        "PE": 6.2,
        "Book Price": 11.7
      }
    },
    {
      "quarter": "Q3 2016",
      "income status": {
        "Net sales": 271936,
        "Cost of goods sold": 244038,
        "Gross Profit": 27898,
        "Financial expenses": 5816,
        "Of which: Interest expense": 5816,
        "Cost of sales": 2045,
        "Enterprise cost management": 17568,
        "Total Operating Expenses": 25429,
        "Total revenue financing activities": 6,
        "Net profit from business activities": 2475,
        "Profit": 53,
        "Profit before tax": 2528,
        "Present corporate income tax expenses": 506,
        "Deferred income taxes expenses": "N/A",
        "The interests of minority shareholders": "N/A",
        "Total Cost of profits": 506,
        "Profit after tax corporate income": 2022,
        "Volume": 4697351,
        "Close of Quarter": 7.3,
        "EPS": 1374,
        "Non-adjusted EPS": 1374,
        "PE": 5.3,
        "Book Price": 12.7
      }
    },
    {
      "quarter": "Q2 2016",
      "income status": {
        "Net sales": 313708,
        "Cost of goods sold": 285429,
        "Gross Profit": 28279,
        "Financial expenses": 6617,
        "Of which: Interest expense": 6720,
        "Cost of sales": -50,
        "Enterprise cost management": 20679,
        "Total Operating Expenses": 27246,
        "Total revenue financing activities": 57,
        "Net profit from business activities": 1090,
        "Profit": 841,
        "Profit before tax": 1931,
        "Present corporate income tax expenses": 367,
        "Deferred income taxes expenses": "N/A",
        "The interests of minority shareholders": "N/A",
        "Total Cost of profits": 367,
        "Profit after tax corporate income": 1565,
        "Volume": 4697351,
        "Close of Quarter": 8.2,
        "EPS": 1300,
        "Non-adjusted EPS": 1300,
        "PE": 6.3,
        "Book Price": 12.3
      }
    },
    {
      "quarter": "Q1 2016",
      "income status": {
        "Net sales": 218405,
        "Cost of goods sold": 193185,
        "Gross Profit": 25219,
        "Financial expenses": 6491,
        "Of which: Interest expense": 5514,
        "Cost of sales": 1692,
        "Enterprise cost management": 15257,
        "Total Operating Expenses": 23440,
        "Total revenue financing activities": 38,
        "Net profit from business activities": 1818,
        "Profit": 62,
        "Profit before tax": 1879,
        "Present corporate income tax expenses": 413,
        "Deferred income taxes expenses": "N/A",
        "The interests of minority shareholders": "N/A",
        "Total Cost of profits": 413,
        "Profit after tax corporate income": 1466,
        "Volume": 4697351,
        "Close of Quarter": 5.9,
        "EPS": 1313,
        "Non-adjusted EPS": 1313,
        "PE": 4.5,
        "Book Price": 12
      }
    },
    {
      "quarter": "Q4 2015",
      "income status": {
        "Net sales": 326284,
        "Cost of goods sold": 288128,
        "Gross Profit": 38156,
        "Financial expenses": 5626,
        "Of which: Interest expense": 5141,
        "Cost of sales": 9826,
        "Enterprise cost management": 21582,
        "Total Operating Expenses": 37034,
        "Total revenue financing activities": 204,
        "Net profit from business activities": 1327,
        "Profit": 467,
        "Profit before tax": 1794,
        "Present corporate income tax expenses": 395,
        "Deferred income taxes expenses": "N/A",
        "The interests of minority shareholders": "N/A",
        "Total Cost of profits": 395,
        "Profit after tax corporate income": 1399,
        "Volume": 4697351,
        "Close of Quarter": 7.1,
        "EPS": 1308,
        "Non-adjusted EPS": 1308,
        "PE": 5.4,
        "Book Price": 11.5
      }
    },
    {
      "quarter": "Q3 2015",
      "income status": {
        "Net sales": 214757,
        "Cost of goods sold": 192159,
        "Gross Profit": 22598,
        "Financial expenses": 3880,
        "Of which: Interest expense": 2978,
        "Cost of sales": 601,
        "Enterprise cost management": 16611,
        "Total Operating Expenses": 21092,
        "Total revenue financing activities": 551,
        "Net profit from business activities": 2057,
        "Profit": 90,
        "Profit before tax": 2147,
        "Present corporate income tax expenses": 472,
        "Deferred income taxes expenses": "N/A",
        "The interests of minority shareholders": "N/A",
        "Total Cost of profits": 472,
        "Profit after tax corporate income": 1675,
        "Volume": 4085000,
        "Close of Quarter": 5.8,
        "EPS": 1400.1,
        "Non-adjusted EPS": 1610,
        "PE": 3.6,
        "Book Price": 12.4
      }
    },
    {
      "quarter": "Q2 2015",
      "income status": {
        "Net sales": 201700,
        "Cost of goods sold": 179172,
        "Gross Profit": 22528,
        "Financial expenses": 3568,
        "Of which: Interest expense": 2066,
        "Cost of sales": 1487,
        "Enterprise cost management": 15994,
        "Total Operating Expenses": 21049,
        "Total revenue financing activities": 608,
        "Net profit from business activities": 2087,
        "Profit": 7,
        "Profit before tax": 2094,
        "Present corporate income tax expenses": 468,
        "Deferred income taxes expenses": "N/A",
        "The interests of minority shareholders": "N/A",
        "Total Cost of profits": 468,
        "Profit after tax corporate income": 1627,
        "Volume": 4085000,
        "Close of Quarter": "N/A",
        "EPS": 1237.5,
        "Non-adjusted EPS": 1423,
        "PE": "N/A",
        "Book Price": 12.1
      }
    },
    {
      "quarter": "Q1 2015",
      "income status": {
        "Net sales": 209763,
        "Cost of goods sold": 195597,
        "Gross Profit": 14166,
        "Financial expenses": 1937,
        "Of which: Interest expense": 1483,
        "Cost of sales": 553,
        "Enterprise cost management": 9905,
        "Total Operating Expenses": 12395,
        "Total revenue financing activities": 10,
        "Net profit from business activities": 1780,
        "Profit": 60,
        "Profit before tax": 1840,
        "Present corporate income tax expenses": 398,
        "Deferred income taxes expenses": "N/A",
        "The interests of minority shareholders": "N/A",
        "Total Cost of profits": 398,
        "Profit after tax corporate income": 1442,
        "Volume": 4085000,
        "Close of Quarter": "N/A",
        "EPS": 763.5,
        "Non-adjusted EPS": 878,
        "PE": "N/A",
        "Book Price": 11.8
      }
    },
    {
      "quarter": "Q2 2014",
      "income status": {
        "Net sales": 269141,
        "Cost of goods sold": 249304,
        "Gross Profit": 19837,
        "Financial expenses": 4582,
        "Of which: Interest expense": 1603,
        "Cost of sales": 550,
        "Enterprise cost management": 12436,
        "Total Operating Expenses": 17568,
        "Total revenue financing activities": 94,
        "Net profit from business activities": 2362,
        "Profit": -13,
        "Profit before tax": 2348,
        "Present corporate income tax expenses": 517,
        "Deferred income taxes expenses": "N/A",
        "The interests of minority shareholders": "N/A",
        "Total Cost of profits": 517,
        "Profit after tax corporate income": 1832,
        "Volume": 4085000,
        "Close of Quarter": "N/A",
        "EPS": 666.1,
        "Non-adjusted EPS": 766,
        "PE": "N/A",
        "Book Price": 10.9
      }
    },
    {
      "quarter": "Q1 2014",
      "income status": {
        "Net sales": 141812,
        "Cost of goods sold": 128168,
        "Gross Profit": 13644,
        "Financial expenses": 3724,
        "Of which: Interest expense": 1636,
        "Cost of sales": 640,
        "Enterprise cost management": 8158,
        "Total Operating Expenses": 12522,
        "Total revenue financing activities": 13,
        "Net profit from business activities": 1134,
        "Profit": 42,
        "Profit before tax": 1176,
        "Present corporate income tax expenses": 263,
        "Deferred income taxes expenses": "N/A",
        "The interests of minority shareholders": "N/A",
        "Total Cost of profits": 263,
        "Profit after tax corporate income": 913,
        "Volume": 4085000,
        "Close of Quarter": "N/A",
        "EPS": 380.9,
        "Non-adjusted EPS": 438,
        "PE": "N/A",
        "Book Price": "N/A"
      }
    },
    {
      "quarter": "Q2 2013",
      "income status": {
        "Net sales": 201508,
        "Cost of goods sold": 182166,
        "Gross Profit": 19342,
        "Financial expenses": 7428,
        "Of which: Interest expense": 2199,
        "Cost of sales": 703,
        "Enterprise cost management": 12165,
        "Total Operating Expenses": 20296,
        "Total revenue financing activities": 157,
        "Net profit from business activities": -798,
        "Profit": 2,
        "Profit before tax": -796,
        "Present corporate income tax expenses": -196,
        "Deferred income taxes expenses": "N/A",
        "The interests of minority shareholders": "N/A",
        "Total Cost of profits": -196,
        "Profit after tax corporate income": -600,
        "Volume": 4085000,
        "Close of Quarter": "N/A",
        "EPS": 503.5,
        "Non-adjusted EPS": 579,
        "PE": "N/A",
        "Book Price": 10.5
      }
    },
    {
      "quarter": "Q1 2013",
      "income status": {
        "Net sales": 208971,
        "Cost of goods sold": 191037,
        "Gross Profit": 17934,
        "Financial expenses": 5718,
        "Of which: Interest expense": 1915,
        "Cost of sales": 446,
        "Enterprise cost management": 10578,
        "Total Operating Expenses": 16742,
        "Total revenue financing activities": 18,
        "Net profit from business activities": 1210,
        "Profit": 104,
        "Profit before tax": 1314,
        "Present corporate income tax expenses": 329,
        "Deferred income taxes expenses": "N/A",
        "The interests of minority shareholders": "N/A",
        "Total Cost of profits": 329,
        "Profit after tax corporate income": 986,
        "Volume": 4085000,
        "Close of Quarter": "N/A",
        "EPS": 631.4,
        "Non-adjusted EPS": 726,
        "PE": "N/A",
        "Book Price": 10.6
      }
    },
    {
      "quarter": "Q3 2012",
      "income status": {
        "Net sales": 224948,
        "Cost of goods sold": 203323,
        "Gross Profit": 21626,
        "Financial expenses": 6436,
        "Of which: Interest expense": 1427,
        "Cost of sales": 540,
        "Enterprise cost management": 11327,
        "Total Operating Expenses": 18303,
        "Total revenue financing activities": 81,
        "Net profit from business activities": 3404,
        "Profit": -2675,
        "Profit before tax": 729,
        "Present corporate income tax expenses": 239,
        "Deferred income taxes expenses": "N/A",
        "The interests of minority shareholders": "N/A",
        "Total Cost of profits": 239,
        "Profit after tax corporate income": 490,
        "Volume": 4085000,
        "Close of Quarter": "N/A",
        "EPS": 420.9,
        "Non-adjusted EPS": 484,
        "PE": "N/A",
        "Book Price": "N/A"
      }
    },
    {
      "quarter": "Q1 2012",
      "income status": {
        "Net sales": 274133,
        "Cost of goods sold": 256215,
        "Gross Profit": 17917,
        "Financial expenses": 5431,
        "Of which: Interest expense": 1198,
        "Cost of sales": 709,
        "Enterprise cost management": 9887,
        "Total Operating Expenses": 16027,
        "Total revenue financing activities": 125,
        "Net profit from business activities": 2015,
        "Profit": 43,
        "Profit before tax": 2058,
        "Present corporate income tax expenses": 571,
        "Deferred income taxes expenses": "N/A",
        "The interests of minority shareholders": "N/A",
        "Total Cost of profits": 571,
        "Profit after tax corporate income": 1488,
        "Volume": 4085000,
        "Close of Quarter": "N/A",
        "EPS": 316.6,
        "Non-adjusted EPS": 364,
        "PE": "N/A",
        "Book Price": "N/A"
      }
    }
  ]
}