{
  "ticker": "DXV",
  "data": [
    {
      "quarter": "Q4 2016",
      "income status": {
        "Net sales": 108972,
        "Cost of goods sold": 107184,
        "Gross Profit": 1788,
        "Financial expenses": 235,
        "Of which: Interest expense": "N/A",
        "Cost of sales": 2756,
        "Enterprise cost management": 3110,
        "Total Operating Expenses": 6101,
        "Total revenue financing activities": 575,
        "Net profit from business activities": -3737,
        "Profit": 2735,
        "Profit before tax": -1003,
        "Present corporate income tax expenses": "N/A",
        "Deferred income taxes expenses": "N/A",
        "The interests of minority shareholders": "N/A",
        "Total Cost of profits": 0,
        "Profit after tax corporate income": -1003,
        "Volume": 9900000,
        "Close of Quarter": 5,
        "EPS": 546,
        "Non-adjusted EPS": 546,
        "PE": 9.2,
        "Book Price": 11.8
      }
    },
    {
      "quarter": "Q3 2016",
      "income status": {
        "Net sales": 121963,
        "Cost of goods sold": 113133,
        "Gross Profit": 8830,
        "Financial expenses": 30,
        "Of which: Interest expense": "N/A",
        "Cost of sales": 2831,
        "Enterprise cost management": 5500,
        "Total Operating Expenses": 8361,
        "Total revenue financing activities": 127,
        "Net profit from business activities": 596,
        "Profit": 1861,
        "Profit before tax": 2457,
        "Present corporate income tax expenses": 491,
        "Deferred income taxes expenses": "N/A",
        "The interests of minority shareholders": "N/A",
        "Total Cost of profits": 491,
        "Profit after tax corporate income": 1965,
        "Volume": 9900000,
        "Close of Quarter": 4.9,
        "EPS": 700,
        "Non-adjusted EPS": 700,
        "PE": 6.9,
        "Book Price": 11.9
      }
    },
    {
      "quarter": "Q2 2016",
      "income status": {
        "Net sales": 138463,
        "Cost of goods sold": 127692,
        "Gross Profit": 10771,
        "Financial expenses": -100,
        "Of which: Interest expense": "N/A",
        "Cost of sales": 2859,
        "Enterprise cost management": 6604,
        "Total Operating Expenses": 9363,
        "Total revenue financing activities": 573,
        "Net profit from business activities": 1981,
        "Profit": 1764,
        "Profit before tax": 3745,
        "Present corporate income tax expenses": 754,
        "Deferred income taxes expenses": "N/A",
        "The interests of minority shareholders": "N/A",
        "Total Cost of profits": 754,
        "Profit after tax corporate income": 2991,
        "Volume": 9900000,
        "Close of Quarter": 4.5,
        "EPS": 587,
        "Non-adjusted EPS": 587,
        "PE": 7.7,
        "Book Price": 11.7
      }
    },
    {
      "quarter": "Q1 2016",
      "income status": {
        "Net sales": 101203,
        "Cost of goods sold": 92410,
        "Gross Profit": 8793,
        "Financial expenses": 150,
        "Of which: Interest expense": "N/A",
        "Cost of sales": 2296,
        "Enterprise cost management": 4498,
        "Total Operating Expenses": 6944,
        "Total revenue financing activities": 51,
        "Net profit from business activities": 1901,
        "Profit": -81,
        "Profit before tax": 1820,
        "Present corporate income tax expenses": 366,
        "Deferred income taxes expenses": "N/A",
        "The interests of minority shareholders": "N/A",
        "Total Cost of profits": 366,
        "Profit after tax corporate income": 1454,
        "Volume": 9900000,
        "Close of Quarter": 4,
        "EPS": 412,
        "Non-adjusted EPS": 412,
        "PE": 9.7,
        "Book Price": 11.4
      }
    },
    {
      "quarter": "Q4 2015",
      "income status": {
        "Net sales": 98477,
        "Cost of goods sold": 90404,
        "Gross Profit": 8073,
        "Financial expenses": 59,
        "Of which: Interest expense": "N/A",
        "Cost of sales": 2945,
        "Enterprise cost management": 4854,
        "Total Operating Expenses": 7858,
        "Total revenue financing activities": 560,
        "Net profit from business activities": 775,
        "Profit": 138,
        "Profit before tax": 914,
        "Present corporate income tax expenses": 394,
        "Deferred income taxes expenses": "N/A",
        "The interests of minority shareholders": "N/A",
        "Total Cost of profits": 394,
        "Profit after tax corporate income": 520,
        "Volume": 9900000,
        "Close of Quarter": 3.9,
        "EPS": 387,
        "Non-adjusted EPS": 387,
        "PE": 10.1,
        "Book Price": 11.2
      }
    },
    {
      "quarter": "Q3 2015",
      "income status": {
        "Net sales": 135462,
        "Cost of goods sold": 126027,
        "Gross Profit": 9435,
        "Financial expenses": 150,
        "Of which: Interest expense": 150,
        "Cost of sales": 4351,
        "Enterprise cost management": 4392,
        "Total Operating Expenses": 8893,
        "Total revenue financing activities": 10,
        "Net profit from business activities": 552,
        "Profit": 536,
        "Profit before tax": 1088,
        "Present corporate income tax expenses": 239,
        "Deferred income taxes expenses": "N/A",
        "The interests of minority shareholders": "N/A",
        "Total Cost of profits": 239,
        "Profit after tax corporate income": 848,
        "Volume": 9900000,
        "Close of Quarter": 4.2,
        "EPS": 430,
        "Non-adjusted EPS": 430,
        "PE": 9.8,
        "Book Price": 11.2
      }
    },
    {
      "quarter": "Q2 2015",
      "income status": {
        "Net sales": 179453,
        "Cost of goods sold": 168077,
        "Gross Profit": 11376,
        "Financial expenses": 246,
        "Of which: Interest expense": 137,
        "Cost of sales": 3310,
        "Enterprise cost management": 5879,
        "Total Operating Expenses": 9435,
        "Total revenue financing activities": 524,
        "Net profit from business activities": 2466,
        "Profit": -55,
        "Profit before tax": 2411,
        "Present corporate income tax expenses": 1157,
        "Deferred income taxes expenses": "N/A",
        "The interests of minority shareholders": "N/A",
        "Total Cost of profits": 1157,
        "Profit after tax corporate income": 1253,
        "Volume": 9900000,
        "Close of Quarter": 4.2,
        "EPS": 472,
        "Non-adjusted EPS": 472,
        "PE": 8.9,
        "Book Price": 11.1
      }
    },
    {
      "quarter": "Q1 2015",
      "income status": {
        "Net sales": 121128,
        "Cost of goods sold": 113934,
        "Gross Profit": 7194,
        "Financial expenses": 295,
        "Of which: Interest expense": 295,
        "Cost of sales": 3128,
        "Enterprise cost management": 3311,
        "Total Operating Expenses": 6734,
        "Total revenue financing activities": 460,
        "Net profit from business activities": 921,
        "Profit": 636,
        "Profit before tax": 1557,
        "Present corporate income tax expenses": 343,
        "Deferred income taxes expenses": "N/A",
        "The interests of minority shareholders": "N/A",
        "Total Cost of profits": 343,
        "Profit after tax corporate income": 1215,
        "Volume": 9900000,
        "Close of Quarter": 4.5,
        "EPS": 555,
        "Non-adjusted EPS": 555,
        "PE": 8.1,
        "Book Price": 11
      }
    },
    {
      "quarter": "Q4 2014",
      "income status": {
        "Net sales": 153962,
        "Cost of goods sold": 147344,
        "Gross Profit": 6619,
        "Financial expenses": 125,
        "Of which: Interest expense": 125,
        "Cost of sales": 2064,
        "Enterprise cost management": 4670,
        "Total Operating Expenses": 6859,
        "Total revenue financing activities": 467,
        "Net profit from business activities": 226,
        "Profit": 980,
        "Profit before tax": 1206,
        "Present corporate income tax expenses": 267,
        "Deferred income taxes expenses": "N/A",
        "The interests of minority shareholders": "N/A",
        "Total Cost of profits": 267,
        "Profit after tax corporate income": 939,
        "Volume": 9900000,
        "Close of Quarter": 4.9,
        "EPS": 507,
        "Non-adjusted EPS": 507,
        "PE": 9.7,
        "Book Price": 10.9
      }
    },
    {
      "quarter": "Q3 2014",
      "income status": {
        "Net sales": 189511,
        "Cost of goods sold": 185256,
        "Gross Profit": 4255,
        "Financial expenses": 454,
        "Of which: Interest expense": "N/A",
        "Cost of sales": 3748,
        "Enterprise cost management": 3654,
        "Total Operating Expenses": 7856,
        "Total revenue financing activities": 365,
        "Net profit from business activities": -3235,
        "Profit": 4852,
        "Profit before tax": 1617,
        "Present corporate income tax expenses": 356,
        "Deferred income taxes expenses": "N/A",
        "The interests of minority shareholders": "N/A",
        "Total Cost of profits": 356,
        "Profit after tax corporate income": 1262,
        "Volume": 9900000,
        "Close of Quarter": 4.7,
        "EPS": 531,
        "Non-adjusted EPS": 531,
        "PE": 8.9,
        "Book Price": 10.8
      }
    },
    {
      "quarter": "Q2 2014",
      "income status": {
        "Net sales": 200984,
        "Cost of goods sold": 196400,
        "Gross Profit": 4583,
        "Financial expenses": 112,
        "Of which: Interest expense": -198,
        "Cost of sales": 3989,
        "Enterprise cost management": 5088,
        "Total Operating Expenses": 9189,
        "Total revenue financing activities": 508,
        "Net profit from business activities": -4098,
        "Profit": 6783,
        "Profit before tax": 2685,
        "Present corporate income tax expenses": 611,
        "Deferred income taxes expenses": "N/A",
        "The interests of minority shareholders": "N/A",
        "Total Cost of profits": 611,
        "Profit after tax corporate income": 2074,
        "Volume": 9900000,
        "Close of Quarter": 4.5,
        "EPS": 498,
        "Non-adjusted EPS": 498,
        "PE": 9.0,
        "Book Price": 10.7
      }
    },
    {
      "quarter": "Q1 2014",
      "income status": {
        "Net sales": 146266,
        "Cost of goods sold": 144199,
        "Gross Profit": 2067,
        "Financial expenses": 454,
        "Of which: Interest expense": 454,
        "Cost of sales": 3134,
        "Enterprise cost management": 2728,
        "Total Operating Expenses": 6316,
        "Total revenue financing activities": 336,
        "Net profit from business activities": -3913,
        "Profit": 4867,
        "Profit before tax": 954,
        "Present corporate income tax expenses": 210,
        "Deferred income taxes expenses": "N/A",
        "The interests of minority shareholders": "N/A",
        "Total Cost of profits": 210,
        "Profit after tax corporate income": 744,
        "Volume": 9900000,
        "Close of Quarter": 5.8,
        "EPS": 546,
        "Non-adjusted EPS": 546,
        "PE": 10.6,
        "Book Price": 10.5
      }
    },
    {
      "quarter": "Q4 2013",
      "income status": {
        "Net sales": 136351,
        "Cost of goods sold": 132871,
        "Gross Profit": 3479,
        "Financial expenses": 210,
        "Of which: Interest expense": 210,
        "Cost of sales": 2986,
        "Enterprise cost management": 2996,
        "Total Operating Expenses": 6192,
        "Total revenue financing activities": 400,
        "Net profit from business activities": -2313,
        "Profit": 3878,
        "Profit before tax": 1565,
        "Present corporate income tax expenses": 391,
        "Deferred income taxes expenses": "N/A",
        "The interests of minority shareholders": "N/A",
        "Total Cost of profits": 391,
        "Profit after tax corporate income": 1174,
        "Volume": 9900000,
        "Close of Quarter": 3.8,
        "EPS": 471,
        "Non-adjusted EPS": 471,
        "PE": 8.1,
        "Book Price": 10.4
      }
    },
    {
      "quarter": "Q3 2013",
      "income status": {
        "Net sales": 157655,
        "Cost of goods sold": 155432,
        "Gross Profit": 2222,
        "Financial expenses": 377,
        "Of which: Interest expense": 377,
        "Cost of sales": 2339,
        "Enterprise cost management": 2525,
        "Total Operating Expenses": 5241,
        "Total revenue financing activities": 432,
        "Net profit from business activities": -2587,
        "Profit": 3834,
        "Profit before tax": 1247,
        "Present corporate income tax expenses": 312,
        "Deferred income taxes expenses": "N/A",
        "The interests of minority shareholders": "N/A",
        "Total Cost of profits": 312,
        "Profit after tax corporate income": 935,
        "Volume": 9900000,
        "Close of Quarter": 3,
        "EPS": 356,
        "Non-adjusted EPS": 356,
        "PE": 8.4,
        "Book Price": 10.3
      }
    },
    {
      "quarter": "Q2 2013",
      "income status": {
        "Net sales": 673384,
        "Cost of goods sold": 669811,
        "Gross Profit": 3572,
        "Financial expenses": 467,
        "Of which: Interest expense": 368,
        "Cost of sales": 3597,
        "Enterprise cost management": 2955,
        "Total Operating Expenses": 7019,
        "Total revenue financing activities": 600,
        "Net profit from business activities": -2846,
        "Profit": 6250,
        "Profit before tax": 3404,
        "Present corporate income tax expenses": 851,
        "Deferred income taxes expenses": "N/A",
        "The interests of minority shareholders": "N/A",
        "Total Cost of profits": 851,
        "Profit after tax corporate income": 2553,
        "Volume": 9900000,
        "Close of Quarter": 3,
        "EPS": 386,
        "Non-adjusted EPS": 386,
        "PE": 7.8,
        "Book Price": 10.2
      }
    },
    {
      "quarter": "Q1 2013",
      "income status": {
        "Net sales": 133363,
        "Cost of goods sold": 130003,
        "Gross Profit": 3359,
        "Financial expenses": 323,
        "Of which: Interest expense": 323,
        "Cost of sales": 3509,
        "Enterprise cost management": 2907,
        "Total Operating Expenses": 6739,
        "Total revenue financing activities": 485,
        "Net profit from business activities": -2894,
        "Profit": 2895,
        "Profit before tax": 1,
        "Present corporate income tax expenses": "N/A",
        "Deferred income taxes expenses": "N/A",
        "The interests of minority shareholders": "N/A",
        "Total Cost of profits": 0,
        "Profit after tax corporate income": 1,
        "Volume": 9900000,
        "Close of Quarter": 3.5,
        "EPS": 270,
        "Non-adjusted EPS": 270,
        "PE": 13.0,
        "Book Price": 9.6
      }
    },
    {
      "quarter": "Q4 2012",
      "income status": {
        "Net sales": 133173,
        "Cost of goods sold": 132134,
        "Gross Profit": 1040,
        "Financial expenses": -172,
        "Of which: Interest expense": -172,
        "Cost of sales": 4147,
        "Enterprise cost management": 3406,
        "Total Operating Expenses": 7381,
        "Total revenue financing activities": 776,
        "Net profit from business activities": -5565,
        "Profit": 5616,
        "Profit before tax": 51,
        "Present corporate income tax expenses": 13,
        "Deferred income taxes expenses": "N/A",
        "The interests of minority shareholders": "N/A",
        "Total Cost of profits": 13,
        "Profit after tax corporate income": 38,
        "Volume": 9900000,
        "Close of Quarter": 3.9,
        "EPS": 453,
        "Non-adjusted EPS": 453,
        "PE": 8.6,
        "Book Price": 9.6
      }
    },
    {
      "quarter": "Q3 2012",
      "income status": {
        "Net sales": 150786,
        "Cost of goods sold": 146749,
        "Gross Profit": 4036,
        "Financial expenses": 159,
        "Of which: Interest expense": 159,
        "Cost of sales": 2816,
        "Enterprise cost management": 2432,
        "Total Operating Expenses": 5407,
        "Total revenue financing activities": 493,
        "Net profit from business activities": -878,
        "Profit": 2519,
        "Profit before tax": 1641,
        "Present corporate income tax expenses": 410,
        "Deferred income taxes expenses": "N/A",
        "The interests of minority shareholders": "N/A",
        "Total Cost of profits": 410,
        "Profit after tax corporate income": 1230,
        "Volume": 9900000,
        "Close of Quarter": 4.1,
        "EPS": 638,
        "Non-adjusted EPS": 638,
        "PE": 6.4,
        "Book Price": 10.2
      }
    },
    {
      "quarter": "Q2 2012",
      "income status": {
        "Net sales": 191304,
        "Cost of goods sold": 190144,
        "Gross Profit": 1160,
        "Financial expenses": 1076,
        "Of which: Interest expense": 1076,
        "Cost of sales": 2389,
        "Enterprise cost management": 2973,
        "Total Operating Expenses": 6438,
        "Total revenue financing activities": 895,
        "Net profit from business activities": -4382,
        "Profit": 6521,
        "Profit before tax": 2139,
        "Present corporate income tax expenses": 733,
        "Deferred income taxes expenses": "N/A",
        "The interests of minority shareholders": "N/A",
        "Total Cost of profits": 733,
        "Profit after tax corporate income": 1406,
        "Volume": 9900000,
        "Close of Quarter": 4.9,
        "EPS": 668,
        "Non-adjusted EPS": 668,
        "PE": 7.3,
        "Book Price": 10.1
      }
    },
    {
      "quarter": "Q1 2012",
      "income status": {
        "Net sales": 170815,
        "Cost of goods sold": 168140,
        "Gross Profit": 2675,
        "Financial expenses": 909,
        "Of which: Interest expense": 909,
        "Cost of sales": 3009,
        "Enterprise cost management": 2843,
        "Total Operating Expenses": 6761,
        "Total revenue financing activities": 829,
        "Net profit from business activities": -3258,
        "Profit": 5682,
        "Profit before tax": 2425,
        "Present corporate income tax expenses": 612,
        "Deferred income taxes expenses": "N/A",
        "The interests of minority shareholders": "N/A",
        "Total Cost of profits": 612,
        "Profit after tax corporate income": 1813,
        "Volume": 9900000,
        "Close of Quarter": 4.6,
        "EPS": 803,
        "Non-adjusted EPS": 803,
        "PE": 5.7,
        "Book Price": 10.1
      }
    },
    {
      "quarter": "Q4 2011",
      "income status": {
        "Net sales": 145972,
        "Cost of goods sold": 144000,
        "Gross Profit": 1972,
        "Financial expenses": 817,
        "Of which: Interest expense": 817,
        "Cost of sales": 1948,
        "Enterprise cost management": 2730,
        "Total Operating Expenses": 5495,
        "Total revenue financing activities": 1482,
        "Net profit from business activities": -2042,
        "Profit": 4530,
        "Profit before tax": 2488,
        "Present corporate income tax expenses": 622,
        "Deferred income taxes expenses": "N/A",
        "The interests of minority shareholders": "N/A",
        "Total Cost of profits": 622,
        "Profit after tax corporate income": 1866,
        "Volume": 9900000,
        "Close of Quarter": 3.0,
        "EPS": 756,
        "Non-adjusted EPS": 756,
        "PE": 3.9,
        "Book Price": 9.9
      }
    },
    {
      "quarter": "Q3 2011",
      "income status": {
        "Net sales": 146491,
        "Cost of goods sold": 143646,
        "Gross Profit": 2845,
        "Financial expenses": 1059,
        "Of which: Interest expense": "N/A",
        "Cost of sales": 1845,
        "Enterprise cost management": 2344,
        "Total Operating Expenses": 5248,
        "Total revenue financing activities": 664,
        "Net profit from business activities": -1739,
        "Profit": 3774,
        "Profit before tax": 2034,
        "Present corporate income tax expenses": 509,
        "Deferred income taxes expenses": "N/A",
        "The interests of minority shareholders": "N/A",
        "Total Cost of profits": 509,
        "Profit after tax corporate income": 1526,
        "Volume": 9900000,
        "Close of Quarter": 5.1,
        "EPS": 2538,
        "Non-adjusted EPS": 2538,
        "PE": 2.0,
        "Book Price": 10
      }
    },
    {
      "quarter": "Q2 2011",
      "income status": {
        "Net sales": 180411,
        "Cost of goods sold": 172441,
        "Gross Profit": 7969,
        "Financial expenses": -5,
        "Of which: Interest expense": -5,
        "Cost of sales": 6195,
        "Enterprise cost management": 4445,
        "Total Operating Expenses": 10635,
        "Total revenue financing activities": 1961,
        "Net profit from business activities": -705,
        "Profit": 4665,
        "Profit before tax": 3960,
        "Present corporate income tax expenses": 1216,
        "Deferred income taxes expenses": "N/A",
        "The interests of minority shareholders": "N/A",
        "Total Cost of profits": 1216,
        "Profit after tax corporate income": 2744,
        "Volume": 9900000,
        "Close of Quarter": 4.5,
        "EPS": 2528,
        "Non-adjusted EPS": 2528,
        "PE": 1.8,
        "Book Price": 10.9
      }
    },
    {
      "quarter": "Q1 2011",
      "income status": {
        "Net sales": 114153,
        "Cost of goods sold": 112334,
        "Gross Profit": 1819,
        "Financial expenses": 1641,
        "Of which: Interest expense": 1641,
        "Cost of sales": 2235,
        "Enterprise cost management": 2116,
        "Total Operating Expenses": 5992,
        "Total revenue financing activities": 290,
        "Net profit from business activities": -3883,
        "Profit": 5676,
        "Profit before tax": 1793,
        "Present corporate income tax expenses": 448,
        "Deferred income taxes expenses": "N/A",
        "The interests of minority shareholders": "N/A",
        "Total Cost of profits": 448,
        "Profit after tax corporate income": 1345,
        "Volume": 9900000,
        "Close of Quarter": 7.3,
        "EPS": 2487,
        "Non-adjusted EPS": 2487,
        "PE": 2.9,
        "Book Price": 11.5
      }
    }
  ]
}