{
  "ticker": "HVT",
  "data": [
    {
      "quarter": "Q4 2016",
      "income status": {
        "Net sales": 184223,
        "Cost of goods sold": 141537,
        "Gross Profit": 42686,
        "Financial expenses": 4769,
        "Of which: Interest expense": 4769,
        "Cost of sales": 14218,
        "Enterprise cost management": 9939,
        "Total Operating Expenses": 28926,
        "Total revenue financing activities": 4,
        "Net profit from business activities": 13764,
        "Profit": 199,
        "Profit before tax": 13962,
        "Present corporate income tax expenses": 2796,
        "Deferred income taxes expenses": "N/A",
        "The interests of minority shareholders": "N/A",
        "Total Cost of profits": 2796,
        "Profit after tax corporate income": 11166,
        "Volume": 10988059,
        "Close of Quarter": 20.5,
        "EPS": 2801,
        "Non-adjusted EPS": 2801,
        "PE": 7.3,
        "Book Price": 13.1
      }
    },
    {
      "quarter": "Q3 2016",
      "income status": {
        "Net sales": 162062,
        "Cost of goods sold": 124866,
        "Gross Profit": 37196,
        "Financial expenses": 4583,
        "Of which: Interest expense": 4583,
        "Cost of sales": 12595,
        "Enterprise cost management": 8920,
        "Total Operating Expenses": 26098,
        "Total revenue financing activities": 8,
        "Net profit from business activities": 11106,
        "Profit": 174,
        "Profit before tax": 11281,
        "Present corporate income tax expenses": 2260,
        "Deferred income taxes expenses": "N/A",
        "The interests of minority shareholders": "N/A",
        "Total Cost of profits": 2260,
        "Profit after tax corporate income": 9021,
        "Volume": 7848772,
        "Close of Quarter": 17.2,
        "EPS": 2074.3,
        "Non-adjusted EPS": 2904,
        "PE": 5.9,
        "Book Price": 12.6
      }
    },
    {
      "quarter": "Q2 2016",
      "income status": {
        "Net sales": 150343,
        "Cost of goods sold": 118190,
        "Gross Profit": 32153,
        "Financial expenses": 5031,
        "Of which: Interest expense": 5031,
        "Cost of sales": 10429,
        "Enterprise cost management": 10615,
        "Total Operating Expenses": 26075,
        "Total revenue financing activities": 6,
        "Net profit from business activities": 6084,
        "Profit": 497,
        "Profit before tax": 6581,
        "Present corporate income tax expenses": 1320,
        "Deferred income taxes expenses": "N/A",
        "The interests of minority shareholders": "N/A",
        "Total Cost of profits": 1320,
        "Profit after tax corporate income": 5261,
        "Volume": 7848772,
        "Close of Quarter": 14.9,
        "EPS": 1655.8,
        "Non-adjusted EPS": 2318,
        "PE": 6.4,
        "Book Price": 11.9
      }
    },
    {
      "quarter": "Q1 2016",
      "income status": {
        "Net sales": 132038,
        "Cost of goods sold": 105772,
        "Gross Profit": 26266,
        "Financial expenses": 4402,
        "Of which: Interest expense": 4402,
        "Cost of sales": 9095,
        "Enterprise cost management": 6517,
        "Total Operating Expenses": 20014,
        "Total revenue financing activities": 5,
        "Net profit from business activities": 6257,
        "Profit": 405,
        "Profit before tax": 6662,
        "Present corporate income tax expenses": 1336,
        "Deferred income taxes expenses": "N/A",
        "The interests of minority shareholders": "N/A",
        "Total Cost of profits": 1336,
        "Profit after tax corporate income": 5326,
        "Volume": 7848772,
        "Close of Quarter": 12,
        "EPS": 1707.9,
        "Non-adjusted EPS": 2391,
        "PE": 5.0,
        "Book Price": 12.6
      }
    },
    {
      "quarter": "Q4 2015",
      "income status": {
        "Net sales": 143483,
        "Cost of goods sold": 119709,
        "Gross Profit": 23774,
        "Financial expenses": 4493,
        "Of which: Interest expense": 4493,
        "Cost of sales": 9047,
        "Enterprise cost management": 6815,
        "Total Operating Expenses": 20355,
        "Total revenue financing activities": 4,
        "Net profit from business activities": 3423,
        "Profit": 660,
        "Profit before tax": 4083,
        "Present corporate income tax expenses": 902,
        "Deferred income taxes expenses": "N/A",
        "The interests of minority shareholders": "N/A",
        "Total Cost of profits": 902,
        "Profit after tax corporate income": 3181,
        "Volume": 7848772,
        "Close of Quarter": 11.7,
        "EPS": 1690.8,
        "Non-adjusted EPS": 2367,
        "PE": 5.0,
        "Book Price": 12.2
      }
    },
    {
      "quarter": "Q3 2015",
      "income status": {
        "Net sales": 131092,
        "Cost of goods sold": 106848,
        "Gross Profit": 24244,
        "Financial expenses": 4182,
        "Of which: Interest expense": 4182,
        "Cost of sales": 8104,
        "Enterprise cost management": 6783,
        "Total Operating Expenses": 19069,
        "Total revenue financing activities": 7,
        "Net profit from business activities": 5181,
        "Profit": 496,
        "Profit before tax": 5677,
        "Present corporate income tax expenses": 1253,
        "Deferred income taxes expenses": "N/A",
        "The interests of minority shareholders": "N/A",
        "Total Cost of profits": 1253,
        "Profit after tax corporate income": 4424,
        "Volume": 7848772,
        "Close of Quarter": 11.0,
        "EPS": 2005.8,
        "Non-adjusted EPS": 2808,
        "PE": 3.9,
        "Book Price": 11.9
      }
    },
    {
      "quarter": "Q2 2015",
      "income status": {
        "Net sales": 120311,
        "Cost of goods sold": 96476,
        "Gross Profit": 23836,
        "Financial expenses": 2554,
        "Of which: Interest expense": 2554,
        "Cost of sales": 7322,
        "Enterprise cost management": 6963,
        "Total Operating Expenses": 16839,
        "Total revenue financing activities": 5,
        "Net profit from business activities": 7002,
        "Profit": 484,
        "Profit before tax": 7487,
        "Present corporate income tax expenses": 1651,
        "Deferred income taxes expenses": "N/A",
        "The interests of minority shareholders": "N/A",
        "Total Cost of profits": 1651,
        "Profit after tax corporate income": 5835,
        "Volume": 7848772,
        "Close of Quarter": 11.4,
        "EPS": 2110.8,
        "Non-adjusted EPS": 2955,
        "PE": 3.8,
        "Book Price": 11.5
      }
    },
    {
      "quarter": "Q1 2015",
      "income status": {
        "Net sales": 92798,
        "Cost of goods sold": 72553,
        "Gross Profit": 20244,
        "Financial expenses": 1353,
        "Of which: Interest expense": 1353,
        "Cost of sales": 5741,
        "Enterprise cost management": 6946,
        "Total Operating Expenses": 14040,
        "Total revenue financing activities": 5,
        "Net profit from business activities": 6210,
        "Profit": 384,
        "Profit before tax": 6594,
        "Present corporate income tax expenses": 1454,
        "Deferred income taxes expenses": "N/A",
        "The interests of minority shareholders": "N/A",
        "Total Cost of profits": 1454,
        "Profit after tax corporate income": 5139,
        "Volume": 7848772,
        "Close of Quarter": 10.7,
        "EPS": 2178.6,
        "Non-adjusted EPS": 3050,
        "PE": 3.5,
        "Book Price": 12.3
      }
    },
    {
      "quarter": "Q4 2014",
      "income status": {
        "Net sales": 103063,
        "Cost of goods sold": 78750,
        "Gross Profit": 24314,
        "Financial expenses": 1455,
        "Of which: Interest expense": 1455,
        "Cost of sales": 6848,
        "Enterprise cost management": 8041,
        "Total Operating Expenses": 16344,
        "Total revenue financing activities": 10,
        "Net profit from business activities": 7979,
        "Profit": 553,
        "Profit before tax": 8532,
        "Present corporate income tax expenses": 1889,
        "Deferred income taxes expenses": "N/A",
        "The interests of minority shareholders": "N/A",
        "Total Cost of profits": 1889,
        "Profit after tax corporate income": 6642,
        "Volume": 7848772,
        "Close of Quarter": 11.3,
        "EPS": 2157.9,
        "Non-adjusted EPS": 3021,
        "PE": 3.7,
        "Book Price": 11.8
      }
    },
    {
      "quarter": "Q3 2014",
      "income status": {
        "Net sales": 93228,
        "Cost of goods sold": 72446,
        "Gross Profit": 20782,
        "Financial expenses": 1354,
        "Of which: Interest expense": 1354,
        "Cost of sales": 5594,
        "Enterprise cost management": 6766,
        "Total Operating Expenses": 13714,
        "Total revenue financing activities": 11,
        "Net profit from business activities": 7079,
        "Profit": 189,
        "Profit before tax": 7268,
        "Present corporate income tax expenses": 1692,
        "Deferred income taxes expenses": "N/A",
        "The interests of minority shareholders": "N/A",
        "Total Cost of profits": 1692,
        "Profit after tax corporate income": 5575,
        "Volume": 7848772,
        "Close of Quarter": 10.9,
        "EPS": 2127.2,
        "Non-adjusted EPS": 2978,
        "PE": 3.7,
        "Book Price": 11.2
      }
    },
    {
      "quarter": "Q2 2014",
      "income status": {
        "Net sales": 94628,
        "Cost of goods sold": 71314,
        "Gross Profit": 23313,
        "Financial expenses": 1256,
        "Of which: Interest expense": 1256,
        "Cost of sales": 6530,
        "Enterprise cost management": 7596,
        "Total Operating Expenses": 15382,
        "Total revenue financing activities": 5,
        "Net profit from business activities": 7936,
        "Profit": 511,
        "Profit before tax": 8447,
        "Present corporate income tax expenses": 1862,
        "Deferred income taxes expenses": "N/A",
        "The interests of minority shareholders": "N/A",
        "Total Cost of profits": 1862,
        "Profit after tax corporate income": 6586,
        "Volume": 7848772,
        "Close of Quarter": 9.8,
        "EPS": 2032.2,
        "Non-adjusted EPS": 2845,
        "PE": 3.5,
        "Book Price": 10.7
      }
    },
    {
      "quarter": "Q1 2014",
      "income status": {
        "Net sales": 77524,
        "Cost of goods sold": 59656,
        "Gross Profit": 17868,
        "Financial expenses": 1427,
        "Of which: Interest expense": 1427,
        "Cost of sales": 4220,
        "Enterprise cost management": 6774,
        "Total Operating Expenses": 12421,
        "Total revenue financing activities": 5,
        "Net profit from business activities": 5452,
        "Profit": 846,
        "Profit before tax": 6298,
        "Present corporate income tax expenses": 1388,
        "Deferred income taxes expenses": "N/A",
        "The interests of minority shareholders": "N/A",
        "Total Cost of profits": 1388,
        "Profit after tax corporate income": 4910,
        "Volume": 7848772,
        "Close of Quarter": 10.2,
        "EPS": 1879.3,
        "Non-adjusted EPS": 2631,
        "PE": 3.9,
        "Book Price": 10.9
      }
    },
    {
      "quarter": "Q4 2013",
      "income status": {
        "Net sales": 90118,
        "Cost of goods sold": 66943,
        "Gross Profit": 23175,
        "Financial expenses": 1417,
        "Of which: Interest expense": 1417,
        "Cost of sales": 6623,
        "Enterprise cost management": 7242,
        "Total Operating Expenses": 15282,
        "Total revenue financing activities": 4,
        "Net profit from business activities": 7896,
        "Profit": 528,
        "Profit before tax": 8424,
        "Present corporate income tax expenses": 2121,
        "Deferred income taxes expenses": "N/A",
        "The interests of minority shareholders": "N/A",
        "Total Cost of profits": 2121,
        "Profit after tax corporate income": 6303,
        "Volume": 7848772,
        "Close of Quarter": 8.6,
        "EPS": 1807.9,
        "Non-adjusted EPS": 2531,
        "PE": 3.4,
        "Book Price": 10.5
      }
    },
    {
      "quarter": "Q3 2013",
      "income status": {
        "Net sales": 81907,
        "Cost of goods sold": 63325,
        "Gross Profit": 18583,
        "Financial expenses": 1825,
        "Of which: Interest expense": 1825,
        "Cost of sales": 5179,
        "Enterprise cost management": 6011,
        "Total Operating Expenses": 13015,
        "Total revenue financing activities": 5,
        "Net profit from business activities": 5571,
        "Profit": 483,
        "Profit before tax": 6054,
        "Present corporate income tax expenses": 1524,
        "Deferred income taxes expenses": "N/A",
        "The interests of minority shareholders": "N/A",
        "Total Cost of profits": 1524,
        "Profit after tax corporate income": 4530,
        "Volume": 7848772,
        "Close of Quarter": 6.9,
        "EPS": 1656.5,
        "Non-adjusted EPS": 2319,
        "PE": 3.0,
        "Book Price": 9.9
      }
    },
    {
      "quarter": "Q2 2013",
      "income status": {
        "Net sales": 78771,
        "Cost of goods sold": 58991,
        "Gross Profit": 19780,
        "Financial expenses": 2151,
        "Of which: Interest expense": 2151,
        "Cost of sales": 4521,
        "Enterprise cost management": 6678,
        "Total Operating Expenses": 13350,
        "Total revenue financing activities": 8,
        "Net profit from business activities": 6437,
        "Profit": 110,
        "Profit before tax": 6547,
        "Present corporate income tax expenses": 1643,
        "Deferred income taxes expenses": "N/A",
        "The interests of minority shareholders": "N/A",
        "Total Cost of profits": 1643,
        "Profit after tax corporate income": 4904,
        "Volume": 7848772,
        "Close of Quarter": 7.0,
        "EPS": 1632.2,
        "Non-adjusted EPS": 2285,
        "PE": 3.1,
        "Book Price": 8.9
      }
    },
    {
      "quarter": "Q1 2013",
      "income status": {
        "Net sales": 70068,
        "Cost of goods sold": 53419,
        "Gross Profit": 16649,
        "Financial expenses": 2668,
        "Of which: Interest expense": 2668,
        "Cost of sales": 3901,
        "Enterprise cost management": 4736,
        "Total Operating Expenses": 11305,
        "Total revenue financing activities": 4,
        "Net profit from business activities": 5347,
        "Profit": 154,
        "Profit before tax": 5502,
        "Present corporate income tax expenses": 1375,
        "Deferred income taxes expenses": "N/A",
        "The interests of minority shareholders": "N/A",
        "Total Cost of profits": 1375,
        "Profit after tax corporate income": 4126,
        "Volume": 7234212,
        "Close of Quarter": 6.0,
        "EPS": 1627.5,
        "Non-adjusted EPS": 2472,
        "PE": 2.4,
        "Book Price": 9.8
      }
    },
    {
      "quarter": "Q4 2012",
      "income status": {
        "Net sales": 79437,
        "Cost of goods sold": 61564,
        "Gross Profit": 17874,
        "Financial expenses": 3027,
        "Of which: Interest expense": 3027,
        "Cost of sales": 3961,
        "Enterprise cost management": 5102,
        "Total Operating Expenses": 12090,
        "Total revenue financing activities": 4,
        "Net profit from business activities": 5788,
        "Profit": 402,
        "Profit before tax": 6190,
        "Present corporate income tax expenses": 1547,
        "Deferred income taxes expenses": "N/A",
        "The interests of minority shareholders": "N/A",
        "Total Cost of profits": 1547,
        "Profit after tax corporate income": 4642,
        "Volume": 7234212,
        "Close of Quarter": 4.5,
        "EPS": 1421.4,
        "Non-adjusted EPS": 2159,
        "PE": 2.1,
        "Book Price": 9.4
      }
    },
    {
      "quarter": "Q3 2012",
      "income status": {
        "Net sales": 74636,
        "Cost of goods sold": 57752,
        "Gross Profit": 16884,
        "Financial expenses": 3350,
        "Of which: Interest expense": 3350,
        "Cost of sales": 3547,
        "Enterprise cost management": 4401,
        "Total Operating Expenses": 11298,
        "Total revenue financing activities": 6,
        "Net profit from business activities": 5592,
        "Profit": 92,
        "Profit before tax": 5684,
        "Present corporate income tax expenses": 1421,
        "Deferred income taxes expenses": "N/A",
        "The interests of minority shareholders": "N/A",
        "Total Cost of profits": 1421,
        "Profit after tax corporate income": 4263,
        "Volume": 7234212,
        "Close of Quarter": 4.2,
        "EPS": 1445.8,
        "Non-adjusted EPS": 2196,
        "PE": 1.9,
        "Book Price": 9.0
      }
    },
    {
      "quarter": "Q2 2012",
      "income status": {
        "Net sales": 71410,
        "Cost of goods sold": 52989,
        "Gross Profit": 18421,
        "Financial expenses": 3945,
        "Of which: Interest expense": 3945,
        "Cost of sales": 3763,
        "Enterprise cost management": 4396,
        "Total Operating Expenses": 12104,
        "Total revenue financing activities": 11,
        "Net profit from business activities": 6327,
        "Profit": 145,
        "Profit before tax": 6472,
        "Present corporate income tax expenses": 1618,
        "Deferred income taxes expenses": "N/A",
        "The interests of minority shareholders": "N/A",
        "Total Cost of profits": 1618,
        "Profit after tax corporate income": 4854,
        "Volume": 7234212,
        "Close of Quarter": 4.4,
        "EPS": 1223.9,
        "Non-adjusted EPS": 1859,
        "PE": 2.4,
        "Book Price": 8.6
      }
    },
    {
      "quarter": "Q1 2012",
      "income status": {
        "Net sales": 60028,
        "Cost of goods sold": 46818,
        "Gross Profit": 13210,
        "Financial expenses": 4335,
        "Of which: Interest expense": 4335,
        "Cost of sales": 2653,
        "Enterprise cost management": 3761,
        "Total Operating Expenses": 10749,
        "Total revenue financing activities": 11,
        "Net profit from business activities": 2472,
        "Profit": 11,
        "Profit before tax": 2483,
        "Present corporate income tax expenses": 621,
        "Deferred income taxes expenses": "N/A",
        "The interests of minority shareholders": "N/A",
        "Total Cost of profits": 621,
        "Profit after tax corporate income": 1862,
        "Volume": 7234212,
        "Close of Quarter": 4.1,
        "EPS": 1118.6,
        "Non-adjusted EPS": 1699,
        "PE": 2.4,
        "Book Price": 9.2
      }
    },
    {
      "quarter": "Q4 2011",
      "income status": {
        "Net sales": 65341,
        "Cost of goods sold": 46962,
        "Gross Profit": 18379,
        "Financial expenses": 5021,
        "Of which: Interest expense": 5021,
        "Cost of sales": 3267,
        "Enterprise cost management": 3907,
        "Total Operating Expenses": 12195,
        "Total revenue financing activities": 9,
        "Net profit from business activities": 6194,
        "Profit": 347,
        "Profit before tax": 6541,
        "Present corporate income tax expenses": 1635,
        "Deferred income taxes expenses": "N/A",
        "The interests of minority shareholders": "N/A",
        "Total Cost of profits": 1635,
        "Profit after tax corporate income": 4906,
        "Volume": 7234212,
        "Close of Quarter": 3.9,
        "EPS": 1173.9,
        "Non-adjusted EPS": 1783,
        "PE": 2.2,
        "Book Price": 9.0
      }
    },
    {
      "quarter": "Q3 2011",
      "income status": {
        "Net sales": 63902,
        "Cost of goods sold": 49170,
        "Gross Profit": 14733,
        "Financial expenses": 5536,
        "Of which: Interest expense": 5536,
        "Cost of sales": 2872,
        "Enterprise cost management": 4010,
        "Total Operating Expenses": 12418,
        "Total revenue financing activities": 11,
        "Net profit from business activities": 2326,
        "Profit": 122,
        "Profit before tax": 2448,
        "Present corporate income tax expenses": 620,
        "Deferred income taxes expenses": "N/A",
        "The interests of minority shareholders": "N/A",
        "Total Cost of profits": 620,
        "Profit after tax corporate income": 1828,
        "Volume": 7234212,
        "Close of Quarter": 3.8,
        "EPS": 1425.4,
        "Non-adjusted EPS": 2165,
        "PE": 1.8,
        "Book Price": 8.6
      }
    },
    {
      "quarter": "Q2 2011",
      "income status": {
        "Net sales": 59230,
        "Cost of goods sold": 41972,
        "Gross Profit": 17258,
        "Financial expenses": 5106,
        "Of which: Interest expense": 5106,
        "Cost of sales": 3075,
        "Enterprise cost management": 4305,
        "Total Operating Expenses": 12486,
        "Total revenue financing activities": 42,
        "Net profit from business activities": 4815,
        "Profit": 115,
        "Profit before tax": 4930,
        "Present corporate income tax expenses": 1233,
        "Deferred income taxes expenses": "N/A",
        "The interests of minority shareholders": "N/A",
        "Total Cost of profits": 1233,
        "Profit after tax corporate income": 3698,
        "Volume": 7234212,
        "Close of Quarter": 3.8,
        "EPS": 1474.8,
        "Non-adjusted EPS": 2240,
        "PE": 1.7,
        "Book Price": 8.4
      }
    },
    {
      "quarter": "Q1 2011",
      "income status": {
        "Net sales": 49123,
        "Cost of goods sold": 36257,
        "Gross Profit": 12866,
        "Financial expenses": 4170,
        "Of which: Interest expense": 4170,
        "Cost of sales": 2137,
        "Enterprise cost management": 3486,
        "Total Operating Expenses": 9793,
        "Total revenue financing activities": 16,
        "Net profit from business activities": 3089,
        "Profit": 196,
        "Profit before tax": 3284,
        "Present corporate income tax expenses": 821,
        "Deferred income taxes expenses": "N/A",
        "The interests of minority shareholders": "N/A",
        "Total Cost of profits": 821,
        "Profit after tax corporate income": 2463,
        "Volume": 7234212,
        "Close of Quarter": 3.6,
        "EPS": 1151.5,
        "Non-adjusted EPS": 1749,
        "PE": 2.1,
        "Book Price": 8.2
      }
    }
  ]
}