{
  "ticker": "CCL",
  "data": [
    {
      "quarter": "Q4 2016",
      "income status": {
        "Net sales": 20953,
        "Cost of goods sold": 16364,
        "Gross Profit": 4588,
        "Financial expenses": 73,
        "Of which: Interest expense": 73,
        "Cost of sales": 11,
        "Enterprise cost management": 1631,
        "Total Operating Expenses": 1715,
        "Total revenue financing activities": 73,
        "Net profit from business activities": 2946,
        "Profit": -2093,
        "Profit before tax": 853,
        "Present corporate income tax expenses": -316,
        "Deferred income taxes expenses": 905,
        "The interests of minority shareholders": "N/A",
        "Total Cost of profits": 589,
        "Profit after tax corporate income": 264,
        "Volume": 26249885,
        "Close of Quarter": 2.8,
        "EPS": 174,
        "Non-adjusted EPS": 174,
        "PE": 16.2,
        "Book Price": 14.3
      }
    },
    {
      "quarter": "Q3 2016",
      "income status": {
        "Net sales": 19040,
        "Cost of goods sold": 14904,
        "Gross Profit": 4136,
        "Financial expenses": 194,
        "Of which: Interest expense": 194,
        "Cost of sales": 38,
        "Enterprise cost management": 873,
        "Total Operating Expenses": 1105,
        "Total revenue financing activities": 194,
        "Net profit from business activities": 3225,
        "Profit": -11,
        "Profit before tax": 3214,
        "Present corporate income tax expenses": 197,
        "Deferred income taxes expenses": 448,
        "The interests of minority shareholders": "N/A",
        "Total Cost of profits": 645,
        "Profit after tax corporate income": 2569,
        "Volume": 26249885,
        "Close of Quarter": 2.9,
        "EPS": 194,
        "Non-adjusted EPS": 194,
        "PE": 14.7,
        "Book Price": 14.3
      }
    },
    {
      "quarter": "Q2 2016",
      "income status": {
        "Net sales": 16579,
        "Cost of goods sold": 14632,
        "Gross Profit": 1947,
        "Financial expenses": 98,
        "Of which: Interest expense": 98,
        "Cost of sales": 30,
        "Enterprise cost management": 798,
        "Total Operating Expenses": 926,
        "Total revenue financing activities": 98,
        "Net profit from business activities": 1119,
        "Profit": -17,
        "Profit before tax": 1102,
        "Present corporate income tax expenses": 224,
        "Deferred income taxes expenses": "N/A",
        "The interests of minority shareholders": "N/A",
        "Total Cost of profits": 224,
        "Profit after tax corporate income": 878,
        "Volume": 26249885,
        "Close of Quarter": 3.9,
        "EPS": 115,
        "Non-adjusted EPS": 115,
        "PE": 33.9,
        "Book Price": 14.2
      }
    },
    {
      "quarter": "Q1 2016",
      "income status": {
        "Net sales": 14205,
        "Cost of goods sold": 11988,
        "Gross Profit": 2217,
        "Financial expenses": 118,
        "Of which: Interest expense": 118,
        "Cost of sales": 108,
        "Enterprise cost management": 1039,
        "Total Operating Expenses": 1265,
        "Total revenue financing activities": 118,
        "Net profit from business activities": 1070,
        "Profit": -3,
        "Profit before tax": 1066,
        "Present corporate income tax expenses": 214,
        "Deferred income taxes expenses": "N/A",
        "The interests of minority shareholders": "N/A",
        "Total Cost of profits": 214,
        "Profit after tax corporate income": 852,
        "Volume": 26249885,
        "Close of Quarter": 4.2,
        "EPS": 102,
        "Non-adjusted EPS": 102,
        "PE": 41.2,
        "Book Price": 10.7
      }
    },
    {
      "quarter": "Q4 2015",
      "income status": {
        "Net sales": 9077,
        "Cost of goods sold": 7273,
        "Gross Profit": 1805,
        "Financial expenses": 159,
        "Of which: Interest expense": "N/A",
        "Cost of sales": 28,
        "Enterprise cost management": 797,
        "Total Operating Expenses": 984,
        "Total revenue financing activities": 159,
        "Net profit from business activities": 980,
        "Profit": 5,
        "Profit before tax": 985,
        "Present corporate income tax expenses": 189,
        "Deferred income taxes expenses": "N/A",
        "The interests of minority shareholders": "N/A",
        "Total Cost of profits": 189,
        "Profit after tax corporate income": 795,
        "Volume": 25000000,
        "Close of Quarter": 3,
        "EPS": 87.6,
        "Non-adjusted EPS": 92,
        "PE": 32.6,
        "Book Price": 10.7
      }
    },
    {
      "quarter": "Q3 2015",
      "income status": {
        "Net sales": 8425,
        "Cost of goods sold": 6952,
        "Gross Profit": 1473,
        "Financial expenses": 41,
        "Of which: Interest expense": "N/A",
        "Cost of sales": 4,
        "Enterprise cost management": 820,
        "Total Operating Expenses": 865,
        "Total revenue financing activities": 41,
        "Net profit from business activities": 648,
        "Profit": -5,
        "Profit before tax": 643,
        "Present corporate income tax expenses": 143,
        "Deferred income taxes expenses": "N/A",
        "The interests of minority shareholders": "N/A",
        "Total Cost of profits": 143,
        "Profit after tax corporate income": 501,
        "Volume": 25000000,
        "Close of Quarter": 2.9,
        "EPS": 61.0,
        "Non-adjusted EPS": 64,
        "PE": 44.7,
        "Book Price": 10.7
      }
    },
    {
      "quarter": "Q2 2015",
      "income status": {
        "Net sales": 17058,
        "Cost of goods sold": 15636,
        "Gross Profit": 1422,
        "Financial expenses": 126,
        "Of which: Interest expense": 126,
        "Cost of sales": -1,
        "Enterprise cost management": 785,
        "Total Operating Expenses": 910,
        "Total revenue financing activities": 126,
        "Net profit from business activities": 638,
        "Profit": -8,
        "Profit before tax": 630,
        "Present corporate income tax expenses": 108,
        "Deferred income taxes expenses": "N/A",
        "The interests of minority shareholders": "N/A",
        "Total Cost of profits": 108,
        "Profit after tax corporate income": 522,
        "Volume": 25000000,
        "Close of Quarter": 3.8,
        "EPS": 61.0,
        "Non-adjusted EPS": 64,
        "PE": 59.5,
        "Book Price": 10.6
      }
    },
    {
      "quarter": "Q1 2015",
      "income status": {
        "Net sales": 8930,
        "Cost of goods sold": 7137,
        "Gross Profit": 1793,
        "Financial expenses": 127,
        "Of which: Interest expense": 127,
        "Cost of sales": 57,
        "Enterprise cost management": 1086,
        "Total Operating Expenses": 1270,
        "Total revenue financing activities": 127,
        "Net profit from business activities": 649,
        "Profit": "N/A",
        "Profit before tax": 649,
        "Present corporate income tax expenses": 175,
        "Deferred income taxes expenses": "N/A",
        "The interests of minority shareholders": "N/A",
        "Total Cost of profits": 175,
        "Profit after tax corporate income": 474,
        "Volume": 25000000,
        "Close of Quarter": 3.7,
        "EPS": 88.6,
        "Non-adjusted EPS": 93,
        "PE": 39.9,
        "Book Price": 10.6
      }
    },
    {
      "quarter": "Q4 2014",
      "income status": {
        "Net sales": 8507,
        "Cost of goods sold": 7471,
        "Gross Profit": 1037,
        "Financial expenses": 1813,
        "Of which: Interest expense": 1813,
        "Cost of sales": 6,
        "Enterprise cost management": 886,
        "Total Operating Expenses": 2705,
        "Total revenue financing activities": 1813,
        "Net profit from business activities": 144,
        "Profit": 34,
        "Profit before tax": 178,
        "Present corporate income tax expenses": 69,
        "Deferred income taxes expenses": "N/A",
        "The interests of minority shareholders": "N/A",
        "Total Cost of profits": 69,
        "Profit after tax corporate income": 109,
        "Volume": 25000000,
        "Close of Quarter": 5.1,
        "EPS": 84.8,
        "Non-adjusted EPS": 89,
        "PE": 56.7,
        "Book Price": 10.6
      }
    },
    {
      "quarter": "Q3 2014",
      "income status": {
        "Net sales": 8645,
        "Cost of goods sold": 7023,
        "Gross Profit": 1622,
        "Financial expenses": 172,
        "Of which: Interest expense": 172,
        "Cost of sales": 56,
        "Enterprise cost management": 1006,
        "Total Operating Expenses": 1234,
        "Total revenue financing activities": 172,
        "Net profit from business activities": 560,
        "Profit": -10,
        "Profit before tax": 550,
        "Present corporate income tax expenses": 48,
        "Deferred income taxes expenses": "N/A",
        "The interests of minority shareholders": "N/A",
        "Total Cost of profits": 48,
        "Profit after tax corporate income": 502,
        "Volume": 25000000,
        "Close of Quarter": 5.4,
        "EPS": 96.2,
        "Non-adjusted EPS": 101,
        "PE": 53.8,
        "Book Price": 10.6
      }
    },
    {
      "quarter": "Q2 2014",
      "income status": {
        "Net sales": 9505,
        "Cost of goods sold": 6690,
        "Gross Profit": 2815,
        "Financial expenses": 152,
        "Of which: Interest expense": 152,
        "Cost of sales": 92,
        "Enterprise cost management": 1108,
        "Total Operating Expenses": 1352,
        "Total revenue financing activities": 152,
        "Net profit from business activities": 1615,
        "Profit": -19,
        "Profit before tax": 1596,
        "Present corporate income tax expenses": 356,
        "Deferred income taxes expenses": "N/A",
        "The interests of minority shareholders": "N/A",
        "Total Cost of profits": 356,
        "Profit after tax corporate income": 1240,
        "Volume": 25000000,
        "Close of Quarter": 5.1,
        "EPS": 82.9,
        "Non-adjusted EPS": 87,
        "PE": 58.1,
        "Book Price": 10.6
      }
    },
    {
      "quarter": "Q1 2014",
      "income status": {
        "Net sales": 10266,
        "Cost of goods sold": 8791,
        "Gross Profit": 1475,
        "Financial expenses": 67,
        "Of which: Interest expense": 67,
        "Cost of sales": 29,
        "Enterprise cost management": 897,
        "Total Operating Expenses": 993,
        "Total revenue financing activities": 67,
        "Net profit from business activities": 549,
        "Profit": -121,
        "Profit before tax": 428,
        "Present corporate income tax expenses": 56,
        "Deferred income taxes expenses": "N/A",
        "The interests of minority shareholders": "N/A",
        "Total Cost of profits": 56,
        "Profit after tax corporate income": 372,
        "Volume": 25000000,
        "Close of Quarter": 7.3,
        "EPS": 64.8,
        "Non-adjusted EPS": 68,
        "PE": 107.8,
        "Book Price": 10.5
      }
    },
    {
      "quarter": "Q4 2013",
      "income status": {
        "Net sales": 8484,
        "Cost of goods sold": 7026,
        "Gross Profit": 1458,
        "Financial expenses": 63,
        "Of which: Interest expense": 63,
        "Cost of sales": 84,
        "Enterprise cost management": 863,
        "Total Operating Expenses": 1010,
        "Total revenue financing activities": 63,
        "Net profit from business activities": 511,
        "Profit": -10,
        "Profit before tax": 501,
        "Present corporate income tax expenses": 101,
        "Deferred income taxes expenses": "N/A",
        "The interests of minority shareholders": "N/A",
        "Total Cost of profits": 101,
        "Profit after tax corporate income": 400,
        "Volume": 25000000,
        "Close of Quarter": 4.1,
        "EPS": 81.0,
        "Non-adjusted EPS": 85,
        "PE": 48.2,
        "Book Price": 10.5
      }
    },
    {
      "quarter": "Q3 2013",
      "income status": {
        "Net sales": 5977,
        "Cost of goods sold": 4911,
        "Gross Profit": 1065,
        "Financial expenses": 42,
        "Of which: Interest expense": 42,
        "Cost of sales": 23,
        "Enterprise cost management": 838,
        "Total Operating Expenses": 903,
        "Total revenue financing activities": 42,
        "Net profit from business activities": 204,
        "Profit": "N/A",
        "Profit before tax": 204,
        "Present corporate income tax expenses": 37,
        "Deferred income taxes expenses": "N/A",
        "The interests of minority shareholders": "N/A",
        "Total Cost of profits": 37,
        "Profit after tax corporate income": 167,
        "Volume": 25000000,
        "Close of Quarter": 3.2,
        "EPS": 126.7,
        "Non-adjusted EPS": 133,
        "PE": 24.4,
        "Book Price": 10.5
      }
    },
    {
      "quarter": "Q2 2013",
      "income status": {
        "Net sales": 18559,
        "Cost of goods sold": 16497,
        "Gross Profit": 2062,
        "Financial expenses": 70,
        "Of which: Interest expense": 70,
        "Cost of sales": 106,
        "Enterprise cost management": 1073,
        "Total Operating Expenses": 1249,
        "Total revenue financing activities": 70,
        "Net profit from business activities": 883,
        "Profit": -9,
        "Profit before tax": 874,
        "Present corporate income tax expenses": 123,
        "Deferred income taxes expenses": "N/A",
        "The interests of minority shareholders": "N/A",
        "Total Cost of profits": 123,
        "Profit after tax corporate income": 751,
        "Volume": 25000000,
        "Close of Quarter": 3.4,
        "EPS": 230.5,
        "Non-adjusted EPS": 242,
        "PE": 14.2,
        "Book Price": 10.5
      }
    },
    {
      "quarter": "Q1 2013",
      "income status": {
        "Net sales": 11772,
        "Cost of goods sold": 9738,
        "Gross Profit": 2034,
        "Financial expenses": 137,
        "Of which: Interest expense": 137,
        "Cost of sales": 87,
        "Enterprise cost management": 891,
        "Total Operating Expenses": 1115,
        "Total revenue financing activities": 137,
        "Net profit from business activities": 1056,
        "Profit": -56,
        "Profit before tax": 1000,
        "Present corporate income tax expenses": 195,
        "Deferred income taxes expenses": "N/A",
        "The interests of minority shareholders": "N/A",
        "Total Cost of profits": 195,
        "Profit after tax corporate income": 805,
        "Volume": 25000000,
        "Close of Quarter": 3.5,
        "EPS": 245.7,
        "Non-adjusted EPS": 258,
        "PE": 13.6,
        "Book Price": 10.5
      }
    },
    {
      "quarter": "Q4 2012",
      "income status": {
        "Net sales": 14517,
        "Cost of goods sold": 11229,
        "Gross Profit": 3288,
        "Financial expenses": 81,
        "Of which: Interest expense": 81,
        "Cost of sales": 166,
        "Enterprise cost management": 1290,
        "Total Operating Expenses": 1537,
        "Total revenue financing activities": 81,
        "Net profit from business activities": 1833,
        "Profit": "N/A",
        "Profit before tax": 1833,
        "Present corporate income tax expenses": 228,
        "Deferred income taxes expenses": "N/A",
        "The interests of minority shareholders": "N/A",
        "Total Cost of profits": 228,
        "Profit after tax corporate income": 1604,
        "Volume": 25000000,
        "Close of Quarter": 3.7,
        "EPS": 325.7,
        "Non-adjusted EPS": 342,
        "PE": 10.9,
        "Book Price": 10.5
      }
    },
    {
      "quarter": "Q3 2012",
      "income status": {
        "Net sales": 18418,
        "Cost of goods sold": 14140,
        "Gross Profit": 4278,
        "Financial expenses": 114,
        "Of which: Interest expense": "N/A",
        "Cost of sales": 55,
        "Enterprise cost management": 854,
        "Total Operating Expenses": 1023,
        "Total revenue financing activities": 114,
        "Net profit from business activities": 3368,
        "Profit": -12,
        "Profit before tax": 3356,
        "Present corporate income tax expenses": 454,
        "Deferred income taxes expenses": "N/A",
        "The interests of minority shareholders": "N/A",
        "Total Cost of profits": 454,
        "Profit after tax corporate income": 2902,
        "Volume": 25000000,
        "Close of Quarter": 3.8,
        "EPS": 332.4,
        "Non-adjusted EPS": 349,
        "PE": 10.9,
        "Book Price": 10.4
      }
    },
    {
      "quarter": "Q2 2012",
      "income status": {
        "Net sales": 9135,
        "Cost of goods sold": 6410,
        "Gross Profit": 2726,
        "Financial expenses": 195,
        "Of which: Interest expense": "N/A",
        "Cost of sales": 96,
        "Enterprise cost management": 1300,
        "Total Operating Expenses": 1591,
        "Total revenue financing activities": 195,
        "Net profit from business activities": 1330,
        "Profit": -40,
        "Profit before tax": 1290,
        "Present corporate income tax expenses": 141,
        "Deferred income taxes expenses": "N/A",
        "The interests of minority shareholders": "N/A",
        "Total Cost of profits": 141,
        "Profit after tax corporate income": 1148,
        "Volume": 25000000,
        "Close of Quarter": 5.5,
        "EPS": 328.6,
        "Non-adjusted EPS": 345,
        "PE": 16,
        "Book Price": 10.3
      }
    },
    {
      "quarter": "Q1 2012",
      "income status": {
        "Net sales": 16705,
        "Cost of goods sold": 11666,
        "Gross Profit": 5039,
        "Financial expenses": 195,
        "Of which: Interest expense": 195,
        "Cost of sales": 110,
        "Enterprise cost management": 1570,
        "Total Operating Expenses": 1875,
        "Total revenue financing activities": 195,
        "Net profit from business activities": 3359,
        "Profit": -6,
        "Profit before tax": 3354,
        "Present corporate income tax expenses": 465,
        "Deferred income taxes expenses": "N/A",
        "The interests of minority shareholders": "N/A",
        "Total Cost of profits": 465,
        "Profit after tax corporate income": 2889,
        "Volume": 25000000,
        "Close of Quarter": 7.0,
        "EPS": 421.0,
        "Non-adjusted EPS": 442,
        "PE": 15.7,
        "Book Price": 10.2
      }
    },
    {
      "quarter": "Q4 2011",
      "income status": {
        "Net sales": 36278,
        "Cost of goods sold": 32466,
        "Gross Profit": 3812,
        "Financial expenses": 205,
        "Of which: Interest expense": 205,
        "Cost of sales": 192,
        "Enterprise cost management": 1383,
        "Total Operating Expenses": 1780,
        "Total revenue financing activities": 205,
        "Net profit from business activities": 2238,
        "Profit": -45,
        "Profit before tax": 2193,
        "Present corporate income tax expenses": 402,
        "Deferred income taxes expenses": "N/A",
        "The interests of minority shareholders": "N/A",
        "Total Cost of profits": 402,
        "Profit after tax corporate income": 1790,
        "Volume": 25000000,
        "Close of Quarter": 9.8,
        "EPS": 370.5,
        "Non-adjusted EPS": 389,
        "PE": 25.2,
        "Book Price": 10.1
      }
    },
    {
      "quarter": "Q3 2011",
      "income status": {
        "Net sales": 16174,
        "Cost of goods sold": 11552,
        "Gross Profit": 4622,
        "Financial expenses": 220,
        "Of which: Interest expense": 220,
        "Cost of sales": 113,
        "Enterprise cost management": 1287,
        "Total Operating Expenses": 1620,
        "Total revenue financing activities": 220,
        "Net profit from business activities": 3221,
        "Profit": -12,
        "Profit before tax": 3209,
        "Present corporate income tax expenses": 423,
        "Deferred income taxes expenses": "N/A",
        "The interests of minority shareholders": "N/A",
        "Total Cost of profits": 423,
        "Profit after tax corporate income": 2786,
        "Volume": 25000000,
        "Close of Quarter": 9.2,
        "EPS": 791.4,
        "Non-adjusted EPS": 831,
        "PE": 11.1,
        "Book Price": 10.1
      }
    },
    {
      "quarter": "Q2 2011",
      "income status": {
        "Net sales": 26662,
        "Cost of goods sold": 19278,
        "Gross Profit": 7385,
        "Financial expenses": 373,
        "Of which: Interest expense": 373,
        "Cost of sales": 488,
        "Enterprise cost management": 2293,
        "Total Operating Expenses": 3154,
        "Total revenue financing activities": 373,
        "Net profit from business activities": 4604,
        "Profit": -351,
        "Profit before tax": 4253,
        "Present corporate income tax expenses": 671,
        "Deferred income taxes expenses": "N/A",
        "The interests of minority shareholders": "N/A",
        "Total Cost of profits": 671,
        "Profit after tax corporate income": 3582,
        "Volume": 25000000,
        "Close of Quarter": 10.5,
        "EPS": 1441.9,
        "Non-adjusted EPS": 1514,
        "PE": 6.9,
        "Book Price": 10
      }
    },
    {
      "quarter": "Q1 2011",
      "income status": {
        "Net sales": 13526,
        "Cost of goods sold": 10156,
        "Gross Profit": 3370,
        "Financial expenses": 208,
        "Of which: Interest expense": 208,
        "Cost of sales": 238,
        "Enterprise cost management": 981,
        "Total Operating Expenses": 1427,
        "Total revenue financing activities": 208,
        "Net profit from business activities": 2151,
        "Profit": -331,
        "Profit before tax": 1820,
        "Present corporate income tax expenses": 264,
        "Deferred income taxes expenses": "N/A",
        "The interests of minority shareholders": "N/A",
        "Total Cost of profits": 264,
        "Profit after tax corporate income": 1556,
        "Volume": 25000000,
        "Close of Quarter": 12.8,
        "EPS": 1381.0,
        "Non-adjusted EPS": 1450,
        "PE": 8.8,
        "Book Price": 10.9
      }
    }
  ]
}