{
  "ticker": "VPS",
  "data": [
    {
      "quarter": "Q4 2016",
      "income status": {
        "Net sales": 266835,
        "Cost of goods sold": 181835,
        "Gross Profit": 85000,
        "Financial expenses": 4988,
        "Of which: Interest expense": 672,
        "Cost of sales": 41008,
        "Enterprise cost management": 27529,
        "Total Operating Expenses": 73525,
        "Total revenue financing activities": 2888,
        "Net profit from business activities": 21718,
        "Profit": 2665,
        "Profit before tax": 24382,
        "Present corporate income tax expenses": 4249,
        "Deferred income taxes expenses": "N/A",
        "The interests of minority shareholders": 302,
        "Total Cost of profits": 4551,
        "Profit after tax corporate income": 19831,
        "Volume": 24460792,
        "Close of Quarter": 17.4,
        "EPS": 3144,
        "Non-adjusted EPS": 3144,
        "PE": 5.5,
        "Book Price": 14.2
      }
    },
    {
      "quarter": "Q3 2016",
      "income status": {
        "Net sales": 194763,
        "Cost of goods sold": 129784,
        "Gross Profit": 64979,
        "Financial expenses": 1031,
        "Of which: Interest expense": 653,
        "Cost of sales": 32720,
        "Enterprise cost management": 14297,
        "Total Operating Expenses": 48048,
        "Total revenue financing activities": 3087,
        "Net profit from business activities": 17355,
        "Profit": 43,
        "Profit before tax": 17399,
        "Present corporate income tax expenses": 3489,
        "Deferred income taxes expenses": "N/A",
        "The interests of minority shareholders": 143,
        "Total Cost of profits": 3632,
        "Profit after tax corporate income": 13766,
        "Volume": 17471994,
        "Close of Quarter": 15.2,
        "EPS": 3357.9,
        "Non-adjusted EPS": 4701,
        "PE": 3.2,
        "Book Price": 14.3
      }
    },
    {
      "quarter": "Q2 2016",
      "income status": {
        "Net sales": 170253,
        "Cost of goods sold": 119923,
        "Gross Profit": 50330,
        "Financial expenses": 2027,
        "Of which: Interest expense": 645,
        "Cost of sales": 26682,
        "Enterprise cost management": 15479,
        "Total Operating Expenses": 44188,
        "Total revenue financing activities": 2787,
        "Net profit from business activities": 9944,
        "Profit": 36239,
        "Profit before tax": 46183,
        "Present corporate income tax expenses": 8837,
        "Deferred income taxes expenses": "N/A",
        "The interests of minority shareholders": 25,
        "Total Cost of profits": 8862,
        "Profit after tax corporate income": 37320,
        "Volume": 17471994,
        "Close of Quarter": 14.3,
        "EPS": 3094.3,
        "Non-adjusted EPS": 4332,
        "PE": 3.3,
        "Book Price": 13.8
      }
    },
    {
      "quarter": "Q1 2016",
      "income status": {
        "Net sales": 117766,
        "Cost of goods sold": 79038,
        "Gross Profit": 38728,
        "Financial expenses": 602,
        "Of which: Interest expense": 580,
        "Cost of sales": 22645,
        "Enterprise cost management": 8082,
        "Total Operating Expenses": 31329,
        "Total revenue financing activities": 380,
        "Net profit from business activities": 7782,
        "Profit": -122,
        "Profit before tax": 7660,
        "Present corporate income tax expenses": 1669,
        "Deferred income taxes expenses": "N/A",
        "The interests of minority shareholders": 10,
        "Total Cost of profits": 1679,
        "Profit after tax corporate income": 5981,
        "Volume": 17471994,
        "Close of Quarter": 12.2,
        "EPS": 2027.9,
        "Non-adjusted EPS": 2839,
        "PE": 4.3,
        "Book Price": 13.7
      }
    },
    {
      "quarter": "Q4 2015",
      "income status": {
        "Net sales": 273777,
        "Cost of goods sold": 188034,
        "Gross Profit": 85744,
        "Financial expenses": 1102,
        "Of which: Interest expense": 623,
        "Cost of sales": 47047,
        "Enterprise cost management": 22016,
        "Total Operating Expenses": 70165,
        "Total revenue financing activities": 9001,
        "Net profit from business activities": 27452,
        "Profit": 792,
        "Profit before tax": 28244,
        "Present corporate income tax expenses": 2877,
        "Deferred income taxes expenses": "N/A",
        "The interests of minority shareholders": 296,
        "Total Cost of profits": 3173,
        "Profit after tax corporate income": 25071,
        "Volume": 17471994,
        "Close of Quarter": 11.0,
        "EPS": 2098.6,
        "Non-adjusted EPS": 2938,
        "PE": 3.8,
        "Book Price": 13.9
      }
    },
    {
      "quarter": "Q3 2015",
      "income status": {
        "Net sales": 168077,
        "Cost of goods sold": 112059,
        "Gross Profit": 56019,
        "Financial expenses": 2916,
        "Of which: Interest expense": 694,
        "Cost of sales": 38097,
        "Enterprise cost management": 11447,
        "Total Operating Expenses": 52460,
        "Total revenue financing activities": 759,
        "Net profit from business activities": 6532,
        "Profit": 3375,
        "Profit before tax": 9907,
        "Present corporate income tax expenses": 2429,
        "Deferred income taxes expenses": "N/A",
        "The interests of minority shareholders": 163,
        "Total Cost of profits": 2592,
        "Profit after tax corporate income": 7315,
        "Volume": 17471994,
        "Close of Quarter": 9.9,
        "EPS": 1480.7,
        "Non-adjusted EPS": 2073,
        "PE": 4.8,
        "Book Price": 12.8
      }
    },
    {
      "quarter": "Q2 2015",
      "income status": {
        "Net sales": 213819,
        "Cost of goods sold": 158537,
        "Gross Profit": 55281,
        "Financial expenses": 1979,
        "Of which: Interest expense": 373,
        "Cost of sales": 29861,
        "Enterprise cost management": 12041,
        "Total Operating Expenses": 43881,
        "Total revenue financing activities": 3408,
        "Net profit from business activities": 13899,
        "Profit": 238,
        "Profit before tax": 14136,
        "Present corporate income tax expenses": 3077,
        "Deferred income taxes expenses": "N/A",
        "The interests of minority shareholders": -177,
        "Total Cost of profits": 2900,
        "Profit after tax corporate income": 11237,
        "Volume": 17471994,
        "Close of Quarter": "N/A",
        "EPS": 1716.4,
        "Non-adjusted EPS": 2403,
        "PE": "N/A",
        "Book Price": 12.6
      }
    },
    {
      "quarter": "Q1 2015",
      "income status": {
        "Net sales": 160098,
        "Cost of goods sold": 113557,
        "Gross Profit": 46541,
        "Financial expenses": 1889,
        "Of which: Interest expense": 435,
        "Cost of sales": 25235,
        "Enterprise cost management": 11255,
        "Total Operating Expenses": 38379,
        "Total revenue financing activities": 960,
        "Net profit from business activities": 9407,
        "Profit": 385,
        "Profit before tax": 9793,
        "Present corporate income tax expenses": 2301,
        "Deferred income taxes expenses": "N/A",
        "The interests of minority shareholders": -220,
        "Total Cost of profits": 2081,
        "Profit after tax corporate income": 7712,
        "Volume": 17471994,
        "Close of Quarter": "N/A",
        "EPS": 1790,
        "Non-adjusted EPS": 2506,
        "PE": "N/A",
        "Book Price": 13.1
      }
    },
    {
      "quarter": "Q4 2014",
      "income status": {
        "Net sales": 233104,
        "Cost of goods sold": 154974,
        "Gross Profit": 78131,
        "Financial expenses": 2322,
        "Of which: Interest expense": 517,
        "Cost of sales": 43693,
        "Enterprise cost management": 23743,
        "Total Operating Expenses": 69758,
        "Total revenue financing activities": 1473,
        "Net profit from business activities": 13536,
        "Profit": 492,
        "Profit before tax": 14029,
        "Present corporate income tax expenses": 4075,
        "Deferred income taxes expenses": "N/A",
        "The interests of minority shareholders": "N/A",
        "Total Cost of profits": 4075,
        "Profit after tax corporate income": 9954,
        "Volume": 17471994,
        "Close of Quarter": "N/A",
        "EPS": 1475,
        "Non-adjusted EPS": 2065,
        "PE": "N/A",
        "Book Price": 13.3
      }
    },
    {
      "quarter": "Q2 2014",
      "income status": {
        "Net sales": 237280,
        "Cost of goods sold": 181230,
        "Gross Profit": 56049,
        "Financial expenses": 1648,
        "Of which: Interest expense": 329,
        "Cost of sales": 31079,
        "Enterprise cost management": 11350,
        "Total Operating Expenses": 44077,
        "Total revenue financing activities": 1154,
        "Net profit from business activities": 15998,
        "Profit": -1,
        "Profit before tax": 15997,
        "Present corporate income tax expenses": 2921,
        "Deferred income taxes expenses": "N/A",
        "The interests of minority shareholders": "N/A",
        "Total Cost of profits": 2921,
        "Profit after tax corporate income": 13076,
        "Volume": 17471994,
        "Close of Quarter": "N/A",
        "EPS": 1067.9,
        "Non-adjusted EPS": 1495,
        "PE": "N/A",
        "Book Price": "N/A"
      }
    },
    {
      "quarter": "Q1 2014",
      "income status": {
        "Net sales": 151291,
        "Cost of goods sold": 103780,
        "Gross Profit": 47511,
        "Financial expenses": 1393,
        "Of which: Interest expense": 354,
        "Cost of sales": 21261,
        "Enterprise cost management": 11339,
        "Total Operating Expenses": 33993,
        "Total revenue financing activities": 1506,
        "Net profit from business activities": 16171,
        "Profit": 247,
        "Profit before tax": 16418,
        "Present corporate income tax expenses": 3367,
        "Deferred income taxes expenses": "N/A",
        "The interests of minority shareholders": "N/A",
        "Total Cost of profits": 3367,
        "Profit after tax corporate income": 13051,
        "Volume": 17471994,
        "Close of Quarter": "N/A",
        "EPS": 533.6,
        "Non-adjusted EPS": 747,
        "PE": "N/A",
        "Book Price": "N/A"
      }
    }
  ]
}