{
  "ticker": "DID",
  "data": [
    {
      "quarter": "Q4 2016",
      "income status": {
        "Net sales": 54762,
        "Cost of goods sold": 48677,
        "Gross Profit": 6085,
        "Financial expenses": 1130,
        "Of which: Interest expense": 1130,
        "Cost of sales": 714,
        "Enterprise cost management": 1955,
        "Total Operating Expenses": 3799,
        "Total revenue financing activities": 3,
        "Net profit from business activities": 2288,
        "Profit": 463,
        "Profit before tax": 2751,
        "Present corporate income tax expenses": 764,
        "Deferred income taxes expenses": "N/A",
        "The interests of minority shareholders": "N/A",
        "Total Cost of profits": 764,
        "Profit after tax corporate income": 1988,
        "Volume": 5000000,
        "Close of Quarter": 5.5,
        "EPS": 668,
        "Non-adjusted EPS": 668,
        "PE": 8.2,
        "Book Price": 12.8
      }
    },
    {
      "quarter": "Q3 2016",
      "income status": {
        "Net sales": 47838,
        "Cost of goods sold": 44341,
        "Gross Profit": 3496,
        "Financial expenses": 1229,
        "Of which: Interest expense": 1229,
        "Cost of sales": 292,
        "Enterprise cost management": 1310,
        "Total Operating Expenses": 2831,
        "Total revenue financing activities": 4,
        "Net profit from business activities": 670,
        "Profit": -22,
        "Profit before tax": 648,
        "Present corporate income tax expenses": "N/A",
        "Deferred income taxes expenses": 130,
        "The interests of minority shareholders": "N/A",
        "Total Cost of profits": 130,
        "Profit after tax corporate income": 518,
        "Volume": 5000000,
        "Close of Quarter": 4.5,
        "EPS": 539,
        "Non-adjusted EPS": 539,
        "PE": 8.4,
        "Book Price": 12.4
      }
    },
    {
      "quarter": "Q2 2016",
      "income status": {
        "Net sales": 49338,
        "Cost of goods sold": 45304,
        "Gross Profit": 4034,
        "Financial expenses": 1216,
        "Of which: Interest expense": 1216,
        "Cost of sales": 308,
        "Enterprise cost management": 1193,
        "Total Operating Expenses": 2717,
        "Total revenue financing activities": 6,
        "Net profit from business activities": 1323,
        "Profit": -1043,
        "Profit before tax": 280,
        "Present corporate income tax expenses": 56,
        "Deferred income taxes expenses": "N/A",
        "The interests of minority shareholders": "N/A",
        "Total Cost of profits": 56,
        "Profit after tax corporate income": 224,
        "Volume": 5000000,
        "Close of Quarter": 4.5,
        "EPS": 562,
        "Non-adjusted EPS": 562,
        "PE": 8.0,
        "Book Price": 12.3
      }
    },
    {
      "quarter": "Q1 2016",
      "income status": {
        "Net sales": 48368,
        "Cost of goods sold": 44575,
        "Gross Profit": 3793,
        "Financial expenses": 1209,
        "Of which: Interest expense": 1209,
        "Cost of sales": 420,
        "Enterprise cost management": 1398,
        "Total Operating Expenses": 3027,
        "Total revenue financing activities": 5,
        "Net profit from business activities": 770,
        "Profit": -5,
        "Profit before tax": 765,
        "Present corporate income tax expenses": 153,
        "Deferred income taxes expenses": "N/A",
        "The interests of minority shareholders": "N/A",
        "Total Cost of profits": 153,
        "Profit after tax corporate income": 612,
        "Volume": 5000000,
        "Close of Quarter": 4.8,
        "EPS": 556,
        "Non-adjusted EPS": 556,
        "PE": 8.6,
        "Book Price": 12.2
      }
    },
    {
      "quarter": "Q4 2015",
      "income status": {
        "Net sales": 55467,
        "Cost of goods sold": 50991,
        "Gross Profit": 4476,
        "Financial expenses": 1204,
        "Of which: Interest expense": 1205,
        "Cost of sales": 471,
        "Enterprise cost management": 1273,
        "Total Operating Expenses": 2948,
        "Total revenue financing activities": 4,
        "Net profit from business activities": 1532,
        "Profit": -23,
        "Profit before tax": 1509,
        "Present corporate income tax expenses": 166,
        "Deferred income taxes expenses": "N/A",
        "The interests of minority shareholders": "N/A",
        "Total Cost of profits": 166,
        "Profit after tax corporate income": 1343,
        "Volume": 5000000,
        "Close of Quarter": 5.5,
        "EPS": 454,
        "Non-adjusted EPS": 454,
        "PE": 12.1,
        "Book Price": 12.2
      }
    },
    {
      "quarter": "Q3 2015",
      "income status": {
        "Net sales": 34312,
        "Cost of goods sold": 30216,
        "Gross Profit": 4096,
        "Financial expenses": 1933,
        "Of which: Interest expense": 1933,
        "Cost of sales": 207,
        "Enterprise cost management": 1258,
        "Total Operating Expenses": 3398,
        "Total revenue financing activities": 3,
        "Net profit from business activities": 701,
        "Profit": 8,
        "Profit before tax": 708,
        "Present corporate income tax expenses": 78,
        "Deferred income taxes expenses": "N/A",
        "The interests of minority shareholders": "N/A",
        "Total Cost of profits": 78,
        "Profit after tax corporate income": 630,
        "Volume": 5000000,
        "Close of Quarter": 5.2,
        "EPS": 857,
        "Non-adjusted EPS": 857,
        "PE": 6.1,
        "Book Price": 11.9
      }
    },
    {
      "quarter": "Q2 2015",
      "income status": {
        "Net sales": 31922,
        "Cost of goods sold": 28843,
        "Gross Profit": 3079,
        "Financial expenses": 1237,
        "Of which: Interest expense": 1237,
        "Cost of sales": 203,
        "Enterprise cost management": 1402,
        "Total Operating Expenses": 2842,
        "Total revenue financing activities": 4,
        "Net profit from business activities": 241,
        "Profit": -38,
        "Profit before tax": 203,
        "Present corporate income tax expenses": 6,
        "Deferred income taxes expenses": "N/A",
        "The interests of minority shareholders": "N/A",
        "Total Cost of profits": 6,
        "Profit after tax corporate income": 197,
        "Volume": 5000000,
        "Close of Quarter": 5,
        "EPS": 1135,
        "Non-adjusted EPS": 1135,
        "PE": 4.4,
        "Book Price": 11.8
      }
    },
    {
      "quarter": "Q1 2015",
      "income status": {
        "Net sales": 34908,
        "Cost of goods sold": 32212,
        "Gross Profit": 2696,
        "Financial expenses": 1165,
        "Of which: Interest expense": 1165,
        "Cost of sales": 269,
        "Enterprise cost management": 1353,
        "Total Operating Expenses": 2787,
        "Total revenue financing activities": 4,
        "Net profit from business activities": -87,
        "Profit": 202,
        "Profit before tax": 115,
        "Present corporate income tax expenses": 13,
        "Deferred income taxes expenses": "N/A",
        "The interests of minority shareholders": "N/A",
        "Total Cost of profits": 13,
        "Profit after tax corporate income": 102,
        "Volume": 5000000,
        "Close of Quarter": 4.9,
        "EPS": 646,
        "Non-adjusted EPS": 646,
        "PE": 7.6,
        "Book Price": 11.7
      }
    },
    {
      "quarter": "Q4 2014",
      "income status": {
        "Net sales": 44542,
        "Cost of goods sold": 36593,
        "Gross Profit": 7949,
        "Financial expenses": 2338,
        "Of which: Interest expense": 1288,
        "Cost of sales": 285,
        "Enterprise cost management": 1834,
        "Total Operating Expenses": 4457,
        "Total revenue financing activities": 4,
        "Net profit from business activities": 3496,
        "Profit": 7,
        "Profit before tax": 3503,
        "Present corporate income tax expenses": 146,
        "Deferred income taxes expenses": "N/A",
        "The interests of minority shareholders": "N/A",
        "Total Cost of profits": 146,
        "Profit after tax corporate income": 3357,
        "Volume": 5000000,
        "Close of Quarter": 5,
        "EPS": 232,
        "Non-adjusted EPS": 232,
        "PE": 21.6,
        "Book Price": 12
      }
    },
    {
      "quarter": "Q3 2014",
      "income status": {
        "Net sales": 43758,
        "Cost of goods sold": 38836,
        "Gross Profit": 4922,
        "Financial expenses": 1245,
        "Of which: Interest expense": 1245,
        "Cost of sales": 436,
        "Enterprise cost management": 1223,
        "Total Operating Expenses": 2904,
        "Total revenue financing activities": 3,
        "Net profit from business activities": 2021,
        "Profit": -2,
        "Profit before tax": 2019,
        "Present corporate income tax expenses": "N/A",
        "Deferred income taxes expenses": "N/A",
        "The interests of minority shareholders": "N/A",
        "Total Cost of profits": 0,
        "Profit after tax corporate income": 2019,
        "Volume": 5000000,
        "Close of Quarter": 5,
        "EPS": -237,
        "Non-adjusted EPS": -237,
        "PE": -21.1,
        "Book Price": 11.3
      }
    },
    {
      "quarter": "Q2 2014",
      "income status": {
        "Net sales": 39376,
        "Cost of goods sold": 38138,
        "Gross Profit": 1238,
        "Financial expenses": 1399,
        "Of which: Interest expense": 1399,
        "Cost of sales": 485,
        "Enterprise cost management": 1321,
        "Total Operating Expenses": 3205,
        "Total revenue financing activities": 4,
        "Net profit from business activities": -1962,
        "Profit": -286,
        "Profit before tax": -2248,
        "Present corporate income tax expenses": "N/A",
        "Deferred income taxes expenses": "N/A",
        "The interests of minority shareholders": "N/A",
        "Total Cost of profits": 0,
        "Profit after tax corporate income": -2248,
        "Volume": 5000000,
        "Close of Quarter": 5.1,
        "EPS": -629,
        "Non-adjusted EPS": -629,
        "PE": -8.1,
        "Book Price": 10.9
      }
    },
    {
      "quarter": "Q1 2014",
      "income status": {
        "Net sales": 35631,
        "Cost of goods sold": 34439,
        "Gross Profit": 1192,
        "Financial expenses": 1383,
        "Of which: Interest expense": 1383,
        "Cost of sales": 570,
        "Enterprise cost management": 1215,
        "Total Operating Expenses": 3168,
        "Total revenue financing activities": 4,
        "Net profit from business activities": -1971,
        "Profit": 1,
        "Profit before tax": -1970,
        "Present corporate income tax expenses": "N/A",
        "Deferred income taxes expenses": "N/A",
        "The interests of minority shareholders": "N/A",
        "Total Cost of profits": 0,
        "Profit after tax corporate income": -1970,
        "Volume": 5000000,
        "Close of Quarter": 6.5,
        "EPS": -92,
        "Non-adjusted EPS": -92,
        "PE": -70.7,
        "Book Price": 11.4
      }
    },
    {
      "quarter": "Q4 2013",
      "income status": {
        "Net sales": 44432,
        "Cost of goods sold": 40333,
        "Gross Profit": 4100,
        "Financial expenses": 1345,
        "Of which: Interest expense": 1345,
        "Cost of sales": 405,
        "Enterprise cost management": 1192,
        "Total Operating Expenses": 2942,
        "Total revenue financing activities": 4,
        "Net profit from business activities": 1161,
        "Profit": -3,
        "Profit before tax": 1159,
        "Present corporate income tax expenses": 145,
        "Deferred income taxes expenses": "N/A",
        "The interests of minority shareholders": "N/A",
        "Total Cost of profits": 145,
        "Profit after tax corporate income": 1013,
        "Volume": 5000000,
        "Close of Quarter": 5.6,
        "EPS": 107,
        "Non-adjusted EPS": 107,
        "PE": 52.3,
        "Book Price": 11.9
      }
    },
    {
      "quarter": "Q3 2013",
      "income status": {
        "Net sales": 40132,
        "Cost of goods sold": 37065,
        "Gross Profit": 3067,
        "Financial expenses": 1446,
        "Of which: Interest expense": 1446,
        "Cost of sales": 416,
        "Enterprise cost management": 1145,
        "Total Operating Expenses": 3007,
        "Total revenue financing activities": 3,
        "Net profit from business activities": 63,
        "Profit": 4,
        "Profit before tax": 67,
        "Present corporate income tax expenses": 8,
        "Deferred income taxes expenses": "N/A",
        "The interests of minority shareholders": "N/A",
        "Total Cost of profits": 8,
        "Profit after tax corporate income": 59,
        "Volume": 5000000,
        "Close of Quarter": 5,
        "EPS": -218,
        "Non-adjusted EPS": -218,
        "PE": -22.9,
        "Book Price": 11.7
      }
    },
    {
      "quarter": "Q2 2013",
      "income status": {
        "Net sales": 51810,
        "Cost of goods sold": 47653,
        "Gross Profit": 4157,
        "Financial expenses": 1341,
        "Of which: Interest expense": 1341,
        "Cost of sales": 632,
        "Enterprise cost management": 1692,
        "Total Operating Expenses": 3665,
        "Total revenue financing activities": 5,
        "Net profit from business activities": 498,
        "Profit": -62,
        "Profit before tax": 436,
        "Present corporate income tax expenses": "N/A",
        "Deferred income taxes expenses": "N/A",
        "The interests of minority shareholders": "N/A",
        "Total Cost of profits": 0,
        "Profit after tax corporate income": 436,
        "Volume": 5000000,
        "Close of Quarter": 5.4,
        "EPS": -218,
        "Non-adjusted EPS": -218,
        "PE": -24.8,
        "Book Price": 11.7
      }
    },
    {
      "quarter": "Q1 2013",
      "income status": {
        "Net sales": 29679,
        "Cost of goods sold": 28078,
        "Gross Profit": 1600,
        "Financial expenses": 1692,
        "Of which: Interest expense": 1692,
        "Cost of sales": 611,
        "Enterprise cost management": 1224,
        "Total Operating Expenses": 3527,
        "Total revenue financing activities": 5,
        "Net profit from business activities": -1922,
        "Profit": 950,
        "Profit before tax": -971,
        "Present corporate income tax expenses": "N/A",
        "Deferred income taxes expenses": "N/A",
        "The interests of minority shareholders": "N/A",
        "Total Cost of profits": 0,
        "Profit after tax corporate income": -971,
        "Volume": 5000000,
        "Close of Quarter": 5,
        "EPS": 63,
        "Non-adjusted EPS": 63,
        "PE": 79.4,
        "Book Price": 11.6
      }
    },
    {
      "quarter": "Q4 2012",
      "income status": {
        "Net sales": 21403,
        "Cost of goods sold": 19341,
        "Gross Profit": 2062,
        "Financial expenses": 1094,
        "Of which: Interest expense": 1094,
        "Cost of sales": 261,
        "Enterprise cost management": 1326,
        "Total Operating Expenses": 2681,
        "Total revenue financing activities": 5,
        "Net profit from business activities": -614,
        "Profit": 1,
        "Profit before tax": -613,
        "Present corporate income tax expenses": "N/A",
        "Deferred income taxes expenses": "N/A",
        "The interests of minority shareholders": "N/A",
        "Total Cost of profits": 0,
        "Profit after tax corporate income": -613,
        "Volume": 5000000,
        "Close of Quarter": 5,
        "EPS": 324,
        "Non-adjusted EPS": 324,
        "PE": 15.4,
        "Book Price": 11.9
      }
    },
    {
      "quarter": "Q3 2012",
      "income status": {
        "Net sales": 19796,
        "Cost of goods sold": 17163,
        "Gross Profit": 2632,
        "Financial expenses": 1229,
        "Of which: Interest expense": 1229,
        "Cost of sales": 300,
        "Enterprise cost management": 1046,
        "Total Operating Expenses": 2575,
        "Total revenue financing activities": 6,
        "Net profit from business activities": 63,
        "Profit": -1,
        "Profit before tax": 63,
        "Present corporate income tax expenses": 5,
        "Deferred income taxes expenses": "N/A",
        "The interests of minority shareholders": "N/A",
        "Total Cost of profits": 5,
        "Profit after tax corporate income": 57,
        "Volume": 5000000,
        "Close of Quarter": 4.8,
        "EPS": 452,
        "Non-adjusted EPS": 452,
        "PE": 10.6,
        "Book Price": 12.1
      }
    },
    {
      "quarter": "Q2 2012",
      "income status": {
        "Net sales": 31879,
        "Cost of goods sold": 27045,
        "Gross Profit": 4834,
        "Financial expenses": 1271,
        "Of which: Interest expense": 1271,
        "Cost of sales": 279,
        "Enterprise cost management": 1278,
        "Total Operating Expenses": 2828,
        "Total revenue financing activities": 15,
        "Net profit from business activities": 2021,
        "Profit": -15,
        "Profit before tax": 2006,
        "Present corporate income tax expenses": 161,
        "Deferred income taxes expenses": "N/A",
        "The interests of minority shareholders": "N/A",
        "Total Cost of profits": 161,
        "Profit after tax corporate income": 1844,
        "Volume": 5000000,
        "Close of Quarter": 6,
        "EPS": 643,
        "Non-adjusted EPS": 643,
        "PE": 9.3,
        "Book Price": 12.1
      }
    },
    {
      "quarter": "Q1 2012",
      "income status": {
        "Net sales": 23600,
        "Cost of goods sold": 20377,
        "Gross Profit": 3223,
        "Financial expenses": 1311,
        "Of which: Interest expense": 1311,
        "Cost of sales": 363,
        "Enterprise cost management": 1080,
        "Total Operating Expenses": 2754,
        "Total revenue financing activities": 14,
        "Net profit from business activities": 482,
        "Profit": -106,
        "Profit before tax": 377,
        "Present corporate income tax expenses": 47,
        "Deferred income taxes expenses": "N/A",
        "The interests of minority shareholders": "N/A",
        "Total Cost of profits": 47,
        "Profit after tax corporate income": 330,
        "Volume": 5000000,
        "Close of Quarter": 5.8,
        "EPS": 635,
        "Non-adjusted EPS": 635,
        "PE": 9.1,
        "Book Price": 12.8
      }
    },
    {
      "quarter": "Q4 2011",
      "income status": {
        "Net sales": 34564,
        "Cost of goods sold": 31041,
        "Gross Profit": 3523,
        "Financial expenses": 1450,
        "Of which: Interest expense": 1450,
        "Cost of sales": 383,
        "Enterprise cost management": 1106,
        "Total Operating Expenses": 2939,
        "Total revenue financing activities": 15,
        "Net profit from business activities": 600,
        "Profit": -568,
        "Profit before tax": 33,
        "Present corporate income tax expenses": 4,
        "Deferred income taxes expenses": "N/A",
        "The interests of minority shareholders": "N/A",
        "Total Cost of profits": 4,
        "Profit after tax corporate income": 29,
        "Volume": 5000000,
        "Close of Quarter": 4.0,
        "EPS": 1523,
        "Non-adjusted EPS": 1523,
        "PE": 2.6,
        "Book Price": 12.8
      }
    },
    {
      "quarter": "Q3 2011",
      "income status": {
        "Net sales": 34690,
        "Cost of goods sold": 30792,
        "Gross Profit": 3898,
        "Financial expenses": 1369,
        "Of which: Interest expense": 1369,
        "Cost of sales": 312,
        "Enterprise cost management": 1073,
        "Total Operating Expenses": 2754,
        "Total revenue financing activities": 16,
        "Net profit from business activities": 1160,
        "Profit": -3,
        "Profit before tax": 1157,
        "Present corporate income tax expenses": 145,
        "Deferred income taxes expenses": "N/A",
        "The interests of minority shareholders": "N/A",
        "Total Cost of profits": 145,
        "Profit after tax corporate income": 1012,
        "Volume": 5000000,
        "Close of Quarter": 7.0,
        "EPS": 1705,
        "Non-adjusted EPS": 1705,
        "PE": 4.1,
        "Book Price": 13.1
      }
    },
    {
      "quarter": "Q2 2011",
      "income status": {
        "Net sales": 36293,
        "Cost of goods sold": 31631,
        "Gross Profit": 4662,
        "Financial expenses": 1223,
        "Of which: Interest expense": 1223,
        "Cost of sales": 364,
        "Enterprise cost management": 959,
        "Total Operating Expenses": 2546,
        "Total revenue financing activities": 86,
        "Net profit from business activities": 2202,
        "Profit": -141,
        "Profit before tax": 2061,
        "Present corporate income tax expenses": 258,
        "Deferred income taxes expenses": "N/A",
        "The interests of minority shareholders": "N/A",
        "Total Cost of profits": 258,
        "Profit after tax corporate income": 1804,
        "Volume": 5000000,
        "Close of Quarter": 7.2,
        "EPS": 2115,
        "Non-adjusted EPS": 2115,
        "PE": 3.4,
        "Book Price": 12.9
      }
    },
    {
      "quarter": "Q1 2011",
      "income status": {
        "Net sales": 38027,
        "Cost of goods sold": 29023,
        "Gross Profit": 9004,
        "Financial expenses": 1033,
        "Of which: Interest expense": 1033,
        "Cost of sales": 355,
        "Enterprise cost management": 1273,
        "Total Operating Expenses": 2661,
        "Total revenue financing activities": 45,
        "Net profit from business activities": 6388,
        "Profit": -219,
        "Profit before tax": 6169,
        "Present corporate income tax expenses": 1401,
        "Deferred income taxes expenses": "N/A",
        "The interests of minority shareholders": "N/A",
        "Total Cost of profits": 1401,
        "Profit after tax corporate income": 4768,
        "Volume": 5000000,
        "Close of Quarter": 9.2,
        "EPS": 2561,
        "Non-adjusted EPS": 2561,
        "PE": 3.6,
        "Book Price": 14
      }
    }
  ]
}