{
  "ticker": "QCG",
  "data": [
    {
      "quarter": "Q4 2016",
      "income status": {
        "Net sales": 737663,
        "Cost of goods sold": 663696,
        "Gross Profit": 73968,
        "Financial expenses": 31316,
        "Of which: Interest expense": 31068,
        "Cost of sales": 7925,
        "Enterprise cost management": 9642,
        "Total Operating Expenses": 48883,
        "Total revenue financing activities": 1083,
        "Net profit from business activities": 26167,
        "Profit": 20371,
        "Profit before tax": 46538,
        "Present corporate income tax expenses": 7399,
        "Deferred income taxes expenses": 1458,
        "The interests of minority shareholders": -62,
        "Total Cost of profits": 8795,
        "Profit after tax corporate income": 37743,
        "Volume": 275129310,
        "Close of Quarter": 3.8,
        "EPS": 253,
        "Non-adjusted EPS": 253,
        "PE": 15.0,
        "Book Price": 14.6
      }
    },
    {
      "quarter": "Q3 2016",
      "income status": {
        "Net sales": 586029,
        "Cost of goods sold": 607206,
        "Gross Profit": -21177,
        "Financial expenses": 16698,
        "Of which: Interest expense": -17400,
        "Cost of sales": 19927,
        "Enterprise cost management": -4273,
        "Total Operating Expenses": 32352,
        "Total revenue financing activities": 31636,
        "Net profit from business activities": -21893,
        "Profit": 16720,
        "Profit before tax": -5172,
        "Present corporate income tax expenses": "N/A",
        "Deferred income taxes expenses": "N/A",
        "The interests of minority shareholders": -32,
        "Total Cost of profits": -32,
        "Profit after tax corporate income": -5140,
        "Volume": 275129310,
        "Close of Quarter": 4.2,
        "EPS": 135,
        "Non-adjusted EPS": 135,
        "PE": 31.1,
        "Book Price": 14.5
      }
    },
    {
      "quarter": "Q2 2016",
      "income status": {
        "Net sales": 181727,
        "Cost of goods sold": 168639,
        "Gross Profit": 13088,
        "Financial expenses": 37648,
        "Of which: Interest expense": 10175,
        "Cost of sales": 2634,
        "Enterprise cost management": 2770,
        "Total Operating Expenses": 43052,
        "Total revenue financing activities": 74859,
        "Net profit from business activities": 44895,
        "Profit": -1378,
        "Profit before tax": 43518,
        "Present corporate income tax expenses": 6108,
        "Deferred income taxes expenses": 2050,
        "The interests of minority shareholders": -50,
        "Total Cost of profits": 8108,
        "Profit after tax corporate income": 35409,
        "Volume": 275129310,
        "Close of Quarter": 4.7,
        "EPS": 203,
        "Non-adjusted EPS": 203,
        "PE": 23.2,
        "Book Price": 14.4
      }
    },
    {
      "quarter": "Q1 2016",
      "income status": {
        "Net sales": 82967,
        "Cost of goods sold": 75843,
        "Gross Profit": 7124,
        "Financial expenses": 4429,
        "Of which: Interest expense": 4348,
        "Cost of sales": 487,
        "Enterprise cost management": 3256,
        "Total Operating Expenses": 8172,
        "Total revenue financing activities": 442,
        "Net profit from business activities": -606,
        "Profit": 2625,
        "Profit before tax": 2018,
        "Present corporate income tax expenses": 506,
        "Deferred income taxes expenses": "N/A",
        "The interests of minority shareholders": -58,
        "Total Cost of profits": 448,
        "Profit after tax corporate income": 1571,
        "Volume": 275129310,
        "Close of Quarter": 4.9,
        "EPS": 88,
        "Non-adjusted EPS": 88,
        "PE": 55.7,
        "Book Price": 14.3
      }
    },
    {
      "quarter": "Q4 2015",
      "income status": {
        "Net sales": 178639,
        "Cost of goods sold": 172205,
        "Gross Profit": 6434,
        "Financial expenses": 961,
        "Of which: Interest expense": 961,
        "Cost of sales": 27,
        "Enterprise cost management": 3122,
        "Total Operating Expenses": 4110,
        "Total revenue financing activities": 2998,
        "Net profit from business activities": 5322,
        "Profit": 1699,
        "Profit before tax": 7021,
        "Present corporate income tax expenses": 1717,
        "Deferred income taxes expenses": "N/A",
        "The interests of minority shareholders": -12,
        "Total Cost of profits": 1705,
        "Profit after tax corporate income": 5316,
        "Volume": 275129310,
        "Close of Quarter": 5.1,
        "EPS": 85,
        "Non-adjusted EPS": 85,
        "PE": 60,
        "Book Price": 14.3
      }
    },
    {
      "quarter": "Q3 2015",
      "income status": {
        "Net sales": 103391,
        "Cost of goods sold": 70689,
        "Gross Profit": 32702,
        "Financial expenses": 3073,
        "Of which: Interest expense": 3997,
        "Cost of sales": 11564,
        "Enterprise cost management": 4827,
        "Total Operating Expenses": 19464,
        "Total revenue financing activities": 279,
        "Net profit from business activities": 13516,
        "Profit": 365,
        "Profit before tax": 13881,
        "Present corporate income tax expenses": 420,
        "Deferred income taxes expenses": "N/A",
        "The interests of minority shareholders": -54,
        "Total Cost of profits": 366,
        "Profit after tax corporate income": 13515,
        "Volume": 275129310,
        "Close of Quarter": 6,
        "EPS": 247,
        "Non-adjusted EPS": 247,
        "PE": 24.3,
        "Book Price": 14.3
      }
    },
    {
      "quarter": "Q2 2015",
      "income status": {
        "Net sales": 60724,
        "Cost of goods sold": 54326,
        "Gross Profit": 6398,
        "Financial expenses": 4022,
        "Of which: Interest expense": 3655,
        "Cost of sales": -248,
        "Enterprise cost management": 2983,
        "Total Operating Expenses": 6757,
        "Total revenue financing activities": 1154,
        "Net profit from business activities": 794,
        "Profit": 3416,
        "Profit before tax": 4210,
        "Present corporate income tax expenses": 284,
        "Deferred income taxes expenses": -184,
        "The interests of minority shareholders": 225,
        "Total Cost of profits": 325,
        "Profit after tax corporate income": 3885,
        "Volume": 275129310,
        "Close of Quarter": 7.4,
        "EPS": 208,
        "Non-adjusted EPS": 208,
        "PE": 35.6,
        "Book Price": 14.3
      }
    },
    {
      "quarter": "Q1 2015",
      "income status": {
        "Net sales": 43012,
        "Cost of goods sold": 36729,
        "Gross Profit": 6282,
        "Financial expenses": 3553,
        "Of which: Interest expense": 3553,
        "Cost of sales": 309,
        "Enterprise cost management": 2521,
        "Total Operating Expenses": 6383,
        "Total revenue financing activities": 1019,
        "Net profit from business activities": 919,
        "Profit": -392,
        "Profit before tax": 527,
        "Present corporate income tax expenses": 23,
        "Deferred income taxes expenses": "N/A",
        "The interests of minority shareholders": -97,
        "Total Cost of profits": -74,
        "Profit after tax corporate income": 601,
        "Volume": 272202143,
        "Close of Quarter": 8.9,
        "EPS": 201.8,
        "Non-adjusted EPS": 204,
        "PE": 43.6,
        "Book Price": 14.3
      }
    },
    {
      "quarter": "Q4 2014",
      "income status": {
        "Net sales": 124034,
        "Cost of goods sold": 114811,
        "Gross Profit": 9222,
        "Financial expenses": 856544,
        "Of which: Interest expense": 6452,
        "Cost of sales": 12847,
        "Enterprise cost management": 3668,
        "Total Operating Expenses": 873059,
        "Total revenue financing activities": 915123,
        "Net profit from business activities": 51287,
        "Profit": 898,
        "Profit before tax": 52184,
        "Present corporate income tax expenses": 2215,
        "Deferred income taxes expenses": "N/A",
        "The interests of minority shareholders": -83,
        "Total Cost of profits": 2132,
        "Profit after tax corporate income": 50053,
        "Volume": 127076862,
        "Close of Quarter": 9.7,
        "EPS": 205.1,
        "Non-adjusted EPS": 444,
        "PE": 21.9,
        "Book Price": 14.4
      }
    },
    {
      "quarter": "Q3 2014",
      "income status": {
        "Net sales": 161475,
        "Cost of goods sold": 126234,
        "Gross Profit": 35240,
        "Financial expenses": 25176,
        "Of which: Interest expense": 5766,
        "Cost of sales": 1576,
        "Enterprise cost management": 5267,
        "Total Operating Expenses": 32019,
        "Total revenue financing activities": 25,
        "Net profit from business activities": 3247,
        "Profit": -843,
        "Profit before tax": 2404,
        "Present corporate income tax expenses": "N/A",
        "Deferred income taxes expenses": "N/A",
        "The interests of minority shareholders": -177,
        "Total Cost of profits": -177,
        "Profit after tax corporate income": 2581,
        "Volume": 127076862,
        "Close of Quarter": 9.4,
        "EPS": 27.7,
        "Non-adjusted EPS": 60,
        "PE": 156.7,
        "Book Price": 9.1
      }
    },
    {
      "quarter": "Q2 2014",
      "income status": {
        "Net sales": 196060,
        "Cost of goods sold": 196054,
        "Gross Profit": 6,
        "Financial expenses": 2400,
        "Of which: Interest expense": 4152,
        "Cost of sales": 111,
        "Enterprise cost management": 5555,
        "Total Operating Expenses": 8066,
        "Total revenue financing activities": 125,
        "Net profit from business activities": -7935,
        "Profit": 582,
        "Profit before tax": -7353,
        "Present corporate income tax expenses": "N/A",
        "Deferred income taxes expenses": -9342,
        "The interests of minority shareholders": -178,
        "Total Cost of profits": -9520,
        "Profit after tax corporate income": 2166,
        "Volume": 127076862,
        "Close of Quarter": 8.4,
        "EPS": 19.9,
        "Non-adjusted EPS": 43,
        "PE": 195.4,
        "Book Price": 9.0
      }
    },
    {
      "quarter": "Q1 2014",
      "income status": {
        "Net sales": 41960,
        "Cost of goods sold": 31606,
        "Gross Profit": 10354,
        "Financial expenses": 5974,
        "Of which: Interest expense": 5974,
        "Cost of sales": 1342,
        "Enterprise cost management": 2017,
        "Total Operating Expenses": 9333,
        "Total revenue financing activities": 703,
        "Net profit from business activities": 1723,
        "Profit": -160,
        "Profit before tax": 1563,
        "Present corporate income tax expenses": "N/A",
        "Deferred income taxes expenses": "N/A",
        "The interests of minority shareholders": -116,
        "Total Cost of profits": -116,
        "Profit after tax corporate income": 1679,
        "Volume": 127076862,
        "Close of Quarter": 11.8,
        "EPS": 26.3,
        "Non-adjusted EPS": 57,
        "PE": 207.0,
        "Book Price": 9.1
      }
    },
    {
      "quarter": "Q4 2013",
      "income status": {
        "Net sales": 685869,
        "Cost of goods sold": 691210,
        "Gross Profit": -5340,
        "Financial expenses": 5653,
        "Of which: Interest expense": 5653,
        "Cost of sales": 430,
        "Enterprise cost management": 4898,
        "Total Operating Expenses": 10981,
        "Total revenue financing activities": 2033,
        "Net profit from business activities": -14289,
        "Profit": -1023,
        "Profit before tax": -15312,
        "Present corporate income tax expenses": "N/A",
        "Deferred income taxes expenses": -12629,
        "The interests of minority shareholders": -3943,
        "Total Cost of profits": -16572,
        "Profit after tax corporate income": 1260,
        "Volume": 127076862,
        "Close of Quarter": 6.5,
        "EPS": 24.0,
        "Non-adjusted EPS": 52,
        "PE": 125,
        "Book Price": 8.4
      }
    },
    {
      "quarter": "Q3 2013",
      "income status": {
        "Net sales": 37193,
        "Cost of goods sold": 26063,
        "Gross Profit": 11129,
        "Financial expenses": 6364,
        "Of which: Interest expense": 6363,
        "Cost of sales": 4599,
        "Enterprise cost management": 3050,
        "Total Operating Expenses": 14013,
        "Total revenue financing activities": 324,
        "Net profit from business activities": -2560,
        "Profit": 2797,
        "Profit before tax": 237,
        "Present corporate income tax expenses": "N/A",
        "Deferred income taxes expenses": "N/A",
        "The interests of minority shareholders": -124,
        "Total Cost of profits": -124,
        "Profit after tax corporate income": 361,
        "Volume": 127076862,
        "Close of Quarter": 6.4,
        "EPS": 64.7,
        "Non-adjusted EPS": 140,
        "PE": 45.7,
        "Book Price": 8.4
      }
    },
    {
      "quarter": "Q2 2013",
      "income status": {
        "Net sales": 111660,
        "Cost of goods sold": 81078,
        "Gross Profit": 30582,
        "Financial expenses": 49533,
        "Of which: Interest expense": 47710,
        "Cost of sales": -4415,
        "Enterprise cost management": 6993,
        "Total Operating Expenses": 52111,
        "Total revenue financing activities": 135,
        "Net profit from business activities": -21394,
        "Profit": 19456,
        "Profit before tax": -1939,
        "Present corporate income tax expenses": "N/A",
        "Deferred income taxes expenses": -3688,
        "The interests of minority shareholders": -2171,
        "Total Cost of profits": -5859,
        "Profit after tax corporate income": 3920,
        "Volume": 127076862,
        "Close of Quarter": 7.5,
        "EPS": 61.9,
        "Non-adjusted EPS": 134,
        "PE": 56.0,
        "Book Price": 8.4
      }
    },
    {
      "quarter": "Q1 2013",
      "income status": {
        "Net sales": 119938,
        "Cost of goods sold": 106154,
        "Gross Profit": 13784,
        "Financial expenses": 5120,
        "Of which: Interest expense": 5120,
        "Cost of sales": 6300,
        "Enterprise cost management": 3908,
        "Total Operating Expenses": 15328,
        "Total revenue financing activities": 91,
        "Net profit from business activities": -1453,
        "Profit": 1277,
        "Profit before tax": -176,
        "Present corporate income tax expenses": "N/A",
        "Deferred income taxes expenses": -1285,
        "The interests of minority shareholders": 27,
        "Total Cost of profits": -1258,
        "Profit after tax corporate income": 1082,
        "Volume": 127076862,
        "Close of Quarter": 7,
        "EPS": 56.4,
        "Non-adjusted EPS": 122,
        "PE": 57.4,
        "Book Price": 8.4
      }
    },
    {
      "quarter": "Q4 2012",
      "income status": {
        "Net sales": 1226404,
        "Cost of goods sold": 1156792,
        "Gross Profit": 69612,
        "Financial expenses": 52348,
        "Of which: Interest expense": 49394,
        "Cost of sales": 8229,
        "Enterprise cost management": 7278,
        "Total Operating Expenses": 67855,
        "Total revenue financing activities": 1481,
        "Net profit from business activities": 3237,
        "Profit": 9218,
        "Profit before tax": 12455,
        "Present corporate income tax expenses": "N/A",
        "Deferred income taxes expenses": "N/A",
        "The interests of minority shareholders": "N/A",
        "Total Cost of profits": 0,
        "Profit after tax corporate income": 12455,
        "Volume": 127076862,
        "Close of Quarter": 7.3,
        "EPS": 38.3,
        "Non-adjusted EPS": 83,
        "PE": 88.0,
        "Book Price": 8.4
      }
    },
    {
      "quarter": "Q3 2012",
      "income status": {
        "Net sales": 59766,
        "Cost of goods sold": 40582,
        "Gross Profit": 19184,
        "Financial expenses": 12438,
        "Of which: Interest expense": 11055,
        "Cost of sales": 4837,
        "Enterprise cost management": 4530,
        "Total Operating Expenses": 21805,
        "Total revenue financing activities": 1394,
        "Net profit from business activities": -1227,
        "Profit": 759,
        "Profit before tax": -468,
        "Present corporate income tax expenses": "N/A",
        "Deferred income taxes expenses": "N/A",
        "The interests of minority shareholders": "N/A",
        "Total Cost of profits": 0,
        "Profit after tax corporate income": -468,
        "Volume": 127076862,
        "Close of Quarter": 7.1,
        "EPS": -383.4,
        "Non-adjusted EPS": -830,
        "PE": -8.6,
        "Book Price": 8.3
      }
    },
    {
      "quarter": "Q2 2012",
      "income status": {
        "Net sales": 42200,
        "Cost of goods sold": 29010,
        "Gross Profit": 13190,
        "Financial expenses": 29017,
        "Of which: Interest expense": 29017,
        "Cost of sales": 1406,
        "Enterprise cost management": 5809,
        "Total Operating Expenses": 36232,
        "Total revenue financing activities": 21881,
        "Net profit from business activities": -1162,
        "Profit": 3558,
        "Profit before tax": 2396,
        "Present corporate income tax expenses": "N/A",
        "Deferred income taxes expenses": "N/A",
        "The interests of minority shareholders": "N/A",
        "Total Cost of profits": 0,
        "Profit after tax corporate income": 2396,
        "Volume": 121518139,
        "Close of Quarter": 9.9,
        "EPS": -477.9,
        "Non-adjusted EPS": -1082,
        "PE": -9.2,
        "Book Price": 8.3
      }
    },
    {
      "quarter": "Q1 2012",
      "income status": {
        "Net sales": 88381,
        "Cost of goods sold": 79096,
        "Gross Profit": 9285,
        "Financial expenses": 33364,
        "Of which: Interest expense": 29082,
        "Cost of sales": 532,
        "Enterprise cost management": 3808,
        "Total Operating Expenses": 37704,
        "Total revenue financing activities": 13037,
        "Net profit from business activities": -15382,
        "Profit": 11546,
        "Profit before tax": -3836,
        "Present corporate income tax expenses": "N/A",
        "Deferred income taxes expenses": "N/A",
        "The interests of minority shareholders": "N/A",
        "Total Cost of profits": 0,
        "Profit after tax corporate income": -3836,
        "Volume": 121518139,
        "Close of Quarter": 10.1,
        "EPS": -384.7,
        "Non-adjusted EPS": -871,
        "PE": -11.6,
        "Book Price": 8.1
      }
    },
    {
      "quarter": "Q4 2011",
      "income status": {
        "Net sales": 248733,
        "Cost of goods sold": 233888,
        "Gross Profit": 14845,
        "Financial expenses": 102894,
        "Of which: Interest expense": 102883,
        "Cost of sales": 679,
        "Enterprise cost management": 7112,
        "Total Operating Expenses": 110685,
        "Total revenue financing activities": 2182,
        "Net profit from business activities": -93659,
        "Profit": -9900,
        "Profit before tax": -49071,
        "Present corporate income tax expenses": "N/A",
        "Deferred income taxes expenses": "N/A",
        "The interests of minority shareholders": "N/A",
        "Total Cost of profits": 0,
        "Profit after tax corporate income": -103559,
        "Volume": 121518139,
        "Close of Quarter": 13.4,
        "EPS": -266.3,
        "Non-adjusted EPS": -603,
        "PE": -22.2,
        "Book Price": 8.0
      }
    },
    {
      "quarter": "Q3 2011",
      "income status": {
        "Net sales": 52749,
        "Cost of goods sold": 46500,
        "Gross Profit": 6250,
        "Financial expenses": 30600,
        "Of which: Interest expense": -18393,
        "Cost of sales": 680,
        "Enterprise cost management": 7251,
        "Total Operating Expenses": 38531,
        "Total revenue financing activities": 2136,
        "Net profit from business activities": -30146,
        "Profit": 1989,
        "Profit before tax": 54487,
        "Present corporate income tax expenses": 72,
        "Deferred income taxes expenses": "N/A",
        "The interests of minority shareholders": -1737,
        "Total Cost of profits": -1665,
        "Profit after tax corporate income": -26492,
        "Volume": 121518139,
        "Close of Quarter": 20.9,
        "EPS": 310.5,
        "Non-adjusted EPS": 703,
        "PE": 29.7,
        "Book Price": 8.6
      }
    },
    {
      "quarter": "Q2 2011",
      "income status": {
        "Net sales": 116694,
        "Cost of goods sold": 98646,
        "Gross Profit": 18049,
        "Financial expenses": 36563,
        "Of which: Interest expense": 31561,
        "Cost of sales": 1474,
        "Enterprise cost management": 19583,
        "Total Operating Expenses": 57620,
        "Total revenue financing activities": 9863,
        "Net profit from business activities": -29708,
        "Profit": 72321,
        "Profit before tax": 42613,
        "Present corporate income tax expenses": 19204,
        "Deferred income taxes expenses": -10441,
        "The interests of minority shareholders": 5832,
        "Total Cost of profits": 14595,
        "Profit after tax corporate income": 28019,
        "Volume": 121518139,
        "Close of Quarter": 19.1,
        "EPS": 964.6,
        "Non-adjusted EPS": 2184,
        "PE": 8.8,
        "Book Price": 8.7
      }
    },
    {
      "quarter": "Q1 2011",
      "income status": {
        "Net sales": 31164,
        "Cost of goods sold": 18535,
        "Gross Profit": 12629,
        "Financial expenses": 7049,
        "Of which: Interest expense": 7037,
        "Cost of sales": 650,
        "Enterprise cost management": 5232,
        "Total Operating Expenses": 12931,
        "Total revenue financing activities": 40329,
        "Net profit from business activities": 40026,
        "Profit": 5,
        "Profit before tax": 40031,
        "Present corporate income tax expenses": 11258,
        "Deferred income taxes expenses": "N/A",
        "The interests of minority shareholders": "N/A",
        "Total Cost of profits": 11258,
        "Profit after tax corporate income": 28773,
        "Volume": 121518139,
        "Close of Quarter": 19.5,
        "EPS": 1075.0,
        "Non-adjusted EPS": 2434,
        "PE": 8.0,
        "Book Price": 8.6
      }
    }
  ]
}