{
  "ticker": "DHM",
  "data": [
    {
      "quarter": "Q4 2016",
      "income status": {
        "Net sales": 393469,
        "Cost of goods sold": 379575,
        "Gross Profit": 13894,
        "Financial expenses": 1487,
        "Of which: Interest expense": 1311,
        "Cost of sales": 1150,
        "Enterprise cost management": 8820,
        "Total Operating Expenses": 11457,
        "Total revenue financing activities": 13,
        "Net profit from business activities": 2450,
        "Profit": 179,
        "Profit before tax": 2630,
        "Present corporate income tax expenses": 611,
        "Deferred income taxes expenses": "N/A",
        "The interests of minority shareholders": "N/A",
        "Total Cost of profits": 611,
        "Profit after tax corporate income": 2018,
        "Volume": 25143123,
        "Close of Quarter": 7.8,
        "EPS": 507,
        "Non-adjusted EPS": 507,
        "PE": 15.3,
        "Book Price": 11.6
      }
    },
    {
      "quarter": "Q3 2016",
      "income status": {
        "Net sales": 191882,
        "Cost of goods sold": 183091,
        "Gross Profit": 8791,
        "Financial expenses": 1053,
        "Of which: Interest expense": 1025,
        "Cost of sales": 534,
        "Enterprise cost management": 2441,
        "Total Operating Expenses": 4028,
        "Total revenue financing activities": 5,
        "Net profit from business activities": 4767,
        "Profit": 273,
        "Profit before tax": 5040,
        "Present corporate income tax expenses": 1013,
        "Deferred income taxes expenses": "N/A",
        "The interests of minority shareholders": "N/A",
        "Total Cost of profits": 1013,
        "Profit after tax corporate income": 4028,
        "Volume": 23498370,
        "Close of Quarter": 14.9,
        "EPS": 437.4,
        "Non-adjusted EPS": 468,
        "PE": 31.8,
        "Book Price": 11.5
      }
    },
    {
      "quarter": "Q2 2016",
      "income status": {
        "Net sales": 188186,
        "Cost of goods sold": 177840,
        "Gross Profit": 10346,
        "Financial expenses": 852,
        "Of which: Interest expense": -6551,
        "Cost of sales": 365,
        "Enterprise cost management": 3048,
        "Total Operating Expenses": 4265,
        "Total revenue financing activities": 7,
        "Net profit from business activities": 6088,
        "Profit": -332,
        "Profit before tax": 5756,
        "Present corporate income tax expenses": 1160,
        "Deferred income taxes expenses": "N/A",
        "The interests of minority shareholders": "N/A",
        "Total Cost of profits": 1160,
        "Profit after tax corporate income": 4596,
        "Volume": 23498370,
        "Close of Quarter": 11.8,
        "EPS": 429.0,
        "Non-adjusted EPS": 459,
        "PE": 25.7,
        "Book Price": 11.3
      }
    },
    {
      "quarter": "Q1 2016",
      "income status": {
        "Net sales": 128404,
        "Cost of goods sold": 122846,
        "Gross Profit": 5558,
        "Financial expenses": 828,
        "Of which: Interest expense": 8321,
        "Cost of sales": 504,
        "Enterprise cost management": 2126,
        "Total Operating Expenses": 3458,
        "Total revenue financing activities": 13,
        "Net profit from business activities": 2113,
        "Profit": 520,
        "Profit before tax": 2633,
        "Present corporate income tax expenses": 527,
        "Deferred income taxes expenses": "N/A",
        "The interests of minority shareholders": "N/A",
        "Total Cost of profits": 527,
        "Profit after tax corporate income": 2106,
        "Volume": 23498370,
        "Close of Quarter": 8.5,
        "EPS": 377.6,
        "Non-adjusted EPS": 404,
        "PE": 21.0,
        "Book Price": 11.2
      }
    },
    {
      "quarter": "Q4 2015",
      "income status": {
        "Net sales": 76080,
        "Cost of goods sold": 72063,
        "Gross Profit": 4017,
        "Financial expenses": 712,
        "Of which: Interest expense": 683,
        "Cost of sales": 687,
        "Enterprise cost management": 3057,
        "Total Operating Expenses": 4456,
        "Total revenue financing activities": 994,
        "Net profit from business activities": 555,
        "Profit": -154,
        "Profit before tax": 401,
        "Present corporate income tax expenses": 125,
        "Deferred income taxes expenses": "N/A",
        "The interests of minority shareholders": "N/A",
        "Total Cost of profits": 125,
        "Profit after tax corporate income": 276,
        "Volume": 23498370,
        "Close of Quarter": 5.4,
        "EPS": 310.3,
        "Non-adjusted EPS": 332,
        "PE": 16.3,
        "Book Price": 11.2
      }
    },
    {
      "quarter": "Q3 2015",
      "income status": {
        "Net sales": 133254,
        "Cost of goods sold": 124859,
        "Gross Profit": 8395,
        "Financial expenses": 873,
        "Of which: Interest expense": 824,
        "Cost of sales": 676,
        "Enterprise cost management": 1989,
        "Total Operating Expenses": 3538,
        "Total revenue financing activities": 41,
        "Net profit from business activities": 4898,
        "Profit": 45,
        "Profit before tax": 4942,
        "Present corporate income tax expenses": 1137,
        "Deferred income taxes expenses": "N/A",
        "The interests of minority shareholders": "N/A",
        "Total Cost of profits": 1137,
        "Profit after tax corporate income": 3806,
        "Volume": 23498370,
        "Close of Quarter": 2.4,
        "EPS": 300.9,
        "Non-adjusted EPS": 322,
        "PE": 7.6,
        "Book Price": 11.2
      }
    },
    {
      "quarter": "Q2 2015",
      "income status": {
        "Net sales": 174967,
        "Cost of goods sold": 167593,
        "Gross Profit": 7374,
        "Financial expenses": 1030,
        "Of which: Interest expense": 1420,
        "Cost of sales": 680,
        "Enterprise cost management": 1980,
        "Total Operating Expenses": 3690,
        "Total revenue financing activities": 7,
        "Net profit from business activities": 3690,
        "Profit": 570,
        "Profit before tax": 4261,
        "Present corporate income tax expenses": 947,
        "Deferred income taxes expenses": "N/A",
        "The interests of minority shareholders": "N/A",
        "Total Cost of profits": 947,
        "Profit after tax corporate income": 3314,
        "Volume": 23498370,
        "Close of Quarter": 2.9,
        "EPS": 173.8,
        "Non-adjusted EPS": 186,
        "PE": 15.6,
        "Book Price": 11.0
      }
    },
    {
      "quarter": "Q1 2015",
      "income status": {
        "Net sales": 123497,
        "Cost of goods sold": 119220,
        "Gross Profit": 4277,
        "Financial expenses": 666,
        "Of which: Interest expense": 33,
        "Cost of sales": 672,
        "Enterprise cost management": 2500,
        "Total Operating Expenses": 3838,
        "Total revenue financing activities": 8,
        "Net profit from business activities": 448,
        "Profit": 96,
        "Profit before tax": 544,
        "Present corporate income tax expenses": 129,
        "Deferred income taxes expenses": "N/A",
        "The interests of minority shareholders": "N/A",
        "Total Cost of profits": 129,
        "Profit after tax corporate income": 415,
        "Volume": 23498370,
        "Close of Quarter": 3.8,
        "EPS": 96.3,
        "Non-adjusted EPS": 103,
        "PE": 37.2,
        "Book Price": 10.9
      }
    },
    {
      "quarter": "Q4 2014",
      "income status": {
        "Net sales": 130529,
        "Cost of goods sold": 126867,
        "Gross Profit": 3662,
        "Financial expenses": 309,
        "Of which: Interest expense": 259,
        "Cost of sales": 806,
        "Enterprise cost management": 2270,
        "Total Operating Expenses": 3385,
        "Total revenue financing activities": 2,
        "Net profit from business activities": 279,
        "Profit": -81,
        "Profit before tax": 198,
        "Present corporate income tax expenses": 164,
        "Deferred income taxes expenses": "N/A",
        "The interests of minority shareholders": "N/A",
        "Total Cost of profits": 164,
        "Profit after tax corporate income": 34,
        "Volume": 23498370,
        "Close of Quarter": 5.0,
        "EPS": 129.0,
        "Non-adjusted EPS": 138,
        "PE": 35.9,
        "Book Price": 10.8
      }
    },
    {
      "quarter": "Q3 2014",
      "income status": {
        "Net sales": 150170,
        "Cost of goods sold": 142343,
        "Gross Profit": 7826,
        "Financial expenses": 3042,
        "Of which: Interest expense": 2255,
        "Cost of sales": 772,
        "Enterprise cost management": 3222,
        "Total Operating Expenses": 7036,
        "Total revenue financing activities": 6,
        "Net profit from business activities": 796,
        "Profit": 7,
        "Profit before tax": 803,
        "Present corporate income tax expenses": 197,
        "Deferred income taxes expenses": "N/A",
        "The interests of minority shareholders": "N/A",
        "Total Cost of profits": 197,
        "Profit after tax corporate income": 607,
        "Volume": 23498370,
        "Close of Quarter": 6.6,
        "EPS": 499.1,
        "Non-adjusted EPS": 534,
        "PE": 12.4,
        "Book Price": 11.0
      }
    },
    {
      "quarter": "Q2 2014",
      "income status": {
        "Net sales": 136841,
        "Cost of goods sold": 126163,
        "Gross Profit": 10677,
        "Financial expenses": 922,
        "Of which: Interest expense": 851,
        "Cost of sales": 5086,
        "Enterprise cost management": 1922,
        "Total Operating Expenses": 7930,
        "Total revenue financing activities": 7,
        "Net profit from business activities": 2095,
        "Profit": -116,
        "Profit before tax": 1979,
        "Present corporate income tax expenses": 625,
        "Deferred income taxes expenses": "N/A",
        "The interests of minority shareholders": "N/A",
        "Total Cost of profits": 625,
        "Profit after tax corporate income": 1354,
        "Volume": 23498370,
        "Close of Quarter": 6.5,
        "EPS": 617.8,
        "Non-adjusted EPS": 661,
        "PE": 9.9,
        "Book Price": 12.3
      }
    },
    {
      "quarter": "Q1 2014",
      "income status": {
        "Net sales": 67658,
        "Cost of goods sold": 62623,
        "Gross Profit": 5035,
        "Financial expenses": 1312,
        "Of which: Interest expense": 1271,
        "Cost of sales": 876,
        "Enterprise cost management": 1976,
        "Total Operating Expenses": 4164,
        "Total revenue financing activities": 15,
        "Net profit from business activities": 886,
        "Profit": 727,
        "Profit before tax": 1613,
        "Present corporate income tax expenses": 355,
        "Deferred income taxes expenses": "N/A",
        "The interests of minority shareholders": -1,
        "Total Cost of profits": 354,
        "Profit after tax corporate income": 1259,
        "Volume": 23498370,
        "Close of Quarter": 8.8,
        "EPS": 572.9,
        "Non-adjusted EPS": 613,
        "PE": 14.3,
        "Book Price": 10.8
      }
    },
    {
      "quarter": "Q4 2013",
      "income status": {
        "Net sales": 235173,
        "Cost of goods sold": 213904,
        "Gross Profit": 21269,
        "Financial expenses": 762,
        "Of which: Interest expense": 706,
        "Cost of sales": 5034,
        "Enterprise cost management": 3313,
        "Total Operating Expenses": 9109,
        "Total revenue financing activities": 29,
        "Net profit from business activities": 12190,
        "Profit": 253,
        "Profit before tax": 12442,
        "Present corporate income tax expenses": 3115,
        "Deferred income taxes expenses": "N/A",
        "The interests of minority shareholders": "N/A",
        "Total Cost of profits": 3115,
        "Profit after tax corporate income": 9328,
        "Volume": 23498370,
        "Close of Quarter": 7.3,
        "EPS": 632.7,
        "Non-adjusted EPS": 677,
        "PE": 10.8,
        "Book Price": 10.8
      }
    },
    {
      "quarter": "Q3 2013",
      "income status": {
        "Net sales": 76094,
        "Cost of goods sold": 67844,
        "Gross Profit": 8250,
        "Financial expenses": 754,
        "Of which: Interest expense": 619,
        "Cost of sales": 645,
        "Enterprise cost management": 2079,
        "Total Operating Expenses": 3478,
        "Total revenue financing activities": 2,
        "Net profit from business activities": 4775,
        "Profit": 3,
        "Profit before tax": 4777,
        "Present corporate income tax expenses": 1194,
        "Deferred income taxes expenses": "N/A",
        "The interests of minority shareholders": "N/A",
        "Total Cost of profits": 1194,
        "Profit after tax corporate income": 3583,
        "Volume": 16000000,
        "Close of Quarter": 8.0,
        "EPS": 401.5,
        "Non-adjusted EPS": 631,
        "PE": 12.7,
        "Book Price": 7.6
      }
    },
    {
      "quarter": "Q2 2013",
      "income status": {
        "Net sales": 91375,
        "Cost of goods sold": 91138,
        "Gross Profit": 237,
        "Financial expenses": -21,
        "Of which: Interest expense": -63,
        "Cost of sales": -18,
        "Enterprise cost management": 22,
        "Total Operating Expenses": -17,
        "Total revenue financing activities": -48,
        "Net profit from business activities": 206,
        "Profit": 92,
        "Profit before tax": 298,
        "Present corporate income tax expenses": 66,
        "Deferred income taxes expenses": "N/A",
        "The interests of minority shareholders": "N/A",
        "Total Cost of profits": 66,
        "Profit after tax corporate income": 232,
        "Volume": 16000000,
        "Close of Quarter": 9.7,
        "EPS": 662.5,
        "Non-adjusted EPS": 1041,
        "PE": 9.3,
        "Book Price": 7.5
      }
    },
    {
      "quarter": "Q1 2013",
      "income status": {
        "Net sales": 100184,
        "Cost of goods sold": 94216,
        "Gross Profit": 5968,
        "Financial expenses": 218,
        "Of which: Interest expense": 169,
        "Cost of sales": 674,
        "Enterprise cost management": 1411,
        "Total Operating Expenses": 2303,
        "Total revenue financing activities": 53,
        "Net profit from business activities": 3718,
        "Profit": -14,
        "Profit before tax": 3704,
        "Present corporate income tax expenses": 935,
        "Deferred income taxes expenses": "N/A",
        "The interests of minority shareholders": "N/A",
        "Total Cost of profits": 935,
        "Profit after tax corporate income": 2769,
        "Volume": 16000000,
        "Close of Quarter": 12.4,
        "EPS": 1353.5,
        "Non-adjusted EPS": 2127,
        "PE": 5.8,
        "Book Price": 7.3
      }
    },
    {
      "quarter": "Q4 2012",
      "income status": {
        "Net sales": 183020,
        "Cost of goods sold": 180024,
        "Gross Profit": 2997,
        "Financial expenses": 675,
        "Of which: Interest expense": 647,
        "Cost of sales": 1467,
        "Enterprise cost management": 1221,
        "Total Operating Expenses": 3363,
        "Total revenue financing activities": 4726,
        "Net profit from business activities": 4360,
        "Profit": 320,
        "Profit before tax": 4680,
        "Present corporate income tax expenses": 1170,
        "Deferred income taxes expenses": "N/A",
        "The interests of minority shareholders": "N/A",
        "Total Cost of profits": 1170,
        "Profit after tax corporate income": 3510,
        "Volume": 16000000,
        "Close of Quarter": 23.2,
        "EPS": 1702.9,
        "Non-adjusted EPS": 2676,
        "PE": 8.7,
        "Book Price": 7.3
      }
    },
    {
      "quarter": "Q3 2012",
      "income status": {
        "Net sales": 206960,
        "Cost of goods sold": 190257,
        "Gross Profit": 16703,
        "Financial expenses": 399,
        "Of which: Interest expense": 340,
        "Cost of sales": 532,
        "Enterprise cost management": 2408,
        "Total Operating Expenses": 3339,
        "Total revenue financing activities": 99,
        "Net profit from business activities": 13462,
        "Profit": 62,
        "Profit before tax": 13524,
        "Present corporate income tax expenses": 3381,
        "Deferred income taxes expenses": "N/A",
        "The interests of minority shareholders": "N/A",
        "Total Cost of profits": 3381,
        "Profit after tax corporate income": 10143,
        "Volume": 16000000,
        "Close of Quarter": 11.7,
        "EPS": 1563.5,
        "Non-adjusted EPS": 2457,
        "PE": 4.8,
        "Book Price": 7.1
      }
    },
    {
      "quarter": "Q2 2012",
      "income status": {
        "Net sales": 315150,
        "Cost of goods sold": 284131,
        "Gross Profit": 31019,
        "Financial expenses": 1286,
        "Of which: Interest expense": 1253,
        "Cost of sales": 2000,
        "Enterprise cost management": 4170,
        "Total Operating Expenses": 7456,
        "Total revenue financing activities": 13,
        "Net profit from business activities": 23576,
        "Profit": -67,
        "Profit before tax": 23509,
        "Present corporate income tax expenses": 5898,
        "Deferred income taxes expenses": "N/A",
        "The interests of minority shareholders": "N/A",
        "Total Cost of profits": 5898,
        "Profit after tax corporate income": 17611,
        "Volume": 16000000,
        "Close of Quarter": "N/A",
        "EPS": 1160.1,
        "Non-adjusted EPS": 1823,
        "PE": "N/A",
        "Book Price": 7.6
      }
    },
    {
      "quarter": "Q1 2012",
      "income status": {
        "Net sales": 54093,
        "Cost of goods sold": 34282,
        "Gross Profit": 19812,
        "Financial expenses": 1135,
        "Of which: Interest expense": 1073,
        "Cost of sales": 1830,
        "Enterprise cost management": 1444,
        "Total Operating Expenses": 4409,
        "Total revenue financing activities": 8,
        "Net profit from business activities": 15411,
        "Profit": "N/A",
        "Profit before tax": 15411,
        "Present corporate income tax expenses": 3853,
        "Deferred income taxes expenses": "N/A",
        "The interests of minority shareholders": "N/A",
        "Total Cost of profits": 3853,
        "Profit after tax corporate income": 11558,
        "Volume": 16000000,
        "Close of Quarter": "N/A",
        "EPS": 459.5,
        "Non-adjusted EPS": 722,
        "PE": "N/A",
        "Book Price": 6.9
      }
    }
  ]
}