{
  "ticker": "PMC",
  "data": [
    {
      "quarter": "Q4 2016",
      "income status": {
        "Net sales": 110428,
        "Cost of goods sold": 62109,
        "Gross Profit": 48319,
        "Financial expenses": 1,
        "Of which: Interest expense": "N/A",
        "Cost of sales": 14266,
        "Enterprise cost management": 12232,
        "Total Operating Expenses": 26499,
        "Total revenue financing activities": 2323,
        "Net profit from business activities": 24144,
        "Profit": 64,
        "Profit before tax": 24208,
        "Present corporate income tax expenses": 5165,
        "Deferred income taxes expenses": "N/A",
        "The interests of minority shareholders": "N/A",
        "Total Cost of profits": 5165,
        "Profit after tax corporate income": 19042,
        "Volume": 9332573,
        "Close of Quarter": 67.6,
        "EPS": 7922,
        "Non-adjusted EPS": 7922,
        "PE": 8.5,
        "Book Price": 25.5
      }
    },
    {
      "quarter": "Q3 2016",
      "income status": {
        "Net sales": 105791,
        "Cost of goods sold": 58308,
        "Gross Profit": 47483,
        "Financial expenses": 7,
        "Of which: Interest expense": "N/A",
        "Cost of sales": 12510,
        "Enterprise cost management": 11591,
        "Total Operating Expenses": 24108,
        "Total revenue financing activities": 849,
        "Net profit from business activities": 24224,
        "Profit": 73,
        "Profit before tax": 24297,
        "Present corporate income tax expenses": 4859,
        "Deferred income taxes expenses": "N/A",
        "The interests of minority shareholders": "N/A",
        "Total Cost of profits": 4859,
        "Profit after tax corporate income": 19438,
        "Volume": 9332573,
        "Close of Quarter": 63.2,
        "EPS": 7726,
        "Non-adjusted EPS": 7726,
        "PE": 8.2,
        "Book Price": 24
      }
    },
    {
      "quarter": "Q2 2016",
      "income status": {
        "Net sales": 96496,
        "Cost of goods sold": 53403,
        "Gross Profit": 43093,
        "Financial expenses": "N/A",
        "Of which: Interest expense": "N/A",
        "Cost of sales": 11371,
        "Enterprise cost management": 11093,
        "Total Operating Expenses": 22464,
        "Total revenue financing activities": 1688,
        "Net profit from business activities": 22317,
        "Profit": 124,
        "Profit before tax": 22440,
        "Present corporate income tax expenses": 4548,
        "Deferred income taxes expenses": "N/A",
        "The interests of minority shareholders": "N/A",
        "Total Cost of profits": 4548,
        "Profit after tax corporate income": 17892,
        "Volume": 9332573,
        "Close of Quarter": 61.2,
        "EPS": 7476,
        "Non-adjusted EPS": 7476,
        "PE": 8.2,
        "Book Price": 23.4
      }
    },
    {
      "quarter": "Q1 2016",
      "income status": {
        "Net sales": 101220,
        "Cost of goods sold": 59214,
        "Gross Profit": 42006,
        "Financial expenses": 35,
        "Of which: Interest expense": "N/A",
        "Cost of sales": 11240,
        "Enterprise cost management": 9848,
        "Total Operating Expenses": 21123,
        "Total revenue financing activities": 1042,
        "Net profit from business activities": 21926,
        "Profit": 29,
        "Profit before tax": 21955,
        "Present corporate income tax expenses": 4391,
        "Deferred income taxes expenses": "N/A",
        "The interests of minority shareholders": "N/A",
        "Total Cost of profits": 4391,
        "Profit after tax corporate income": 17564,
        "Volume": 9332573,
        "Close of Quarter": 46.0,
        "EPS": 7154,
        "Non-adjusted EPS": 7154,
        "PE": 6.4,
        "Book Price": 23.3
      }
    },
    {
      "quarter": "Q4 2015",
      "income status": {
        "Net sales": 105607,
        "Cost of goods sold": 60139,
        "Gross Profit": 45467,
        "Financial expenses": 2,
        "Of which: Interest expense": "N/A",
        "Cost of sales": 13123,
        "Enterprise cost management": 10845,
        "Total Operating Expenses": 23970,
        "Total revenue financing activities": 1688,
        "Net profit from business activities": 23186,
        "Profit": -495,
        "Profit before tax": 22691,
        "Present corporate income tax expenses": 5478,
        "Deferred income taxes expenses": "N/A",
        "The interests of minority shareholders": "N/A",
        "Total Cost of profits": 5478,
        "Profit after tax corporate income": 17213,
        "Volume": 9332573,
        "Close of Quarter": 40.2,
        "EPS": 6849,
        "Non-adjusted EPS": 6849,
        "PE": 5.9,
        "Book Price": 22.1
      }
    },
    {
      "quarter": "Q3 2015",
      "income status": {
        "Net sales": 100662,
        "Cost of goods sold": 56404,
        "Gross Profit": 44259,
        "Financial expenses": 46,
        "Of which: Interest expense": "N/A",
        "Cost of sales": 11599,
        "Enterprise cost management": 11712,
        "Total Operating Expenses": 23357,
        "Total revenue financing activities": 984,
        "Net profit from business activities": 21886,
        "Profit": 35,
        "Profit before tax": 21922,
        "Present corporate income tax expenses": 4823,
        "Deferred income taxes expenses": "N/A",
        "The interests of minority shareholders": "N/A",
        "Total Cost of profits": 4823,
        "Profit after tax corporate income": 17099,
        "Volume": 9332573,
        "Close of Quarter": 42.2,
        "EPS": 6663,
        "Non-adjusted EPS": 6663,
        "PE": 6.3,
        "Book Price": 20.7
      }
    },
    {
      "quarter": "Q2 2015",
      "income status": {
        "Net sales": 91486,
        "Cost of goods sold": 53279,
        "Gross Profit": 38207,
        "Financial expenses": 56,
        "Of which: Interest expense": "N/A",
        "Cost of sales": 10503,
        "Enterprise cost management": 9347,
        "Total Operating Expenses": 19906,
        "Total revenue financing activities": 775,
        "Net profit from business activities": 19076,
        "Profit": 48,
        "Profit before tax": 19124,
        "Present corporate income tax expenses": 4238,
        "Deferred income taxes expenses": "N/A",
        "The interests of minority shareholders": "N/A",
        "Total Cost of profits": 4238,
        "Profit after tax corporate income": 14885,
        "Volume": 9332573,
        "Close of Quarter": 44.5,
        "EPS": 6513,
        "Non-adjusted EPS": 6513,
        "PE": 6.8,
        "Book Price": 20.3
      }
    },
    {
      "quarter": "Q1 2015",
      "income status": {
        "Net sales": 89904,
        "Cost of goods sold": 52278,
        "Gross Profit": 37627,
        "Financial expenses": 19,
        "Of which: Interest expense": "N/A",
        "Cost of sales": 10451,
        "Enterprise cost management": 8980,
        "Total Operating Expenses": 19450,
        "Total revenue financing activities": 670,
        "Net profit from business activities": 18847,
        "Profit": 28,
        "Profit before tax": 18875,
        "Present corporate income tax expenses": 4152,
        "Deferred income taxes expenses": "N/A",
        "The interests of minority shareholders": "N/A",
        "Total Cost of profits": 4152,
        "Profit after tax corporate income": 14722,
        "Volume": 9332573,
        "Close of Quarter": 42.2,
        "EPS": 6553,
        "Non-adjusted EPS": 6553,
        "PE": 6.4,
        "Book Price": 19.1
      }
    },
    {
      "quarter": "Q4 2014",
      "income status": {
        "Net sales": 98441,
        "Cost of goods sold": 54121,
        "Gross Profit": 44321,
        "Financial expenses": 31,
        "Of which: Interest expense": "N/A",
        "Cost of sales": 13155,
        "Enterprise cost management": 11642,
        "Total Operating Expenses": 24828,
        "Total revenue financing activities": 1132,
        "Net profit from business activities": 20625,
        "Profit": -564,
        "Profit before tax": 20061,
        "Present corporate income tax expenses": 4588,
        "Deferred income taxes expenses": "N/A",
        "The interests of minority shareholders": "N/A",
        "Total Cost of profits": 4588,
        "Profit after tax corporate income": 15473,
        "Volume": 9332573,
        "Close of Quarter": 39.6,
        "EPS": 6561,
        "Non-adjusted EPS": 6561,
        "PE": 6.0,
        "Book Price": 19.4
      }
    },
    {
      "quarter": "Q3 2014",
      "income status": {
        "Net sales": 91308,
        "Cost of goods sold": 50699,
        "Gross Profit": 40609,
        "Financial expenses": 1,
        "Of which: Interest expense": "N/A",
        "Cost of sales": 11421,
        "Enterprise cost management": 9692,
        "Total Operating Expenses": 21114,
        "Total revenue financing activities": 589,
        "Net profit from business activities": 20084,
        "Profit": 54,
        "Profit before tax": 20138,
        "Present corporate income tax expenses": 4432,
        "Deferred income taxes expenses": "N/A",
        "The interests of minority shareholders": "N/A",
        "Total Cost of profits": 4432,
        "Profit after tax corporate income": 15706,
        "Volume": 9332573,
        "Close of Quarter": 45.3,
        "EPS": 6650,
        "Non-adjusted EPS": 6650,
        "PE": 6.8,
        "Book Price": 18.1
      }
    },
    {
      "quarter": "Q2 2014",
      "income status": {
        "Net sales": 87931,
        "Cost of goods sold": 48081,
        "Gross Profit": 39850,
        "Financial expenses": 3,
        "Of which: Interest expense": "N/A",
        "Cost of sales": 11495,
        "Enterprise cost management": 9547,
        "Total Operating Expenses": 21045,
        "Total revenue financing activities": 701,
        "Net profit from business activities": 19507,
        "Profit": 58,
        "Profit before tax": 19565,
        "Present corporate income tax expenses": 4306,
        "Deferred income taxes expenses": "N/A",
        "The interests of minority shareholders": "N/A",
        "Total Cost of profits": 4306,
        "Profit after tax corporate income": 15259,
        "Volume": 9332573,
        "Close of Quarter": 41.8,
        "EPS": 6528,
        "Non-adjusted EPS": 6528,
        "PE": 6.4,
        "Book Price": 16.9
      }
    },
    {
      "quarter": "Q1 2014",
      "income status": {
        "Net sales": 85795,
        "Cost of goods sold": 48293,
        "Gross Profit": 37502,
        "Financial expenses": 3,
        "Of which: Interest expense": "N/A",
        "Cost of sales": 9925,
        "Enterprise cost management": 9146,
        "Total Operating Expenses": 19074,
        "Total revenue financing activities": 453,
        "Net profit from business activities": 18880,
        "Profit": 101,
        "Profit before tax": 18981,
        "Present corporate income tax expenses": 4185,
        "Deferred income taxes expenses": "N/A",
        "The interests of minority shareholders": "N/A",
        "Total Cost of profits": 4185,
        "Profit after tax corporate income": 14797,
        "Volume": 9332573,
        "Close of Quarter": 41.8,
        "EPS": 6315,
        "Non-adjusted EPS": 6315,
        "PE": 6.6,
        "Book Price": 16.8
      }
    },
    {
      "quarter": "Q4 2013",
      "income status": {
        "Net sales": 100552,
        "Cost of goods sold": 57458,
        "Gross Profit": 43094,
        "Financial expenses": 18,
        "Of which: Interest expense": "N/A",
        "Cost of sales": 11919,
        "Enterprise cost management": 10658,
        "Total Operating Expenses": 22595,
        "Total revenue financing activities": 1191,
        "Net profit from business activities": 21690,
        "Profit": 80,
        "Profit before tax": 21770,
        "Present corporate income tax expenses": 5471,
        "Deferred income taxes expenses": "N/A",
        "The interests of minority shareholders": "N/A",
        "Total Cost of profits": 5471,
        "Profit after tax corporate income": 16299,
        "Volume": 9332573,
        "Close of Quarter": 36.0,
        "EPS": 5972,
        "Non-adjusted EPS": 5972,
        "PE": 6.0,
        "Book Price": 17
      }
    },
    {
      "quarter": "Q3 2013",
      "income status": {
        "Net sales": 92166,
        "Cost of goods sold": 53031,
        "Gross Profit": 39135,
        "Financial expenses": 3,
        "Of which: Interest expense": "N/A",
        "Cost of sales": 10648,
        "Enterprise cost management": 9401,
        "Total Operating Expenses": 20052,
        "Total revenue financing activities": 414,
        "Net profit from business activities": 19498,
        "Profit": -71,
        "Profit before tax": 19427,
        "Present corporate income tax expenses": 4861,
        "Deferred income taxes expenses": "N/A",
        "The interests of minority shareholders": "N/A",
        "Total Cost of profits": 4861,
        "Profit after tax corporate income": 14566,
        "Volume": 9332573,
        "Close of Quarter": 29.7,
        "EPS": 5563,
        "Non-adjusted EPS": 5563,
        "PE": 5.3,
        "Book Price": 15.7
      }
    },
    {
      "quarter": "Q2 2013",
      "income status": {
        "Net sales": 85424,
        "Cost of goods sold": 49126,
        "Gross Profit": 36298,
        "Financial expenses": "N/A",
        "Of which: Interest expense": "N/A",
        "Cost of sales": 10647,
        "Enterprise cost management": 8258,
        "Total Operating Expenses": 18905,
        "Total revenue financing activities": 764,
        "Net profit from business activities": 18158,
        "Profit": -333,
        "Profit before tax": 17824,
        "Present corporate income tax expenses": 4552,
        "Deferred income taxes expenses": "N/A",
        "The interests of minority shareholders": "N/A",
        "Total Cost of profits": 4552,
        "Profit after tax corporate income": 13273,
        "Volume": 9332573,
        "Close of Quarter": 31.7,
        "EPS": 5181,
        "Non-adjusted EPS": 5181,
        "PE": 6.1,
        "Book Price": 14.5
      }
    },
    {
      "quarter": "Q1 2013",
      "income status": {
        "Net sales": 79220,
        "Cost of goods sold": 48627,
        "Gross Profit": 30593,
        "Financial expenses": "N/A",
        "Of which: Interest expense": "N/A",
        "Cost of sales": 8231,
        "Enterprise cost management": 7471,
        "Total Operating Expenses": 15702,
        "Total revenue financing activities": 500,
        "Net profit from business activities": 15390,
        "Profit": 73,
        "Profit before tax": 15463,
        "Present corporate income tax expenses": 3866,
        "Deferred income taxes expenses": "N/A",
        "The interests of minority shareholders": "N/A",
        "Total Cost of profits": 3866,
        "Profit after tax corporate income": 11597,
        "Volume": 6481634,
        "Close of Quarter": 23.3,
        "EPS": 4848.4,
        "Non-adjusted EPS": 6981,
        "PE": 3.3,
        "Book Price": 14.6
      }
    },
    {
      "quarter": "Q4 2012",
      "income status": {
        "Net sales": 87700,
        "Cost of goods sold": 54444,
        "Gross Profit": 33256,
        "Financial expenses": 2,
        "Of which: Interest expense": "N/A",
        "Cost of sales": 9159,
        "Enterprise cost management": 8488,
        "Total Operating Expenses": 17649,
        "Total revenue financing activities": 954,
        "Net profit from business activities": 16561,
        "Profit": 85,
        "Profit before tax": 16646,
        "Present corporate income tax expenses": 4161,
        "Deferred income taxes expenses": "N/A",
        "The interests of minority shareholders": "N/A",
        "Total Cost of profits": 4161,
        "Profit after tax corporate income": 12484,
        "Volume": 6481634,
        "Close of Quarter": 16.5,
        "EPS": 4756.8,
        "Non-adjusted EPS": 6849,
        "PE": 2.4,
        "Book Price": 13.6
      }
    },
    {
      "quarter": "Q3 2012",
      "income status": {
        "Net sales": 75475,
        "Cost of goods sold": 46692,
        "Gross Profit": 28782,
        "Financial expenses": 9,
        "Of which: Interest expense": "N/A",
        "Cost of sales": 7772,
        "Enterprise cost management": 6862,
        "Total Operating Expenses": 14643,
        "Total revenue financing activities": 443,
        "Net profit from business activities": 14583,
        "Profit": 85,
        "Profit before tax": 14668,
        "Present corporate income tax expenses": 3668,
        "Deferred income taxes expenses": "N/A",
        "The interests of minority shareholders": "N/A",
        "Total Cost of profits": 3668,
        "Profit after tax corporate income": 11001,
        "Volume": 6481634,
        "Close of Quarter": 13.0,
        "EPS": 4603.3,
        "Non-adjusted EPS": 6628,
        "PE": 2.0,
        "Book Price": 13.5
      }
    },
    {
      "quarter": "Q2 2012",
      "income status": {
        "Net sales": 67736,
        "Cost of goods sold": 40771,
        "Gross Profit": 26965,
        "Financial expenses": 4,
        "Of which: Interest expense": "N/A",
        "Cost of sales": 6889,
        "Enterprise cost management": 7162,
        "Total Operating Expenses": 14055,
        "Total revenue financing activities": 601,
        "Net profit from business activities": 13512,
        "Profit": 48,
        "Profit before tax": 13560,
        "Present corporate income tax expenses": 3391,
        "Deferred income taxes expenses": "N/A",
        "The interests of minority shareholders": "N/A",
        "Total Cost of profits": 3391,
        "Profit after tax corporate income": 10169,
        "Volume": 6481634,
        "Close of Quarter": 12.1,
        "EPS": 4530.3,
        "Non-adjusted EPS": 6523,
        "PE": 1.9,
        "Book Price": 12.6
      }
    },
    {
      "quarter": "Q1 2012",
      "income status": {
        "Net sales": 72132,
        "Cost of goods sold": 44753,
        "Gross Profit": 27379,
        "Financial expenses": 13,
        "Of which: Interest expense": "N/A",
        "Cost of sales": 6671,
        "Enterprise cost management": 7110,
        "Total Operating Expenses": 13794,
        "Total revenue financing activities": 541,
        "Net profit from business activities": 14126,
        "Profit": 189,
        "Profit before tax": 14315,
        "Present corporate income tax expenses": 3579,
        "Deferred income taxes expenses": "N/A",
        "The interests of minority shareholders": "N/A",
        "Total Cost of profits": 3579,
        "Profit after tax corporate income": 10736,
        "Volume": 6481634,
        "Close of Quarter": 10.0,
        "EPS": 4377.5,
        "Non-adjusted EPS": 6303,
        "PE": 1.6,
        "Book Price": 13.6
      }
    },
    {
      "quarter": "Q4 2011",
      "income status": {
        "Net sales": 76844,
        "Cost of goods sold": 47159,
        "Gross Profit": 29684,
        "Financial expenses": -11,
        "Of which: Interest expense": "N/A",
        "Cost of sales": 8518,
        "Enterprise cost management": 7656,
        "Total Operating Expenses": 16163,
        "Total revenue financing activities": 864,
        "Net profit from business activities": 14386,
        "Profit": 201,
        "Profit before tax": 14587,
        "Present corporate income tax expenses": 3532,
        "Deferred income taxes expenses": "N/A",
        "The interests of minority shareholders": "N/A",
        "Total Cost of profits": 3532,
        "Profit after tax corporate income": 11055,
        "Volume": 6481634,
        "Close of Quarter": 8.0,
        "EPS": 4156.7,
        "Non-adjusted EPS": 5985,
        "PE": 1.3,
        "Book Price": 13.1
      }
    },
    {
      "quarter": "Q3 2011",
      "income status": {
        "Net sales": 67109,
        "Cost of goods sold": 40125,
        "Gross Profit": 26984,
        "Financial expenses": 3,
        "Of which: Interest expense": "N/A",
        "Cost of sales": 7150,
        "Enterprise cost management": 6739,
        "Total Operating Expenses": 13892,
        "Total revenue financing activities": 665,
        "Net profit from business activities": 13756,
        "Profit": 5,
        "Profit before tax": 36999,
        "Present corporate income tax expenses": 3440,
        "Deferred income taxes expenses": "N/A",
        "The interests of minority shareholders": "N/A",
        "Total Cost of profits": 3440,
        "Profit after tax corporate income": 10321,
        "Volume": 6481634,
        "Close of Quarter": 8.1,
        "EPS": 3926.8,
        "Non-adjusted EPS": 5654,
        "PE": 1.4,
        "Book Price": 11.9
      }
    },
    {
      "quarter": "Q2 2011",
      "income status": {
        "Net sales": 58410,
        "Cost of goods sold": 36097,
        "Gross Profit": 22313,
        "Financial expenses": 9,
        "Of which: Interest expense": "N/A",
        "Cost of sales": 6203,
        "Enterprise cost management": 5573,
        "Total Operating Expenses": 11785,
        "Total revenue financing activities": 728,
        "Net profit from business activities": 11256,
        "Profit": 404,
        "Profit before tax": 11660,
        "Present corporate income tax expenses": 2917,
        "Deferred income taxes expenses": "N/A",
        "The interests of minority shareholders": "N/A",
        "Total Cost of profits": 2917,
        "Profit after tax corporate income": 8743,
        "Volume": 6481634,
        "Close of Quarter": 8.2,
        "EPS": 3705.3,
        "Non-adjusted EPS": 5335,
        "PE": 1.5,
        "Book Price": 11.0
      }
    },
    {
      "quarter": "Q1 2011",
      "income status": {
        "Net sales": 61443,
        "Cost of goods sold": 39147,
        "Gross Profit": 22296,
        "Financial expenses": 10,
        "Of which: Interest expense": "N/A",
        "Cost of sales": 6272,
        "Enterprise cost management": 4980,
        "Total Operating Expenses": 11262,
        "Total revenue financing activities": 563,
        "Net profit from business activities": 11598,
        "Profit": -21,
        "Profit before tax": 11577,
        "Present corporate income tax expenses": 2901,
        "Deferred income taxes expenses": "N/A",
        "The interests of minority shareholders": "N/A",
        "Total Cost of profits": 2901,
        "Profit after tax corporate income": 8676,
        "Volume": 6481634,
        "Close of Quarter": 9.6,
        "EPS": 3538.6,
        "Non-adjusted EPS": 5095,
        "PE": 1.9,
        "Book Price": 11.3
      }
    }
  ]
}