{
  "ticker": "SD4",
  "data": [
    {
      "quarter": "Q4 2016",
      "income status": {
        "Net sales": 257011,
        "Cost of goods sold": 222533,
        "Gross Profit": 34477,
        "Financial expenses": 9890,
        "Of which: Interest expense": 10638,
        "Cost of sales": "N/A",
        "Enterprise cost management": 16795,
        "Total Operating Expenses": 26685,
        "Total revenue financing activities": 665,
        "Net profit from business activities": 8457,
        "Profit": -378,
        "Profit before tax": 8079,
        "Present corporate income tax expenses": 613,
        "Deferred income taxes expenses": "N/A",
        "The interests of minority shareholders": "N/A",
        "Total Cost of profits": 613,
        "Profit after tax corporate income": 7466,
        "Volume": 10300000,
        "Close of Quarter": 9.8,
        "EPS": 2670,
        "Non-adjusted EPS": 2670,
        "PE": 3.7,
        "Book Price": 14.9
      }
    },
    {
      "quarter": "Q3 2016",
      "income status": {
        "Net sales": 164549,
        "Cost of goods sold": 132706,
        "Gross Profit": 31843,
        "Financial expenses": 9648,
        "Of which: Interest expense": 9648,
        "Cost of sales": "N/A",
        "Enterprise cost management": 14058,
        "Total Operating Expenses": 23706,
        "Total revenue financing activities": 124,
        "Net profit from business activities": 8261,
        "Profit": -130,
        "Profit before tax": 8131,
        "Present corporate income tax expenses": 838,
        "Deferred income taxes expenses": "N/A",
        "The interests of minority shareholders": "N/A",
        "Total Cost of profits": 838,
        "Profit after tax corporate income": 7293,
        "Volume": 10300000,
        "Close of Quarter": 9.4,
        "EPS": 2662,
        "Non-adjusted EPS": 2662,
        "PE": 3.5,
        "Book Price": 15.7
      }
    },
    {
      "quarter": "Q2 2016",
      "income status": {
        "Net sales": 268956,
        "Cost of goods sold": 233061,
        "Gross Profit": 35894,
        "Financial expenses": 11504,
        "Of which: Interest expense": 9710,
        "Cost of sales": "N/A",
        "Enterprise cost management": 15288,
        "Total Operating Expenses": 26792,
        "Total revenue financing activities": 664,
        "Net profit from business activities": 9767,
        "Profit": -21,
        "Profit before tax": 9746,
        "Present corporate income tax expenses": 2033,
        "Deferred income taxes expenses": "N/A",
        "The interests of minority shareholders": "N/A",
        "Total Cost of profits": 2033,
        "Profit after tax corporate income": 7713,
        "Volume": 10300000,
        "Close of Quarter": 9.4,
        "EPS": 2671,
        "Non-adjusted EPS": 2671,
        "PE": 3.5,
        "Book Price": 15.1
      }
    },
    {
      "quarter": "Q1 2016",
      "income status": {
        "Net sales": 154272,
        "Cost of goods sold": 125165,
        "Gross Profit": 29107,
        "Financial expenses": 12478,
        "Of which: Interest expense": 12478,
        "Cost of sales": "N/A",
        "Enterprise cost management": 10573,
        "Total Operating Expenses": 23051,
        "Total revenue financing activities": 119,
        "Net profit from business activities": 6175,
        "Profit": -94,
        "Profit before tax": 6081,
        "Present corporate income tax expenses": 1057,
        "Deferred income taxes expenses": "N/A",
        "The interests of minority shareholders": "N/A",
        "Total Cost of profits": 1057,
        "Profit after tax corporate income": 5024,
        "Volume": 10300000,
        "Close of Quarter": 9.5,
        "EPS": 2390,
        "Non-adjusted EPS": 2390,
        "PE": 4.0,
        "Book Price": 14.7
      }
    },
    {
      "quarter": "Q4 2015",
      "income status": {
        "Net sales": 243890,
        "Cost of goods sold": 213661,
        "Gross Profit": 30229,
        "Financial expenses": 6089,
        "Of which: Interest expense": 7661,
        "Cost of sales": "N/A",
        "Enterprise cost management": 15059,
        "Total Operating Expenses": 21148,
        "Total revenue financing activities": 149,
        "Net profit from business activities": 9230,
        "Profit": -396,
        "Profit before tax": 8833,
        "Present corporate income tax expenses": 1442,
        "Deferred income taxes expenses": "N/A",
        "The interests of minority shareholders": "N/A",
        "Total Cost of profits": 1442,
        "Profit after tax corporate income": 7391,
        "Volume": 10300000,
        "Close of Quarter": 10.0,
        "EPS": 2487,
        "Non-adjusted EPS": 2487,
        "PE": 4,
        "Book Price": 15
      }
    },
    {
      "quarter": "Q3 2015",
      "income status": {
        "Net sales": 264731,
        "Cost of goods sold": 233810,
        "Gross Profit": 30921,
        "Financial expenses": 10529,
        "Of which: Interest expense": 10529,
        "Cost of sales": "N/A",
        "Enterprise cost management": 11095,
        "Total Operating Expenses": 21624,
        "Total revenue financing activities": 112,
        "Net profit from business activities": 9409,
        "Profit": -1424,
        "Profit before tax": 7985,
        "Present corporate income tax expenses": 601,
        "Deferred income taxes expenses": "N/A",
        "The interests of minority shareholders": "N/A",
        "Total Cost of profits": 601,
        "Profit after tax corporate income": 7384,
        "Volume": 10300000,
        "Close of Quarter": 9.2,
        "EPS": 2347,
        "Non-adjusted EPS": 2347,
        "PE": 3.9,
        "Book Price": 13.9
      }
    },
    {
      "quarter": "Q2 2015",
      "income status": {
        "Net sales": 189694,
        "Cost of goods sold": 165900,
        "Gross Profit": 23793,
        "Financial expenses": 10650,
        "Of which: Interest expense": 9243,
        "Cost of sales": "N/A",
        "Enterprise cost management": 6660,
        "Total Operating Expenses": 17310,
        "Total revenue financing activities": 213,
        "Net profit from business activities": 6696,
        "Profit": -446,
        "Profit before tax": 6251,
        "Present corporate income tax expenses": 1431,
        "Deferred income taxes expenses": "N/A",
        "The interests of minority shareholders": "N/A",
        "Total Cost of profits": 1431,
        "Profit after tax corporate income": 4820,
        "Volume": 10300000,
        "Close of Quarter": 9.5,
        "EPS": 2135,
        "Non-adjusted EPS": 2135,
        "PE": 4.4,
        "Book Price": 13.2
      }
    },
    {
      "quarter": "Q1 2015",
      "income status": {
        "Net sales": 191222,
        "Cost of goods sold": 159525,
        "Gross Profit": 31697,
        "Financial expenses": 8269,
        "Of which: Interest expense": 8269,
        "Cost of sales": "N/A",
        "Enterprise cost management": 16132,
        "Total Operating Expenses": 24401,
        "Total revenue financing activities": 34,
        "Net profit from business activities": 7329,
        "Profit": -251,
        "Profit before tax": 7078,
        "Present corporate income tax expenses": 1062,
        "Deferred income taxes expenses": "N/A",
        "The interests of minority shareholders": "N/A",
        "Total Cost of profits": 1062,
        "Profit after tax corporate income": 6016,
        "Volume": 10300000,
        "Close of Quarter": 9.4,
        "EPS": 2175,
        "Non-adjusted EPS": 2175,
        "PE": 4.3,
        "Book Price": 12
      }
    },
    {
      "quarter": "Q4 2014",
      "income status": {
        "Net sales": 257972,
        "Cost of goods sold": 220552,
        "Gross Profit": 37420,
        "Financial expenses": 10548,
        "Of which: Interest expense": 9779,
        "Cost of sales": "N/A",
        "Enterprise cost management": 19338,
        "Total Operating Expenses": 29886,
        "Total revenue financing activities": 207,
        "Net profit from business activities": 7740,
        "Profit": -306,
        "Profit before tax": 7434,
        "Present corporate income tax expenses": 1483,
        "Deferred income taxes expenses": "N/A",
        "The interests of minority shareholders": "N/A",
        "Total Cost of profits": 1483,
        "Profit after tax corporate income": 5950,
        "Volume": 10300000,
        "Close of Quarter": 8.3,
        "EPS": 2118,
        "Non-adjusted EPS": 2118,
        "PE": 3.9,
        "Book Price": 13.2
      }
    },
    {
      "quarter": "Q3 2014",
      "income status": {
        "Net sales": 183546,
        "Cost of goods sold": 160084,
        "Gross Profit": 23462,
        "Financial expenses": 9149,
        "Of which: Interest expense": 9779,
        "Cost of sales": "N/A",
        "Enterprise cost management": 7682,
        "Total Operating Expenses": 16831,
        "Total revenue financing activities": 37,
        "Net profit from business activities": 6668,
        "Profit": -1289,
        "Profit before tax": 5379,
        "Present corporate income tax expenses": 173,
        "Deferred income taxes expenses": "N/A",
        "The interests of minority shareholders": "N/A",
        "Total Cost of profits": 173,
        "Profit after tax corporate income": 5206,
        "Volume": 10300000,
        "Close of Quarter": 7.3,
        "EPS": 2057,
        "Non-adjusted EPS": 2057,
        "PE": 3.6,
        "Book Price": 12.6
      }
    },
    {
      "quarter": "Q2 2014",
      "income status": {
        "Net sales": 186552,
        "Cost of goods sold": 157872,
        "Gross Profit": 28680,
        "Financial expenses": 9188,
        "Of which: Interest expense": 8558,
        "Cost of sales": "N/A",
        "Enterprise cost management": 10693,
        "Total Operating Expenses": 19881,
        "Total revenue financing activities": 115,
        "Net profit from business activities": 8914,
        "Profit": -2078,
        "Profit before tax": 6835,
        "Present corporate income tax expenses": 1601,
        "Deferred income taxes expenses": "N/A",
        "The interests of minority shareholders": "N/A",
        "Total Cost of profits": 1601,
        "Profit after tax corporate income": 5235,
        "Volume": 10300000,
        "Close of Quarter": 7.0,
        "EPS": 1911,
        "Non-adjusted EPS": 1911,
        "PE": 3.7,
        "Book Price": 13.1
      }
    },
    {
      "quarter": "Q1 2014",
      "income status": {
        "Net sales": 176615,
        "Cost of goods sold": 152161,
        "Gross Profit": 24454,
        "Financial expenses": 8274,
        "Of which: Interest expense": 8274,
        "Cost of sales": "N/A",
        "Enterprise cost management": 8883,
        "Total Operating Expenses": 17157,
        "Total revenue financing activities": 13,
        "Net profit from business activities": 7309,
        "Profit": -422,
        "Profit before tax": 6887,
        "Present corporate income tax expenses": 1466,
        "Deferred income taxes expenses": "N/A",
        "The interests of minority shareholders": "N/A",
        "Total Cost of profits": 1466,
        "Profit after tax corporate income": 5421,
        "Volume": 10300000,
        "Close of Quarter": 6.2,
        "EPS": 1571,
        "Non-adjusted EPS": 1571,
        "PE": 4.0,
        "Book Price": 12.6
      }
    },
    {
      "quarter": "Q4 2013",
      "income status": {
        "Net sales": 229134,
        "Cost of goods sold": 197282,
        "Gross Profit": 31852,
        "Financial expenses": 7609,
        "Of which: Interest expense": 7609,
        "Cost of sales": "N/A",
        "Enterprise cost management": 15383,
        "Total Operating Expenses": 22992,
        "Total revenue financing activities": 28,
        "Net profit from business activities": 8887,
        "Profit": -1051,
        "Profit before tax": 7836,
        "Present corporate income tax expenses": 2511,
        "Deferred income taxes expenses": "N/A",
        "The interests of minority shareholders": "N/A",
        "Total Cost of profits": 2511,
        "Profit after tax corporate income": 5325,
        "Volume": 10300000,
        "Close of Quarter": 3.9,
        "EPS": 1096,
        "Non-adjusted EPS": 1096,
        "PE": 3.5,
        "Book Price": 12.7
      }
    },
    {
      "quarter": "Q3 2013",
      "income status": {
        "Net sales": 107077,
        "Cost of goods sold": 87874,
        "Gross Profit": 19203,
        "Financial expenses": 6755,
        "Of which: Interest expense": 6755,
        "Cost of sales": "N/A",
        "Enterprise cost management": 7788,
        "Total Operating Expenses": 14543,
        "Total revenue financing activities": 19,
        "Net profit from business activities": 4679,
        "Profit": -978,
        "Profit before tax": 3700,
        "Present corporate income tax expenses": "N/A",
        "Deferred income taxes expenses": "N/A",
        "The interests of minority shareholders": "N/A",
        "Total Cost of profits": 0,
        "Profit after tax corporate income": 3700,
        "Volume": 10300000,
        "Close of Quarter": 2.4,
        "EPS": 690,
        "Non-adjusted EPS": 690,
        "PE": 3.5,
        "Book Price": 12.3
      }
    },
    {
      "quarter": "Q2 2013",
      "income status": {
        "Net sales": 92158,
        "Cost of goods sold": 74929,
        "Gross Profit": 17229,
        "Financial expenses": 7238,
        "Of which: Interest expense": 7238,
        "Cost of sales": "N/A",
        "Enterprise cost management": 8667,
        "Total Operating Expenses": 15905,
        "Total revenue financing activities": 31,
        "Net profit from business activities": 1354,
        "Profit": 534,
        "Profit before tax": 1888,
        "Present corporate income tax expenses": 148,
        "Deferred income taxes expenses": "N/A",
        "The interests of minority shareholders": "N/A",
        "Total Cost of profits": 148,
        "Profit after tax corporate income": 1740,
        "Volume": 10300000,
        "Close of Quarter": 2.7,
        "EPS": 407,
        "Non-adjusted EPS": 407,
        "PE": 6.6,
        "Book Price": 11.9
      }
    },
    {
      "quarter": "Q1 2013",
      "income status": {
        "Net sales": 93476,
        "Cost of goods sold": 70944,
        "Gross Profit": 22532,
        "Financial expenses": 7501,
        "Of which: Interest expense": 7501,
        "Cost of sales": "N/A",
        "Enterprise cost management": 8735,
        "Total Operating Expenses": 16236,
        "Total revenue financing activities": 18,
        "Net profit from business activities": 6313,
        "Profit": -5691,
        "Profit before tax": 622,
        "Present corporate income tax expenses": 97,
        "Deferred income taxes expenses": "N/A",
        "The interests of minority shareholders": "N/A",
        "Total Cost of profits": 97,
        "Profit after tax corporate income": 526,
        "Volume": 10300000,
        "Close of Quarter": 2.5,
        "EPS": 469,
        "Non-adjusted EPS": 469,
        "PE": 5.3,
        "Book Price": 11.8
      }
    },
    {
      "quarter": "Q4 2012",
      "income status": {
        "Net sales": 123306,
        "Cost of goods sold": 104870,
        "Gross Profit": 18437,
        "Financial expenses": 8124,
        "Of which: Interest expense": 8124,
        "Cost of sales": "N/A",
        "Enterprise cost management": 9556,
        "Total Operating Expenses": 17680,
        "Total revenue financing activities": -487,
        "Net profit from business activities": 269,
        "Profit": 868,
        "Profit before tax": 1137,
        "Present corporate income tax expenses": "N/A",
        "Deferred income taxes expenses": "N/A",
        "The interests of minority shareholders": "N/A",
        "Total Cost of profits": 0,
        "Profit after tax corporate income": 1137,
        "Volume": 10300000,
        "Close of Quarter": 2.5,
        "EPS": 539,
        "Non-adjusted EPS": 539,
        "PE": 4.7,
        "Book Price": 11.7
      }
    },
    {
      "quarter": "Q3 2012",
      "income status": {
        "Net sales": 134748,
        "Cost of goods sold": 118856,
        "Gross Profit": 15892,
        "Financial expenses": 7440,
        "Of which: Interest expense": 7440,
        "Cost of sales": "N/A",
        "Enterprise cost management": 7447,
        "Total Operating Expenses": 14887,
        "Total revenue financing activities": 18,
        "Net profit from business activities": 1022,
        "Profit": 24,
        "Profit before tax": 1047,
        "Present corporate income tax expenses": 262,
        "Deferred income taxes expenses": "N/A",
        "The interests of minority shareholders": "N/A",
        "Total Cost of profits": 262,
        "Profit after tax corporate income": 785,
        "Volume": 10300000,
        "Close of Quarter": 2.7,
        "EPS": 1841,
        "Non-adjusted EPS": 1841,
        "PE": 1.5,
        "Book Price": 11.6
      }
    },
    {
      "quarter": "Q2 2012",
      "income status": {
        "Net sales": 53669,
        "Cost of goods sold": 28970,
        "Gross Profit": 24699,
        "Financial expenses": 16354,
        "Of which: Interest expense": 16354,
        "Cost of sales": "N/A",
        "Enterprise cost management": 6512,
        "Total Operating Expenses": 22866,
        "Total revenue financing activities": 545,
        "Net profit from business activities": 2378,
        "Profit": -21,
        "Profit before tax": 2357,
        "Present corporate income tax expenses": -23,
        "Deferred income taxes expenses": "N/A",
        "The interests of minority shareholders": "N/A",
        "Total Cost of profits": -23,
        "Profit after tax corporate income": 2380,
        "Volume": 10300000,
        "Close of Quarter": 2.9,
        "EPS": 1797,
        "Non-adjusted EPS": 1797,
        "PE": 1.6,
        "Book Price": 11.6
      }
    },
    {
      "quarter": "Q1 2012",
      "income status": {
        "Net sales": 43793,
        "Cost of goods sold": 32136,
        "Gross Profit": 11657,
        "Financial expenses": 3939,
        "Of which: Interest expense": 3939,
        "Cost of sales": "N/A",
        "Enterprise cost management": 6105,
        "Total Operating Expenses": 10044,
        "Total revenue financing activities": 54,
        "Net profit from business activities": 1667,
        "Profit": "N/A",
        "Profit before tax": 1667,
        "Present corporate income tax expenses": 417,
        "Deferred income taxes expenses": "N/A",
        "The interests of minority shareholders": "N/A",
        "Total Cost of profits": 417,
        "Profit after tax corporate income": 1250,
        "Volume": 10300000,
        "Close of Quarter": 3.1,
        "EPS": 864,
        "Non-adjusted EPS": 864,
        "PE": 3.6,
        "Book Price": 11.4
      }
    },
    {
      "quarter": "Q4 2011",
      "income status": {
        "Net sales": 157813,
        "Cost of goods sold": 115967,
        "Gross Profit": 41846,
        "Financial expenses": 17635,
        "Of which: Interest expense": 17635,
        "Cost of sales": "N/A",
        "Enterprise cost management": 7595,
        "Total Operating Expenses": 25230,
        "Total revenue financing activities": 103,
        "Net profit from business activities": 16718,
        "Profit": 585,
        "Profit before tax": 17303,
        "Present corporate income tax expenses": 2754,
        "Deferred income taxes expenses": "N/A",
        "The interests of minority shareholders": "N/A",
        "Total Cost of profits": 2754,
        "Profit after tax corporate income": 14549,
        "Volume": 10300000,
        "Close of Quarter": 2.3,
        "EPS": 791,
        "Non-adjusted EPS": 791,
        "PE": 2.9,
        "Book Price": 11.2
      }
    },
    {
      "quarter": "Q3 2011",
      "income status": {
        "Net sales": 34059,
        "Cost of goods sold": 17037,
        "Gross Profit": 17021,
        "Financial expenses": 11082,
        "Of which: Interest expense": 11082,
        "Cost of sales": "N/A",
        "Enterprise cost management": 5368,
        "Total Operating Expenses": 16450,
        "Total revenue financing activities": 26,
        "Net profit from business activities": 598,
        "Profit": -274,
        "Profit before tax": 325,
        "Present corporate income tax expenses": "N/A",
        "Deferred income taxes expenses": "N/A",
        "The interests of minority shareholders": "N/A",
        "Total Cost of profits": 0,
        "Profit after tax corporate income": 325,
        "Volume": 10300000,
        "Close of Quarter": 2.6,
        "EPS": -359,
        "Non-adjusted EPS": -359,
        "PE": -7.3,
        "Book Price": 9.8
      }
    },
    {
      "quarter": "Q2 2011",
      "income status": {
        "Net sales": 71738,
        "Cost of goods sold": 58098,
        "Gross Profit": 13639,
        "Financial expenses": 14108,
        "Of which: Interest expense": "N/A",
        "Cost of sales": "N/A",
        "Enterprise cost management": 6739,
        "Total Operating Expenses": 20847,
        "Total revenue financing activities": 20,
        "Net profit from business activities": -7187,
        "Profit": -25,
        "Profit before tax": -7212,
        "Present corporate income tax expenses": 8,
        "Deferred income taxes expenses": "N/A",
        "The interests of minority shareholders": "N/A",
        "Total Cost of profits": 8,
        "Profit after tax corporate income": -7220,
        "Volume": 10300000,
        "Close of Quarter": 3.1,
        "EPS": -165,
        "Non-adjusted EPS": -165,
        "PE": -19.0,
        "Book Price": 9.8
      }
    },
    {
      "quarter": "Q1 2011",
      "income status": {
        "Net sales": 47211,
        "Cost of goods sold": 31352,
        "Gross Profit": 15858,
        "Financial expenses": 9165,
        "Of which: Interest expense": "N/A",
        "Cost of sales": "N/A",
        "Enterprise cost management": 6331,
        "Total Operating Expenses": 15496,
        "Total revenue financing activities": 204,
        "Net profit from business activities": 566,
        "Profit": 96,
        "Profit before tax": 662,
        "Present corporate income tax expenses": 165,
        "Deferred income taxes expenses": "N/A",
        "The interests of minority shareholders": "N/A",
        "Total Cost of profits": 165,
        "Profit after tax corporate income": 496,
        "Volume": 10300000,
        "Close of Quarter": 4.5,
        "EPS": 1078,
        "Non-adjusted EPS": 1078,
        "PE": 4.2,
        "Book Price": 10.5
      }
    }
  ]
}