{
  "ticker": "CPC",
  "data": [
    {
      "quarter": "Q4 2016",
      "income status": {
        "Net sales": 61902,
        "Cost of goods sold": 47377,
        "Gross Profit": 14525,
        "Financial expenses": 228,
        "Of which: Interest expense": 228,
        "Cost of sales": 4646,
        "Enterprise cost management": 7355,
        "Total Operating Expenses": 12229,
        "Total revenue financing activities": 733,
        "Net profit from business activities": 3029,
        "Profit": 44,
        "Profit before tax": 3072,
        "Present corporate income tax expenses": 614,
        "Deferred income taxes expenses": "N/A",
        "The interests of minority shareholders": "N/A",
        "Total Cost of profits": 614,
        "Profit after tax corporate income": 2458,
        "Volume": 4081450,
        "Close of Quarter": 26.8,
        "EPS": 2913,
        "Non-adjusted EPS": 2913,
        "PE": 9.2,
        "Book Price": 20
      }
    },
    {
      "quarter": "Q3 2016",
      "income status": {
        "Net sales": 52019,
        "Cost of goods sold": 41574,
        "Gross Profit": 10444,
        "Financial expenses": 1307,
        "Of which: Interest expense": 244,
        "Cost of sales": 2394,
        "Enterprise cost management": 3826,
        "Total Operating Expenses": 7527,
        "Total revenue financing activities": 477,
        "Net profit from business activities": 3394,
        "Profit": 61,
        "Profit before tax": 3454,
        "Present corporate income tax expenses": 691,
        "Deferred income taxes expenses": "N/A",
        "The interests of minority shareholders": "N/A",
        "Total Cost of profits": 691,
        "Profit after tax corporate income": 2764,
        "Volume": 4081450,
        "Close of Quarter": 20.0,
        "EPS": 3766,
        "Non-adjusted EPS": 3766,
        "PE": 5.3,
        "Book Price": 19.4
      }
    },
    {
      "quarter": "Q2 2016",
      "income status": {
        "Net sales": 66812,
        "Cost of goods sold": 53592,
        "Gross Profit": 13220,
        "Financial expenses": 898,
        "Of which: Interest expense": 151,
        "Cost of sales": 2461,
        "Enterprise cost management": 2933,
        "Total Operating Expenses": 6292,
        "Total revenue financing activities": 1016,
        "Net profit from business activities": 7944,
        "Profit": -134,
        "Profit before tax": 7810,
        "Present corporate income tax expenses": 1616,
        "Deferred income taxes expenses": "N/A",
        "The interests of minority shareholders": "N/A",
        "Total Cost of profits": 1616,
        "Profit after tax corporate income": 6193,
        "Volume": 4081450,
        "Close of Quarter": 19.1,
        "EPS": 3516,
        "Non-adjusted EPS": 3516,
        "PE": 5.4,
        "Book Price": 18.8
      }
    },
    {
      "quarter": "Q1 2016",
      "income status": {
        "Net sales": 29998,
        "Cost of goods sold": 22755,
        "Gross Profit": 7243,
        "Financial expenses": 2508,
        "Of which: Interest expense": 269,
        "Cost of sales": 1604,
        "Enterprise cost management": 4973,
        "Total Operating Expenses": 9085,
        "Total revenue financing activities": 2460,
        "Net profit from business activities": 618,
        "Profit": -26,
        "Profit before tax": 592,
        "Present corporate income tax expenses": 118,
        "Deferred income taxes expenses": "N/A",
        "The interests of minority shareholders": "N/A",
        "Total Cost of profits": 118,
        "Profit after tax corporate income": 474,
        "Volume": 4081450,
        "Close of Quarter": 19.0,
        "EPS": 2846,
        "Non-adjusted EPS": 2846,
        "PE": 6.7,
        "Book Price": 18.8
      }
    },
    {
      "quarter": "Q4 2015",
      "income status": {
        "Net sales": 69433,
        "Cost of goods sold": 55353,
        "Gross Profit": 14079,
        "Financial expenses": 538,
        "Of which: Interest expense": 226,
        "Cost of sales": 2505,
        "Enterprise cost management": 4372,
        "Total Operating Expenses": 7415,
        "Total revenue financing activities": 1098,
        "Net profit from business activities": 7763,
        "Profit": -150,
        "Profit before tax": 7613,
        "Present corporate income tax expenses": 1675,
        "Deferred income taxes expenses": "N/A",
        "The interests of minority shareholders": "N/A",
        "Total Cost of profits": 1675,
        "Profit after tax corporate income": 5938,
        "Volume": 4081450,
        "Close of Quarter": 17.7,
        "EPS": 2790,
        "Non-adjusted EPS": 2790,
        "PE": 6.4,
        "Book Price": 19.7
      }
    },
    {
      "quarter": "Q3 2015",
      "income status": {
        "Net sales": 33868,
        "Cost of goods sold": 26906,
        "Gross Profit": 6962,
        "Financial expenses": 1310,
        "Of which: Interest expense": 389,
        "Cost of sales": 1651,
        "Enterprise cost management": 2876,
        "Total Operating Expenses": 5837,
        "Total revenue financing activities": 722,
        "Net profit from business activities": 1847,
        "Profit": 392,
        "Profit before tax": 2239,
        "Present corporate income tax expenses": 493,
        "Deferred income taxes expenses": "N/A",
        "The interests of minority shareholders": "N/A",
        "Total Cost of profits": 493,
        "Profit after tax corporate income": 1746,
        "Volume": 4081450,
        "Close of Quarter": 17.3,
        "EPS": 2331,
        "Non-adjusted EPS": 2331,
        "PE": 7.4,
        "Book Price": 18.2
      }
    },
    {
      "quarter": "Q2 2015",
      "income status": {
        "Net sales": 62065,
        "Cost of goods sold": 50578,
        "Gross Profit": 11487,
        "Financial expenses": 740,
        "Of which: Interest expense": 342,
        "Cost of sales": 2418,
        "Enterprise cost management": 4231,
        "Total Operating Expenses": 7389,
        "Total revenue financing activities": 334,
        "Net profit from business activities": 4432,
        "Profit": 162,
        "Profit before tax": 4594,
        "Present corporate income tax expenses": 1137,
        "Deferred income taxes expenses": "N/A",
        "The interests of minority shareholders": "N/A",
        "Total Cost of profits": 1137,
        "Profit after tax corporate income": 3458,
        "Volume": 4081450,
        "Close of Quarter": 17.5,
        "EPS": 2283,
        "Non-adjusted EPS": 2283,
        "PE": 7.7,
        "Book Price": 17.9
      }
    },
    {
      "quarter": "Q1 2015",
      "income status": {
        "Net sales": 31067,
        "Cost of goods sold": 27141,
        "Gross Profit": 3926,
        "Financial expenses": 1014,
        "Of which: Interest expense": 282,
        "Cost of sales": 2028,
        "Enterprise cost management": 2580,
        "Total Operating Expenses": 5622,
        "Total revenue financing activities": 400,
        "Net profit from business activities": -1297,
        "Profit": 1610,
        "Profit before tax": 313,
        "Present corporate income tax expenses": 69,
        "Deferred income taxes expenses": "N/A",
        "The interests of minority shareholders": "N/A",
        "Total Cost of profits": 69,
        "Profit after tax corporate income": 244,
        "Volume": 4081450,
        "Close of Quarter": 18.1,
        "EPS": 2555,
        "Non-adjusted EPS": 2555,
        "PE": 7.1,
        "Book Price": 18.7
      }
    },
    {
      "quarter": "Q4 2014",
      "income status": {
        "Net sales": 61885,
        "Cost of goods sold": 50600,
        "Gross Profit": 11285,
        "Financial expenses": 272,
        "Of which: Interest expense": 272,
        "Cost of sales": 2858,
        "Enterprise cost management": 4276,
        "Total Operating Expenses": 7406,
        "Total revenue financing activities": 1221,
        "Net profit from business activities": 5099,
        "Profit": 65,
        "Profit before tax": 5164,
        "Present corporate income tax expenses": 1100,
        "Deferred income taxes expenses": "N/A",
        "The interests of minority shareholders": "N/A",
        "Total Cost of profits": 1100,
        "Profit after tax corporate income": 4064,
        "Volume": 4081450,
        "Close of Quarter": 18.1,
        "EPS": 2771,
        "Non-adjusted EPS": 2771,
        "PE": 6.5,
        "Book Price": 19.7
      }
    },
    {
      "quarter": "Q3 2014",
      "income status": {
        "Net sales": 39467,
        "Cost of goods sold": 33300,
        "Gross Profit": 6167,
        "Financial expenses": 1873,
        "Of which: Interest expense": 544,
        "Cost of sales": 2165,
        "Enterprise cost management": 2209,
        "Total Operating Expenses": 6247,
        "Total revenue financing activities": 597,
        "Net profit from business activities": 517,
        "Profit": 1471,
        "Profit before tax": 1988,
        "Present corporate income tax expenses": 437,
        "Deferred income taxes expenses": "N/A",
        "The interests of minority shareholders": "N/A",
        "Total Cost of profits": 437,
        "Profit after tax corporate income": 1551,
        "Volume": 4081450,
        "Close of Quarter": 16.3,
        "EPS": 3013,
        "Non-adjusted EPS": 3013,
        "PE": 5.4,
        "Book Price": 18.7
      }
    },
    {
      "quarter": "Q2 2014",
      "income status": {
        "Net sales": 71860,
        "Cost of goods sold": 60497,
        "Gross Profit": 11363,
        "Financial expenses": 1721,
        "Of which: Interest expense": 619,
        "Cost of sales": 2435,
        "Enterprise cost management": 3550,
        "Total Operating Expenses": 7706,
        "Total revenue financing activities": 1952,
        "Net profit from business activities": 5610,
        "Profit": 247,
        "Profit before tax": 5857,
        "Present corporate income tax expenses": 1289,
        "Deferred income taxes expenses": "N/A",
        "The interests of minority shareholders": "N/A",
        "Total Cost of profits": 1289,
        "Profit after tax corporate income": 4569,
        "Volume": 4081450,
        "Close of Quarter": 14.7,
        "EPS": 3023,
        "Non-adjusted EPS": 3023,
        "PE": 4.9,
        "Book Price": 18.3
      }
    },
    {
      "quarter": "Q1 2014",
      "income status": {
        "Net sales": 36164,
        "Cost of goods sold": 29502,
        "Gross Profit": 6662,
        "Financial expenses": 1729,
        "Of which: Interest expense": 525,
        "Cost of sales": 1750,
        "Enterprise cost management": 2429,
        "Total Operating Expenses": 5908,
        "Total revenue financing activities": 189,
        "Net profit from business activities": 941,
        "Profit": 500,
        "Profit before tax": 1441,
        "Present corporate income tax expenses": 317,
        "Deferred income taxes expenses": "N/A",
        "The interests of minority shareholders": "N/A",
        "Total Cost of profits": 317,
        "Profit after tax corporate income": 1124,
        "Volume": 4081450,
        "Close of Quarter": 14.1,
        "EPS": 2439,
        "Non-adjusted EPS": 2439,
        "PE": 5.8,
        "Book Price": 18.7
      }
    },
    {
      "quarter": "Q4 2013",
      "income status": {
        "Net sales": 68666,
        "Cost of goods sold": 54155,
        "Gross Profit": 14512,
        "Financial expenses": 1329,
        "Of which: Interest expense": 467,
        "Cost of sales": 3132,
        "Enterprise cost management": 4563,
        "Total Operating Expenses": 9024,
        "Total revenue financing activities": 1162,
        "Net profit from business activities": 6649,
        "Profit": 90,
        "Profit before tax": 6739,
        "Present corporate income tax expenses": 1685,
        "Deferred income taxes expenses": "N/A",
        "The interests of minority shareholders": "N/A",
        "Total Cost of profits": 1685,
        "Profit after tax corporate income": 5054,
        "Volume": 4081450,
        "Close of Quarter": 12.3,
        "EPS": 2963,
        "Non-adjusted EPS": 2963,
        "PE": 4.2,
        "Book Price": 19
      }
    },
    {
      "quarter": "Q3 2013",
      "income status": {
        "Net sales": 46001,
        "Cost of goods sold": 38548,
        "Gross Profit": 7453,
        "Financial expenses": 851,
        "Of which: Interest expense": 407,
        "Cost of sales": 2534,
        "Enterprise cost management": 2996,
        "Total Operating Expenses": 6381,
        "Total revenue financing activities": 176,
        "Net profit from business activities": 1248,
        "Profit": 874,
        "Profit before tax": 2122,
        "Present corporate income tax expenses": 530,
        "Deferred income taxes expenses": "N/A",
        "The interests of minority shareholders": "N/A",
        "Total Cost of profits": 530,
        "Profit after tax corporate income": 1591,
        "Volume": 4081450,
        "Close of Quarter": 10.0,
        "EPS": 2982,
        "Non-adjusted EPS": 2982,
        "PE": 3.4,
        "Book Price": 17.8
      }
    },
    {
      "quarter": "Q2 2013",
      "income status": {
        "Net sales": 48659,
        "Cost of goods sold": 40275,
        "Gross Profit": 8384,
        "Financial expenses": 739,
        "Of which: Interest expense": 1542,
        "Cost of sales": 2358,
        "Enterprise cost management": 2465,
        "Total Operating Expenses": 5562,
        "Total revenue financing activities": 916,
        "Net profit from business activities": 3738,
        "Profit": "N/A",
        "Profit before tax": 3738,
        "Present corporate income tax expenses": 1552,
        "Deferred income taxes expenses": "N/A",
        "The interests of minority shareholders": "N/A",
        "Total Cost of profits": 1552,
        "Profit after tax corporate income": 2186,
        "Volume": 4081450,
        "Close of Quarter": 10.0,
        "EPS": 2874,
        "Non-adjusted EPS": 2874,
        "PE": 3.5,
        "Book Price": 17.6
      }
    },
    {
      "quarter": "Q1 2013",
      "income status": {
        "Net sales": 46925,
        "Cost of goods sold": 38551,
        "Gross Profit": 8374,
        "Financial expenses": 1097,
        "Of which: Interest expense": 295,
        "Cost of sales": 2775,
        "Enterprise cost management": 1831,
        "Total Operating Expenses": 5703,
        "Total revenue financing activities": 839,
        "Net profit from business activities": 3510,
        "Profit": 18,
        "Profit before tax": 3527,
        "Present corporate income tax expenses": 265,
        "Deferred income taxes expenses": "N/A",
        "The interests of minority shareholders": "N/A",
        "Total Cost of profits": 265,
        "Profit after tax corporate income": 3263,
        "Volume": 4081450,
        "Close of Quarter": 9.6,
        "EPS": 3453,
        "Non-adjusted EPS": 3453,
        "PE": 2.8,
        "Book Price": 18.8
      }
    },
    {
      "quarter": "Q4 2012",
      "income status": {
        "Net sales": 52314,
        "Cost of goods sold": 42796,
        "Gross Profit": 9518,
        "Financial expenses": 1078,
        "Of which: Interest expense": 252,
        "Cost of sales": 3013,
        "Enterprise cost management": 2776,
        "Total Operating Expenses": 6867,
        "Total revenue financing activities": 1935,
        "Net profit from business activities": 4586,
        "Profit": 830,
        "Profit before tax": 5416,
        "Present corporate income tax expenses": 284,
        "Deferred income taxes expenses": "N/A",
        "The interests of minority shareholders": "N/A",
        "Total Cost of profits": 284,
        "Profit after tax corporate income": 5131,
        "Volume": 4081450,
        "Close of Quarter": 7.9,
        "EPS": 3623,
        "Non-adjusted EPS": 3623,
        "PE": 2.2,
        "Book Price": 19
      }
    },
    {
      "quarter": "Q3 2012",
      "income status": {
        "Net sales": 47192,
        "Cost of goods sold": 40714,
        "Gross Profit": 6477,
        "Financial expenses": 3464,
        "Of which: Interest expense": 549,
        "Cost of sales": 2494,
        "Enterprise cost management": 1776,
        "Total Operating Expenses": 7734,
        "Total revenue financing activities": 2430,
        "Net profit from business activities": 1174,
        "Profit": 41,
        "Profit before tax": 1215,
        "Present corporate income tax expenses": 64,
        "Deferred income taxes expenses": "N/A",
        "The interests of minority shareholders": "N/A",
        "Total Cost of profits": 64,
        "Profit after tax corporate income": 1151,
        "Volume": 4081450,
        "Close of Quarter": 7.9,
        "EPS": 3524,
        "Non-adjusted EPS": 3524,
        "PE": 2.2,
        "Book Price": 17.8
      }
    },
    {
      "quarter": "Q2 2012",
      "income status": {
        "Net sales": 70066,
        "Cost of goods sold": 59689,
        "Gross Profit": 10377,
        "Financial expenses": 2802,
        "Of which: Interest expense": 578,
        "Cost of sales": 2599,
        "Enterprise cost management": 2270,
        "Total Operating Expenses": 7671,
        "Total revenue financing activities": 3404,
        "Net profit from business activities": 6110,
        "Profit": -1105,
        "Profit before tax": 5005,
        "Present corporate income tax expenses": 458,
        "Deferred income taxes expenses": "N/A",
        "The interests of minority shareholders": "N/A",
        "Total Cost of profits": 458,
        "Profit after tax corporate income": 4547,
        "Volume": 4081450,
        "Close of Quarter": 7.4,
        "EPS": 3756,
        "Non-adjusted EPS": 3756,
        "PE": 2.0,
        "Book Price": 17.5
      }
    },
    {
      "quarter": "Q1 2012",
      "income status": {
        "Net sales": 54959,
        "Cost of goods sold": 46584,
        "Gross Profit": 8376,
        "Financial expenses": 1716,
        "Of which: Interest expense": 260,
        "Cost of sales": 2001,
        "Enterprise cost management": 1493,
        "Total Operating Expenses": 5210,
        "Total revenue financing activities": 1024,
        "Net profit from business activities": 4189,
        "Profit": 88,
        "Profit before tax": 4278,
        "Present corporate income tax expenses": 321,
        "Deferred income taxes expenses": "N/A",
        "The interests of minority shareholders": "N/A",
        "Total Cost of profits": 321,
        "Profit after tax corporate income": 3957,
        "Volume": 4081450,
        "Close of Quarter": 6.6,
        "EPS": 3497,
        "Non-adjusted EPS": 3497,
        "PE": 1.9,
        "Book Price": 17.8
      }
    },
    {
      "quarter": "Q4 2011",
      "income status": {
        "Net sales": 38338,
        "Cost of goods sold": 29125,
        "Gross Profit": 9213,
        "Financial expenses": 642,
        "Of which: Interest expense": 557,
        "Cost of sales": 2619,
        "Enterprise cost management": 2435,
        "Total Operating Expenses": 5696,
        "Total revenue financing activities": 1342,
        "Net profit from business activities": 4858,
        "Profit": 255,
        "Profit before tax": 5113,
        "Present corporate income tax expenses": 383,
        "Deferred income taxes expenses": "N/A",
        "The interests of minority shareholders": "N/A",
        "Total Cost of profits": 383,
        "Profit after tax corporate income": 4729,
        "Volume": 4081450,
        "Close of Quarter": 5.5,
        "EPS": 3419,
        "Non-adjusted EPS": 3419,
        "PE": 1.6,
        "Book Price": 18.4
      }
    },
    {
      "quarter": "Q3 2011",
      "income status": {
        "Net sales": 63467,
        "Cost of goods sold": 56616,
        "Gross Profit": 6851,
        "Financial expenses": 2372,
        "Of which: Interest expense": 1082,
        "Cost of sales": 2387,
        "Enterprise cost management": 1558,
        "Total Operating Expenses": 6317,
        "Total revenue financing activities": 1665,
        "Net profit from business activities": 2199,
        "Profit": 69,
        "Profit before tax": 2267,
        "Present corporate income tax expenses": 170,
        "Deferred income taxes expenses": "N/A",
        "The interests of minority shareholders": "N/A",
        "Total Cost of profits": 170,
        "Profit after tax corporate income": 2097,
        "Volume": 3887200,
        "Close of Quarter": 5.5,
        "EPS": 3212.5,
        "Non-adjusted EPS": 3373,
        "PE": 1.6,
        "Book Price": 17.2
      }
    },
    {
      "quarter": "Q2 2011",
      "income status": {
        "Net sales": 57688,
        "Cost of goods sold": 49298,
        "Gross Profit": 8390,
        "Financial expenses": 3871,
        "Of which: Interest expense": 1161,
        "Cost of sales": 1856,
        "Enterprise cost management": 1880,
        "Total Operating Expenses": 7607,
        "Total revenue financing activities": 3114,
        "Net profit from business activities": 3897,
        "Profit": 4,
        "Profit before tax": 3901,
        "Present corporate income tax expenses": 410,
        "Deferred income taxes expenses": "N/A",
        "The interests of minority shareholders": "N/A",
        "Total Cost of profits": 410,
        "Profit after tax corporate income": 3491,
        "Volume": 3887200,
        "Close of Quarter": 5.7,
        "EPS": 2929.6,
        "Non-adjusted EPS": 3076,
        "PE": 1.9,
        "Book Price": 17.1
      }
    },
    {
      "quarter": "Q1 2011",
      "income status": {
        "Net sales": 39558,
        "Cost of goods sold": 32514,
        "Gross Profit": 7044,
        "Financial expenses": 1231,
        "Of which: Interest expense": 131,
        "Cost of sales": 1579,
        "Enterprise cost management": 1086,
        "Total Operating Expenses": 3896,
        "Total revenue financing activities": 681,
        "Net profit from business activities": 3829,
        "Profit": 179,
        "Profit before tax": 4008,
        "Present corporate income tax expenses": 371,
        "Deferred income taxes expenses": "N/A",
        "The interests of minority shareholders": "N/A",
        "Total Cost of profits": 371,
        "Profit after tax corporate income": 3637,
        "Volume": 3887200,
        "Close of Quarter": 7.1,
        "EPS": 2130.5,
        "Non-adjusted EPS": 2237,
        "PE": 3.2,
        "Book Price": 17.4
      }
    }
  ]
}