{
  "ticker": "PXT",
  "data": [
    {
      "quarter": "Q4 2016",
      "income status": {
        "Net sales": 54241,
        "Cost of goods sold": 39853,
        "Gross Profit": 14388,
        "Financial expenses": 870,
        "Of which: Interest expense": 870,
        "Cost of sales": "N/A",
        "Enterprise cost management": 10972,
        "Total Operating Expenses": 11842,
        "Total revenue financing activities": 393,
        "Net profit from business activities": 2939,
        "Profit": -542,
        "Profit before tax": 2397,
        "Present corporate income tax expenses": "N/A",
        "Deferred income taxes expenses": "N/A",
        "The interests of minority shareholders": "N/A",
        "Total Cost of profits": 0,
        "Profit after tax corporate income": 2397,
        "Volume": 19821510,
        "Close of Quarter": 4.7,
        "EPS": 1559,
        "Non-adjusted EPS": 1559,
        "PE": 3.0,
        "Book Price": 4
      }
    },
    {
      "quarter": "Q3 2016",
      "income status": {
        "Net sales": 84271,
        "Cost of goods sold": 70017,
        "Gross Profit": 14254,
        "Financial expenses": 884,
        "Of which: Interest expense": 884,
        "Cost of sales": "N/A",
        "Enterprise cost management": 8888,
        "Total Operating Expenses": 9772,
        "Total revenue financing activities": 580,
        "Net profit from business activities": 5063,
        "Profit": 534,
        "Profit before tax": 5597,
        "Present corporate income tax expenses": "N/A",
        "Deferred income taxes expenses": "N/A",
        "The interests of minority shareholders": "N/A",
        "Total Cost of profits": 0,
        "Profit after tax corporate income": 5597,
        "Volume": 19821510,
        "Close of Quarter": 5.6,
        "EPS": 2616,
        "Non-adjusted EPS": 2616,
        "PE": 2.1,
        "Book Price": 3.9
      }
    },
    {
      "quarter": "Q2 2016",
      "income status": {
        "Net sales": 149702,
        "Cost of goods sold": 127950,
        "Gross Profit": 21752,
        "Financial expenses": 889,
        "Of which: Interest expense": 889,
        "Cost of sales": "N/A",
        "Enterprise cost management": 9207,
        "Total Operating Expenses": 10096,
        "Total revenue financing activities": 439,
        "Net profit from business activities": 12095,
        "Profit": -1711,
        "Profit before tax": 10384,
        "Present corporate income tax expenses": "N/A",
        "Deferred income taxes expenses": "N/A",
        "The interests of minority shareholders": "N/A",
        "Total Cost of profits": 0,
        "Profit after tax corporate income": 10384,
        "Volume": 19821510,
        "Close of Quarter": 6.9,
        "EPS": 2620,
        "Non-adjusted EPS": 2620,
        "PE": 2.6,
        "Book Price": 3.6
      }
    },
    {
      "quarter": "Q1 2016",
      "income status": {
        "Net sales": 150374,
        "Cost of goods sold": 128932,
        "Gross Profit": 21442,
        "Financial expenses": 573,
        "Of which: Interest expense": 573,
        "Cost of sales": "N/A",
        "Enterprise cost management": 9353,
        "Total Operating Expenses": 9926,
        "Total revenue financing activities": 607,
        "Net profit from business activities": 12123,
        "Profit": 407,
        "Profit before tax": 12529,
        "Present corporate income tax expenses": "N/A",
        "Deferred income taxes expenses": "N/A",
        "The interests of minority shareholders": "N/A",
        "Total Cost of profits": 0,
        "Profit after tax corporate income": 12529,
        "Volume": 19821510,
        "Close of Quarter": 4.3,
        "EPS": 2149,
        "Non-adjusted EPS": 2149,
        "PE": 2,
        "Book Price": 3.1
      }
    },
    {
      "quarter": "Q4 2015",
      "income status": {
        "Net sales": 127397,
        "Cost of goods sold": 76142,
        "Gross Profit": 51255,
        "Financial expenses": -3609,
        "Of which: Interest expense": -3609,
        "Cost of sales": "N/A",
        "Enterprise cost management": 34738,
        "Total Operating Expenses": 31129,
        "Total revenue financing activities": 340,
        "Net profit from business activities": 20467,
        "Profit": 2867,
        "Profit before tax": 23334,
        "Present corporate income tax expenses": "N/A",
        "Deferred income taxes expenses": "N/A",
        "The interests of minority shareholders": "N/A",
        "Total Cost of profits": 0,
        "Profit after tax corporate income": 23334,
        "Volume": 19821510,
        "Close of Quarter": 4.7,
        "EPS": 1530,
        "Non-adjusted EPS": 1530,
        "PE": 3.1,
        "Book Price": 2.6
      }
    },
    {
      "quarter": "Q3 2015",
      "income status": {
        "Net sales": 105414,
        "Cost of goods sold": 88515,
        "Gross Profit": 16899,
        "Financial expenses": 1524,
        "Of which: Interest expense": 1524,
        "Cost of sales": "N/A",
        "Enterprise cost management": 9750,
        "Total Operating Expenses": 11274,
        "Total revenue financing activities": 177,
        "Net profit from business activities": 5801,
        "Profit": -112,
        "Profit before tax": 5689,
        "Present corporate income tax expenses": "N/A",
        "Deferred income taxes expenses": "N/A",
        "The interests of minority shareholders": "N/A",
        "Total Cost of profits": 0,
        "Profit after tax corporate income": 5689,
        "Volume": 19821510,
        "Close of Quarter": 3.4,
        "EPS": -440,
        "Non-adjusted EPS": -440,
        "PE": -7.7,
        "Book Price": 1.4
      }
    },
    {
      "quarter": "Q2 2015",
      "income status": {
        "Net sales": 48573,
        "Cost of goods sold": 41691,
        "Gross Profit": 6882,
        "Financial expenses": 1591,
        "Of which: Interest expense": 1591,
        "Cost of sales": "N/A",
        "Enterprise cost management": 5361,
        "Total Operating Expenses": 6952,
        "Total revenue financing activities": 873,
        "Net profit from business activities": 804,
        "Profit": 239,
        "Profit before tax": 1043,
        "Present corporate income tax expenses": "N/A",
        "Deferred income taxes expenses": "N/A",
        "The interests of minority shareholders": "N/A",
        "Total Cost of profits": 0,
        "Profit after tax corporate income": 1043,
        "Volume": 19821510,
        "Close of Quarter": 4.8,
        "EPS": -1754,
        "Non-adjusted EPS": -1754,
        "PE": -2.7,
        "Book Price": 1.1
      }
    },
    {
      "quarter": "Q1 2015",
      "income status": {
        "Net sales": 34791,
        "Cost of goods sold": 27819,
        "Gross Profit": 6972,
        "Financial expenses": 1591,
        "Of which: Interest expense": 1591,
        "Cost of sales": "N/A",
        "Enterprise cost management": 5116,
        "Total Operating Expenses": 6707,
        "Total revenue financing activities": 187,
        "Net profit from business activities": 452,
        "Profit": -196,
        "Profit before tax": 256,
        "Present corporate income tax expenses": "N/A",
        "Deferred income taxes expenses": "N/A",
        "The interests of minority shareholders": "N/A",
        "Total Cost of profits": 0,
        "Profit after tax corporate income": 256,
        "Volume": 19821510,
        "Close of Quarter": 3.9,
        "EPS": -7252,
        "Non-adjusted EPS": -7252,
        "PE": -0.5,
        "Book Price": 1
      }
    },
    {
      "quarter": "Q4 2014",
      "income status": {
        "Net sales": 64009,
        "Cost of goods sold": 67799,
        "Gross Profit": -3790,
        "Financial expenses": 2615,
        "Of which: Interest expense": 2615,
        "Cost of sales": "N/A",
        "Enterprise cost management": 6451,
        "Total Operating Expenses": 9066,
        "Total revenue financing activities": 41,
        "Net profit from business activities": -12815,
        "Profit": -2899,
        "Profit before tax": -15715,
        "Present corporate income tax expenses": "N/A",
        "Deferred income taxes expenses": "N/A",
        "The interests of minority shareholders": "N/A",
        "Total Cost of profits": 0,
        "Profit after tax corporate income": -15715,
        "Volume": 19821510,
        "Close of Quarter": 4,
        "EPS": -8038,
        "Non-adjusted EPS": -8038,
        "PE": -0.5,
        "Book Price": 1
      }
    },
    {
      "quarter": "Q3 2014",
      "income status": {
        "Net sales": 24002,
        "Cost of goods sold": 33458,
        "Gross Profit": -9456,
        "Financial expenses": 2559,
        "Of which: Interest expense": 2559,
        "Cost of sales": "N/A",
        "Enterprise cost management": 8275,
        "Total Operating Expenses": 10834,
        "Total revenue financing activities": 12,
        "Net profit from business activities": -20278,
        "Profit": -74,
        "Profit before tax": -20352,
        "Present corporate income tax expenses": "N/A",
        "Deferred income taxes expenses": "N/A",
        "The interests of minority shareholders": "N/A",
        "Total Cost of profits": 0,
        "Profit after tax corporate income": -20352,
        "Volume": 19821510,
        "Close of Quarter": 6.4,
        "EPS": -7206,
        "Non-adjusted EPS": -7206,
        "PE": -0.9,
        "Book Price": 1.8
      }
    },
    {
      "quarter": "Q2 2014",
      "income status": {
        "Net sales": 50497,
        "Cost of goods sold": 146914,
        "Gross Profit": -96417,
        "Financial expenses": 3831,
        "Of which: Interest expense": 3782,
        "Cost of sales": "N/A",
        "Enterprise cost management": 4939,
        "Total Operating Expenses": 8770,
        "Total revenue financing activities": 43,
        "Net profit from business activities": -105144,
        "Profit": -2797,
        "Profit before tax": -107940,
        "Present corporate income tax expenses": "N/A",
        "Deferred income taxes expenses": "N/A",
        "The interests of minority shareholders": "N/A",
        "Total Cost of profits": 0,
        "Profit after tax corporate income": -107940,
        "Volume": 19821510,
        "Close of Quarter": 3.6,
        "EPS": -6174,
        "Non-adjusted EPS": -6174,
        "PE": -0.6,
        "Book Price": 2.8
      }
    },
    {
      "quarter": "Q1 2014",
      "income status": {
        "Net sales": 42508,
        "Cost of goods sold": 50889,
        "Gross Profit": -8381,
        "Financial expenses": 3899,
        "Of which: Interest expense": 3899,
        "Cost of sales": "N/A",
        "Enterprise cost management": 3132,
        "Total Operating Expenses": 7031,
        "Total revenue financing activities": 44,
        "Net profit from business activities": -15368,
        "Profit": 54,
        "Profit before tax": -15313,
        "Present corporate income tax expenses": "N/A",
        "Deferred income taxes expenses": "N/A",
        "The interests of minority shareholders": "N/A",
        "Total Cost of profits": 0,
        "Profit after tax corporate income": -15313,
        "Volume": 19821510,
        "Close of Quarter": 6.5,
        "EPS": -740,
        "Non-adjusted EPS": -740,
        "PE": -8.8,
        "Book Price": 8.3
      }
    },
    {
      "quarter": "Q4 2013",
      "income status": {
        "Net sales": 69761,
        "Cost of goods sold": 63787,
        "Gross Profit": 5974,
        "Financial expenses": 6084,
        "Of which: Interest expense": 6084,
        "Cost of sales": "N/A",
        "Enterprise cost management": 3635,
        "Total Operating Expenses": 9719,
        "Total revenue financing activities": 141,
        "Net profit from business activities": -3603,
        "Profit": 4547,
        "Profit before tax": 944,
        "Present corporate income tax expenses": 174,
        "Deferred income taxes expenses": "N/A",
        "The interests of minority shareholders": "N/A",
        "Total Cost of profits": 174,
        "Profit after tax corporate income": 770,
        "Volume": 19821510,
        "Close of Quarter": 3.4,
        "EPS": 57,
        "Non-adjusted EPS": 57,
        "PE": 59.7,
        "Book Price": 10.9
      }
    },
    {
      "quarter": "Q3 2013",
      "income status": {
        "Net sales": 98412,
        "Cost of goods sold": 89342,
        "Gross Profit": 9070,
        "Financial expenses": 5016,
        "Of which: Interest expense": 5016,
        "Cost of sales": "N/A",
        "Enterprise cost management": 3462,
        "Total Operating Expenses": 8478,
        "Total revenue financing activities": 15,
        "Net profit from business activities": 608,
        "Profit": -470,
        "Profit before tax": 137,
        "Present corporate income tax expenses": 34,
        "Deferred income taxes expenses": "N/A",
        "The interests of minority shareholders": "N/A",
        "Total Cost of profits": 34,
        "Profit after tax corporate income": 103,
        "Volume": 19821510,
        "Close of Quarter": 2.6,
        "EPS": 23,
        "Non-adjusted EPS": 23,
        "PE": 113.0,
        "Book Price": 10.8
      }
    },
    {
      "quarter": "Q2 2013",
      "income status": {
        "Net sales": 77014,
        "Cost of goods sold": 65953,
        "Gross Profit": 11062,
        "Financial expenses": 6476,
        "Of which: Interest expense": 6462,
        "Cost of sales": "N/A",
        "Enterprise cost management": 4299,
        "Total Operating Expenses": 10775,
        "Total revenue financing activities": 24,
        "Net profit from business activities": 311,
        "Profit": -392,
        "Profit before tax": -81,
        "Present corporate income tax expenses": 139,
        "Deferred income taxes expenses": "N/A",
        "The interests of minority shareholders": "N/A",
        "Total Cost of profits": 139,
        "Profit after tax corporate income": -220,
        "Volume": 19821510,
        "Close of Quarter": 3.1,
        "EPS": 20,
        "Non-adjusted EPS": 20,
        "PE": 155,
        "Book Price": 10.8
      }
    },
    {
      "quarter": "Q1 2013",
      "income status": {
        "Net sales": 105338,
        "Cost of goods sold": 97273,
        "Gross Profit": 8065,
        "Financial expenses": 4757,
        "Of which: Interest expense": 4757,
        "Cost of sales": "N/A",
        "Enterprise cost management": 2803,
        "Total Operating Expenses": 7560,
        "Total revenue financing activities": 53,
        "Net profit from business activities": 559,
        "Profit": 110,
        "Profit before tax": 669,
        "Present corporate income tax expenses": 200,
        "Deferred income taxes expenses": "N/A",
        "The interests of minority shareholders": "N/A",
        "Total Cost of profits": 200,
        "Profit after tax corporate income": 469,
        "Volume": 19821510,
        "Close of Quarter": 4.3,
        "EPS": 75,
        "Non-adjusted EPS": 75,
        "PE": 57.3,
        "Book Price": 10.9
      }
    },
    {
      "quarter": "Q4 2012",
      "income status": {
        "Net sales": 290231,
        "Cost of goods sold": 275209,
        "Gross Profit": 15022,
        "Financial expenses": 8418,
        "Of which: Interest expense": 8418,
        "Cost of sales": "N/A",
        "Enterprise cost management": 5349,
        "Total Operating Expenses": 13767,
        "Total revenue financing activities": 32,
        "Net profit from business activities": 1288,
        "Profit": -1111,
        "Profit before tax": 177,
        "Present corporate income tax expenses": 77,
        "Deferred income taxes expenses": "N/A",
        "The interests of minority shareholders": "N/A",
        "Total Cost of profits": 77,
        "Profit after tax corporate income": 100,
        "Volume": 19821510,
        "Close of Quarter": 4.7,
        "EPS": 231,
        "Non-adjusted EPS": 231,
        "PE": 20.4,
        "Book Price": 10.8
      }
    },
    {
      "quarter": "Q3 2012",
      "income status": {
        "Net sales": 127959,
        "Cost of goods sold": 118030,
        "Gross Profit": 9928,
        "Financial expenses": 6924,
        "Of which: Interest expense": 6924,
        "Cost of sales": "N/A",
        "Enterprise cost management": 4500,
        "Total Operating Expenses": 11424,
        "Total revenue financing activities": 21,
        "Net profit from business activities": -1475,
        "Profit": 1584,
        "Profit before tax": 110,
        "Present corporate income tax expenses": 60,
        "Deferred income taxes expenses": "N/A",
        "The interests of minority shareholders": "N/A",
        "Total Cost of profits": 60,
        "Profit after tax corporate income": 50,
        "Volume": 19821510,
        "Close of Quarter": 4,
        "EPS": 655,
        "Non-adjusted EPS": 655,
        "PE": 6.1,
        "Book Price": 10.5
      }
    },
    {
      "quarter": "Q2 2012",
      "income status": {
        "Net sales": 122443,
        "Cost of goods sold": 106629,
        "Gross Profit": 15814,
        "Financial expenses": 7070,
        "Of which: Interest expense": 11041,
        "Cost of sales": "N/A",
        "Enterprise cost management": 5210,
        "Total Operating Expenses": 12280,
        "Total revenue financing activities": 55,
        "Net profit from business activities": 3588,
        "Profit": -2387,
        "Profit before tax": 1201,
        "Present corporate income tax expenses": 182,
        "Deferred income taxes expenses": 151,
        "The interests of minority shareholders": "N/A",
        "Total Cost of profits": 333,
        "Profit after tax corporate income": 869,
        "Volume": 19821510,
        "Close of Quarter": 5.9,
        "EPS": 818,
        "Non-adjusted EPS": 818,
        "PE": 7.2,
        "Book Price": 10.5
      }
    },
    {
      "quarter": "Q1 2012",
      "income status": {
        "Net sales": 108115,
        "Cost of goods sold": 94410,
        "Gross Profit": 13705,
        "Financial expenses": 6236,
        "Of which: Interest expense": 2089,
        "Cost of sales": "N/A",
        "Enterprise cost management": 2745,
        "Total Operating Expenses": 8981,
        "Total revenue financing activities": 57,
        "Net profit from business activities": 4781,
        "Profit": "N/A",
        "Profit before tax": 4781,
        "Present corporate income tax expenses": 1228,
        "Deferred income taxes expenses": "N/A",
        "The interests of minority shareholders": "N/A",
        "Total Cost of profits": 1228,
        "Profit after tax corporate income": 3553,
        "Volume": 20000000,
        "Close of Quarter": 5.2,
        "EPS": 1178.5,
        "Non-adjusted EPS": 1168,
        "PE": 4.4,
        "Book Price": 11
      }
    },
    {
      "quarter": "Q4 2011",
      "income status": {
        "Net sales": 349187,
        "Cost of goods sold": 328056,
        "Gross Profit": 21131,
        "Financial expenses": 3892,
        "Of which: Interest expense": 3892,
        "Cost of sales": "N/A",
        "Enterprise cost management": 8154,
        "Total Operating Expenses": 12046,
        "Total revenue financing activities": 94,
        "Net profit from business activities": 9178,
        "Profit": 2109,
        "Profit before tax": 11287,
        "Present corporate income tax expenses": 3349,
        "Deferred income taxes expenses": -579,
        "The interests of minority shareholders": "N/A",
        "Total Cost of profits": 2770,
        "Profit after tax corporate income": 8518,
        "Volume": 20000000,
        "Close of Quarter": 3.9,
        "EPS": 1244.1,
        "Non-adjusted EPS": 1233,
        "PE": 3.2,
        "Book Price": 11.4
      }
    },
    {
      "quarter": "Q3 2011",
      "income status": {
        "Net sales": 156470,
        "Cost of goods sold": 144460,
        "Gross Profit": 12010,
        "Financial expenses": 3214,
        "Of which: Interest expense": 3214,
        "Cost of sales": "N/A",
        "Enterprise cost management": 4695,
        "Total Operating Expenses": 7909,
        "Total revenue financing activities": 37,
        "Net profit from business activities": 4138,
        "Profit": 249,
        "Profit before tax": 4387,
        "Present corporate income tax expenses": 994,
        "Deferred income taxes expenses": 110,
        "The interests of minority shareholders": "N/A",
        "Total Cost of profits": 1104,
        "Profit after tax corporate income": 3283,
        "Volume": 20000000,
        "Close of Quarter": 5.5,
        "EPS": 1530.7,
        "Non-adjusted EPS": 1517,
        "PE": 3.7,
        "Book Price": 11
      }
    },
    {
      "quarter": "Q2 2011",
      "income status": {
        "Net sales": 163319,
        "Cost of goods sold": 144054,
        "Gross Profit": 19265,
        "Financial expenses": 2075,
        "Of which: Interest expense": 1386,
        "Cost of sales": "N/A",
        "Enterprise cost management": 5519,
        "Total Operating Expenses": 7594,
        "Total revenue financing activities": 115,
        "Net profit from business activities": 11784,
        "Profit": -1098,
        "Profit before tax": 10687,
        "Present corporate income tax expenses": 2603,
        "Deferred income taxes expenses": 76,
        "The interests of minority shareholders": "N/A",
        "Total Cost of profits": 2679,
        "Profit after tax corporate income": 8008,
        "Volume": 20000000,
        "Close of Quarter": 5.0,
        "EPS": 1395.5,
        "Non-adjusted EPS": 1383,
        "PE": 3.6,
        "Book Price": 10.9
      }
    },
    {
      "quarter": "Q1 2011",
      "income status": {
        "Net sales": 169523,
        "Cost of goods sold": 156233,
        "Gross Profit": 13290,
        "Financial expenses": 962,
        "Of which: Interest expense": -658,
        "Cost of sales": "N/A",
        "Enterprise cost management": 5989,
        "Total Operating Expenses": 6951,
        "Total revenue financing activities": 215,
        "Net profit from business activities": 6554,
        "Profit": -66,
        "Profit before tax": 6488,
        "Present corporate income tax expenses": 1503,
        "Deferred income taxes expenses": 125,
        "The interests of minority shareholders": "N/A",
        "Total Cost of profits": 1628,
        "Profit after tax corporate income": 4859,
        "Volume": 20000000,
        "Close of Quarter": 6.2,
        "EPS": 1233,
        "Non-adjusted EPS": 1222,
        "PE": 5.1,
        "Book Price": 11.5
      }
    }
  ]
}