{
  "ticker": "EBS",
  "data": [
    {
      "quarter": "Q4 2016",
      "income status": {
        "Net sales": 37639,
        "Cost of goods sold": 25515,
        "Gross Profit": 12124,
        "Financial expenses": "N/A",
        "Of which: Interest expense": "N/A",
        "Cost of sales": 4523,
        "Enterprise cost management": 2406,
        "Total Operating Expenses": 6929,
        "Total revenue financing activities": 700,
        "Net profit from business activities": 5896,
        "Profit": 4,
        "Profit before tax": 5900,
        "Present corporate income tax expenses": 1187,
        "Deferred income taxes expenses": "N/A",
        "The interests of minority shareholders": "N/A",
        "Total Cost of profits": 1187,
        "Profit after tax corporate income": 4713,
        "Volume": 9938784,
        "Close of Quarter": 7.8,
        "EPS": 1174,
        "Non-adjusted EPS": 1174,
        "PE": 6.7,
        "Book Price": 12.6
      }
    },
    {
      "quarter": "Q3 2016",
      "income status": {
        "Net sales": 71772,
        "Cost of goods sold": 49945,
        "Gross Profit": 21827,
        "Financial expenses": 3,
        "Of which: Interest expense": "N/A",
        "Cost of sales": 13048,
        "Enterprise cost management": 4352,
        "Total Operating Expenses": 17403,
        "Total revenue financing activities": 403,
        "Net profit from business activities": 4826,
        "Profit": "N/A",
        "Profit before tax": 4826,
        "Present corporate income tax expenses": 973,
        "Deferred income taxes expenses": "N/A",
        "The interests of minority shareholders": "N/A",
        "Total Cost of profits": 973,
        "Profit after tax corporate income": 3853,
        "Volume": 9938784,
        "Close of Quarter": 7.5,
        "EPS": 901,
        "Non-adjusted EPS": 901,
        "PE": 8.4,
        "Book Price": 12.3
      }
    },
    {
      "quarter": "Q2 2016",
      "income status": {
        "Net sales": 48139,
        "Cost of goods sold": 36038,
        "Gross Profit": 12101,
        "Financial expenses": "N/A",
        "Of which: Interest expense": "N/A",
        "Cost of sales": 5439,
        "Enterprise cost management": 3067,
        "Total Operating Expenses": 8506,
        "Total revenue financing activities": 1045,
        "Net profit from business activities": 4640,
        "Profit": 95,
        "Profit before tax": 4735,
        "Present corporate income tax expenses": 750,
        "Deferred income taxes expenses": "N/A",
        "The interests of minority shareholders": "N/A",
        "Total Cost of profits": 750,
        "Profit after tax corporate income": 3986,
        "Volume": 9938784,
        "Close of Quarter": 8.0,
        "EPS": 756,
        "Non-adjusted EPS": 756,
        "PE": 10.6,
        "Book Price": 11.9
      }
    },
    {
      "quarter": "Q1 2016",
      "income status": {
        "Net sales": 17390,
        "Cost of goods sold": 16194,
        "Gross Profit": 1196,
        "Financial expenses": 5,
        "Of which: Interest expense": "N/A",
        "Cost of sales": 1528,
        "Enterprise cost management": 1139,
        "Total Operating Expenses": 2672,
        "Total revenue financing activities": 566,
        "Net profit from business activities": -910,
        "Profit": 26,
        "Profit before tax": -884,
        "Present corporate income tax expenses": "N/A",
        "Deferred income taxes expenses": "N/A",
        "The interests of minority shareholders": "N/A",
        "Total Cost of profits": 0,
        "Profit after tax corporate income": -884,
        "Volume": 9938784,
        "Close of Quarter": 8.8,
        "EPS": 788,
        "Non-adjusted EPS": 788,
        "PE": 11.2,
        "Book Price": 11.5
      }
    },
    {
      "quarter": "Q4 2015",
      "income status": {
        "Net sales": 20835,
        "Cost of goods sold": 12146,
        "Gross Profit": 8689,
        "Financial expenses": "N/A",
        "Of which: Interest expense": "N/A",
        "Cost of sales": 5138,
        "Enterprise cost management": 1599,
        "Total Operating Expenses": 6737,
        "Total revenue financing activities": 661,
        "Net profit from business activities": 2613,
        "Profit": 5,
        "Profit before tax": 2618,
        "Present corporate income tax expenses": 624,
        "Deferred income taxes expenses": "N/A",
        "The interests of minority shareholders": "N/A",
        "Total Cost of profits": 624,
        "Profit after tax corporate income": 1995,
        "Volume": 9938784,
        "Close of Quarter": 6.8,
        "EPS": 823,
        "Non-adjusted EPS": 823,
        "PE": 8.3,
        "Book Price": 12.3
      }
    },
    {
      "quarter": "Q3 2015",
      "income status": {
        "Net sales": 57379,
        "Cost of goods sold": 40391,
        "Gross Profit": 16989,
        "Financial expenses": "N/A",
        "Of which: Interest expense": "N/A",
        "Cost of sales": 11534,
        "Enterprise cost management": 2854,
        "Total Operating Expenses": 14388,
        "Total revenue financing activities": 467,
        "Net profit from business activities": 3068,
        "Profit": 35,
        "Profit before tax": 3103,
        "Present corporate income tax expenses": 684,
        "Deferred income taxes expenses": "N/A",
        "The interests of minority shareholders": "N/A",
        "Total Cost of profits": 684,
        "Profit after tax corporate income": 2420,
        "Volume": 9938784,
        "Close of Quarter": 7.5,
        "EPS": 452,
        "Non-adjusted EPS": 452,
        "PE": 16.6,
        "Book Price": 10.5
      }
    },
    {
      "quarter": "Q2 2015",
      "income status": {
        "Net sales": 54172,
        "Cost of goods sold": 39577,
        "Gross Profit": 14595,
        "Financial expenses": "N/A",
        "Of which: Interest expense": "N/A",
        "Cost of sales": 6839,
        "Enterprise cost management": 2981,
        "Total Operating Expenses": 9820,
        "Total revenue financing activities": 578,
        "Net profit from business activities": 5352,
        "Profit": 11,
        "Profit before tax": 5363,
        "Present corporate income tax expenses": 1059,
        "Deferred income taxes expenses": "N/A",
        "The interests of minority shareholders": "N/A",
        "Total Cost of profits": 1059,
        "Profit after tax corporate income": 4304,
        "Volume": 9938784,
        "Close of Quarter": 6.4,
        "EPS": 597,
        "Non-adjusted EPS": 597,
        "PE": 10.7,
        "Book Price": 10.3
      }
    },
    {
      "quarter": "Q1 2015",
      "income status": {
        "Net sales": 13295,
        "Cost of goods sold": 9925,
        "Gross Profit": 3369,
        "Financial expenses": "N/A",
        "Of which: Interest expense": "N/A",
        "Cost of sales": 2606,
        "Enterprise cost management": 1829,
        "Total Operating Expenses": 4435,
        "Total revenue financing activities": 541,
        "Net profit from business activities": -526,
        "Profit": 2,
        "Profit before tax": -523,
        "Present corporate income tax expenses": 14,
        "Deferred income taxes expenses": "N/A",
        "The interests of minority shareholders": "N/A",
        "Total Cost of profits": 14,
        "Profit after tax corporate income": -537,
        "Volume": 9938784,
        "Close of Quarter": 6.9,
        "EPS": 514,
        "Non-adjusted EPS": 514,
        "PE": 13.5,
        "Book Price": 10.4
      }
    },
    {
      "quarter": "Q4 2014",
      "income status": {
        "Net sales": 22651,
        "Cost of goods sold": 19214,
        "Gross Profit": 3437,
        "Financial expenses": "N/A",
        "Of which: Interest expense": "N/A",
        "Cost of sales": 5175,
        "Enterprise cost management": 2204,
        "Total Operating Expenses": 7379,
        "Total revenue financing activities": 807,
        "Net profit from business activities": -3134,
        "Profit": 989,
        "Profit before tax": -2145,
        "Present corporate income tax expenses": -451,
        "Deferred income taxes expenses": "N/A",
        "The interests of minority shareholders": "N/A",
        "Total Cost of profits": -451,
        "Profit after tax corporate income": -1694,
        "Volume": 9938784,
        "Close of Quarter": 6.9,
        "EPS": 576,
        "Non-adjusted EPS": 576,
        "PE": 12.1,
        "Book Price": 10.4
      }
    },
    {
      "quarter": "Q3 2014",
      "income status": {
        "Net sales": 48801,
        "Cost of goods sold": 35622,
        "Gross Profit": 13178,
        "Financial expenses": "N/A",
        "Of which: Interest expense": "N/A",
        "Cost of sales": 7089,
        "Enterprise cost management": 1744,
        "Total Operating Expenses": 8833,
        "Total revenue financing activities": 610,
        "Net profit from business activities": 4956,
        "Profit": 6,
        "Profit before tax": 4962,
        "Present corporate income tax expenses": 1097,
        "Deferred income taxes expenses": "N/A",
        "The interests of minority shareholders": "N/A",
        "Total Cost of profits": 1097,
        "Profit after tax corporate income": 3865,
        "Volume": 9938784,
        "Close of Quarter": 6.2,
        "EPS": 780,
        "Non-adjusted EPS": 780,
        "PE": 8.0,
        "Book Price": 11.3
      }
    },
    {
      "quarter": "Q2 2014",
      "income status": {
        "Net sales": 45059,
        "Cost of goods sold": 34846,
        "Gross Profit": 10213,
        "Financial expenses": 59,
        "Of which: Interest expense": "N/A",
        "Cost of sales": 4431,
        "Enterprise cost management": 2335,
        "Total Operating Expenses": 6825,
        "Total revenue financing activities": 1046,
        "Net profit from business activities": 4434,
        "Profit": "N/A",
        "Profit before tax": 4434,
        "Present corporate income tax expenses": 958,
        "Deferred income taxes expenses": "N/A",
        "The interests of minority shareholders": "N/A",
        "Total Cost of profits": 958,
        "Profit after tax corporate income": 3476,
        "Volume": 9938784,
        "Close of Quarter": 5.8,
        "EPS": 832,
        "Non-adjusted EPS": 832,
        "PE": 7.0,
        "Book Price": 11
      }
    },
    {
      "quarter": "Q1 2014",
      "income status": {
        "Net sales": 13206,
        "Cost of goods sold": 11430,
        "Gross Profit": 1776,
        "Financial expenses": "N/A",
        "Of which: Interest expense": "N/A",
        "Cost of sales": 1976,
        "Enterprise cost management": 992,
        "Total Operating Expenses": 2968,
        "Total revenue financing activities": 1090,
        "Net profit from business activities": -102,
        "Profit": 201,
        "Profit before tax": 98,
        "Present corporate income tax expenses": 22,
        "Deferred income taxes expenses": "N/A",
        "The interests of minority shareholders": "N/A",
        "Total Cost of profits": 22,
        "Profit after tax corporate income": 77,
        "Volume": 9938784,
        "Close of Quarter": 6.8,
        "EPS": 888,
        "Non-adjusted EPS": 888,
        "PE": 7.7,
        "Book Price": 11.5
      }
    },
    {
      "quarter": "Q4 2013",
      "income status": {
        "Net sales": 28975,
        "Cost of goods sold": 23644,
        "Gross Profit": 5331,
        "Financial expenses": 28,
        "Of which: Interest expense": "N/A",
        "Cost of sales": 3754,
        "Enterprise cost management": 2688,
        "Total Operating Expenses": 6470,
        "Total revenue financing activities": 1792,
        "Net profit from business activities": 653,
        "Profit": 13,
        "Profit before tax": 666,
        "Present corporate income tax expenses": 329,
        "Deferred income taxes expenses": "N/A",
        "The interests of minority shareholders": "N/A",
        "Total Cost of profits": 329,
        "Profit after tax corporate income": 337,
        "Volume": 9938784,
        "Close of Quarter": 6.0,
        "EPS": 903,
        "Non-adjusted EPS": 903,
        "PE": 6.6,
        "Book Price": 12.2
      }
    },
    {
      "quarter": "Q3 2013",
      "income status": {
        "Net sales": 48001,
        "Cost of goods sold": 35041,
        "Gross Profit": 12960,
        "Financial expenses": 14,
        "Of which: Interest expense": "N/A",
        "Cost of sales": 6602,
        "Enterprise cost management": 1966,
        "Total Operating Expenses": 8582,
        "Total revenue financing activities": 604,
        "Net profit from business activities": 4983,
        "Profit": "N/A",
        "Profit before tax": 4983,
        "Present corporate income tax expenses": 601,
        "Deferred income taxes expenses": "N/A",
        "The interests of minority shareholders": "N/A",
        "Total Cost of profits": 601,
        "Profit after tax corporate income": 4382,
        "Volume": 9938784,
        "Close of Quarter": 5.5,
        "EPS": 839,
        "Non-adjusted EPS": 839,
        "PE": 6.5,
        "Book Price": 12.3
      }
    },
    {
      "quarter": "Q2 2013",
      "income status": {
        "Net sales": 35619,
        "Cost of goods sold": 27376,
        "Gross Profit": 8243,
        "Financial expenses": -9,
        "Of which: Interest expense": "N/A",
        "Cost of sales": 3388,
        "Enterprise cost management": 1481,
        "Total Operating Expenses": 4860,
        "Total revenue financing activities": 1542,
        "Net profit from business activities": 4924,
        "Profit": 28,
        "Profit before tax": 4953,
        "Present corporate income tax expenses": 829,
        "Deferred income taxes expenses": "N/A",
        "The interests of minority shareholders": 97,
        "Total Cost of profits": 926,
        "Profit after tax corporate income": 4026,
        "Volume": 9938784,
        "Close of Quarter": 5.6,
        "EPS": 1078,
        "Non-adjusted EPS": 1078,
        "PE": 5.2,
        "Book Price": 11.9
      }
    },
    {
      "quarter": "Q1 2013",
      "income status": {
        "Net sales": 8930,
        "Cost of goods sold": 6937,
        "Gross Profit": 1993,
        "Financial expenses": 9,
        "Of which: Interest expense": "N/A",
        "Cost of sales": 1647,
        "Enterprise cost management": 1241,
        "Total Operating Expenses": 2897,
        "Total revenue financing activities": 1130,
        "Net profit from business activities": 226,
        "Profit": "N/A",
        "Profit before tax": 227,
        "Present corporate income tax expenses": 93,
        "Deferred income taxes expenses": "N/A",
        "The interests of minority shareholders": -97,
        "Total Cost of profits": -4,
        "Profit after tax corporate income": 231,
        "Volume": 9938784,
        "Close of Quarter": 5.6,
        "EPS": 1177,
        "Non-adjusted EPS": 1177,
        "PE": 4.7,
        "Book Price": 12.6
      }
    },
    {
      "quarter": "Q4 2012",
      "income status": {
        "Net sales": 39009,
        "Cost of goods sold": 34757,
        "Gross Profit": 4252,
        "Financial expenses": 1085,
        "Of which: Interest expense": "N/A",
        "Cost of sales": 4182,
        "Enterprise cost management": 2207,
        "Total Operating Expenses": 7474,
        "Total revenue financing activities": 2594,
        "Net profit from business activities": -628,
        "Profit": 501,
        "Profit before tax": -128,
        "Present corporate income tax expenses": 154,
        "Deferred income taxes expenses": "N/A",
        "The interests of minority shareholders": 18,
        "Total Cost of profits": 172,
        "Profit after tax corporate income": -300,
        "Volume": 9938784,
        "Close of Quarter": 5.1,
        "EPS": 2386,
        "Non-adjusted EPS": 2386,
        "PE": 2.1,
        "Book Price": 12.6
      }
    },
    {
      "quarter": "Q3 2012",
      "income status": {
        "Net sales": 52079,
        "Cost of goods sold": 39439,
        "Gross Profit": 12640,
        "Financial expenses": 23,
        "Of which: Interest expense": "N/A",
        "Cost of sales": 3427,
        "Enterprise cost management": 1876,
        "Total Operating Expenses": 5326,
        "Total revenue financing activities": 1087,
        "Net profit from business activities": 8401,
        "Profit": 22,
        "Profit before tax": 8424,
        "Present corporate income tax expenses": 1381,
        "Deferred income taxes expenses": "N/A",
        "The interests of minority shareholders": 288,
        "Total Cost of profits": 1669,
        "Profit after tax corporate income": 6755,
        "Volume": 9938784,
        "Close of Quarter": 4.5,
        "EPS": 2502,
        "Non-adjusted EPS": 2502,
        "PE": 1.8,
        "Book Price": 12.5
      }
    },
    {
      "quarter": "Q2 2012",
      "income status": {
        "Net sales": 45691,
        "Cost of goods sold": 35015,
        "Gross Profit": 10676,
        "Financial expenses": 26,
        "Of which: Interest expense": "N/A",
        "Cost of sales": 5079,
        "Enterprise cost management": 2815,
        "Total Operating Expenses": 7920,
        "Total revenue financing activities": 3779,
        "Net profit from business activities": 6535,
        "Profit": 18,
        "Profit before tax": 6553,
        "Present corporate income tax expenses": 1653,
        "Deferred income taxes expenses": "N/A",
        "The interests of minority shareholders": -111,
        "Total Cost of profits": 1542,
        "Profit after tax corporate income": 5011,
        "Volume": 9938784,
        "Close of Quarter": 4.4,
        "EPS": 2427,
        "Non-adjusted EPS": 2427,
        "PE": 1.8,
        "Book Price": 11.7
      }
    },
    {
      "quarter": "Q1 2012",
      "income status": {
        "Net sales": 10783,
        "Cost of goods sold": 9249,
        "Gross Profit": 1534,
        "Financial expenses": "N/A",
        "Of which: Interest expense": "N/A",
        "Cost of sales": 1704,
        "Enterprise cost management": 1404,
        "Total Operating Expenses": 3108,
        "Total revenue financing activities": 1722,
        "Net profit from business activities": 147,
        "Profit": 16173,
        "Profit before tax": 16321,
        "Present corporate income tax expenses": 4165,
        "Deferred income taxes expenses": "N/A",
        "The interests of minority shareholders": -91,
        "Total Cost of profits": 4074,
        "Profit after tax corporate income": 12247,
        "Volume": 9938784,
        "Close of Quarter": 3.5,
        "EPS": 2328,
        "Non-adjusted EPS": 2328,
        "PE": 1.5,
        "Book Price": 12.3
      }
    },
    {
      "quarter": "Q4 2011",
      "income status": {
        "Net sales": 26030,
        "Cost of goods sold": 22175,
        "Gross Profit": 3856,
        "Financial expenses": "N/A",
        "Of which: Interest expense": "N/A",
        "Cost of sales": 3095,
        "Enterprise cost management": 1647,
        "Total Operating Expenses": 4742,
        "Total revenue financing activities": 1719,
        "Net profit from business activities": 833,
        "Profit": 169,
        "Profit before tax": 1002,
        "Present corporate income tax expenses": 112,
        "Deferred income taxes expenses": "N/A",
        "The interests of minority shareholders": 33,
        "Total Cost of profits": 145,
        "Profit after tax corporate income": 857,
        "Volume": 9938784,
        "Close of Quarter": 3.2,
        "EPS": 1166,
        "Non-adjusted EPS": 1166,
        "PE": 2.7,
        "Book Price": 11
      }
    },
    {
      "quarter": "Q3 2011",
      "income status": {
        "Net sales": 45448,
        "Cost of goods sold": 33163,
        "Gross Profit": 12285,
        "Financial expenses": 19,
        "Of which: Interest expense": "N/A",
        "Cost of sales": 5497,
        "Enterprise cost management": 2166,
        "Total Operating Expenses": 7682,
        "Total revenue financing activities": 3477,
        "Net profit from business activities": 8080,
        "Profit": 71,
        "Profit before tax": 8151,
        "Present corporate income tax expenses": 1876,
        "Deferred income taxes expenses": "N/A",
        "The interests of minority shareholders": 269,
        "Total Cost of profits": 2145,
        "Profit after tax corporate income": 6006,
        "Volume": 9938784,
        "Close of Quarter": 3.6,
        "EPS": 1405,
        "Non-adjusted EPS": 1405,
        "PE": 2.6,
        "Book Price": 11.5
      }
    },
    {
      "quarter": "Q2 2011",
      "income status": {
        "Net sales": 27288,
        "Cost of goods sold": 21476,
        "Gross Profit": 5811,
        "Financial expenses": 309,
        "Of which: Interest expense": 277,
        "Cost of sales": 3721,
        "Enterprise cost management": 1848,
        "Total Operating Expenses": 5878,
        "Total revenue financing activities": 5427,
        "Net profit from business activities": 5360,
        "Profit": 6,
        "Profit before tax": 5366,
        "Present corporate income tax expenses": 1429,
        "Deferred income taxes expenses": "N/A",
        "The interests of minority shareholders": -93,
        "Total Cost of profits": 1336,
        "Profit after tax corporate income": 4031,
        "Volume": 9938784,
        "Close of Quarter": 3.6,
        "EPS": 1350,
        "Non-adjusted EPS": 1350,
        "PE": 2.7,
        "Book Price": 10.9
      }
    },
    {
      "quarter": "Q1 2011",
      "income status": {
        "Net sales": 9392,
        "Cost of goods sold": 8629,
        "Gross Profit": 762,
        "Financial expenses": 1093,
        "Of which: Interest expense": 1075,
        "Cost of sales": 1358,
        "Enterprise cost management": 1064,
        "Total Operating Expenses": 3515,
        "Total revenue financing activities": 3623,
        "Net profit from business activities": 870,
        "Profit": 3,
        "Profit before tax": 873,
        "Present corporate income tax expenses": 293,
        "Deferred income taxes expenses": "N/A",
        "The interests of minority shareholders": -110,
        "Total Cost of profits": 183,
        "Profit after tax corporate income": 690,
        "Volume": 9938784,
        "Close of Quarter": 4.3,
        "EPS": 1120,
        "Non-adjusted EPS": 1120,
        "PE": 3.8,
        "Book Price": 10.5
      }
    }
  ]
}