{
  "ticker": "AMD",
  "data": [
    {
      "quarter": "Q4 2016",
      "income status": {
        "Net sales": 390771,
        "Cost of goods sold": 366249,
        "Gross Profit": 24522,
        "Financial expenses": 1362,
        "Of which: Interest expense": 1241,
        "Cost of sales": 810,
        "Enterprise cost management": 8453,
        "Total Operating Expenses": 10625,
        "Total revenue financing activities": 409,
        "Net profit from business activities": 14337,
        "Profit": -230,
        "Profit before tax": 14107,
        "Present corporate income tax expenses": 3510,
        "Deferred income taxes expenses": "N/A",
        "The interests of minority shareholders": 147,
        "Total Cost of profits": 3657,
        "Profit after tax corporate income": 10450,
        "Volume": 62399936,
        "Close of Quarter": 14.8,
        "EPS": 664.6,
        "Non-adjusted EPS": 691,
        "PE": 21.4,
        "Book Price": 11.4
      }
    },
    {
      "quarter": "Q3 2016",
      "income status": {
        "Net sales": 322264,
        "Cost of goods sold": 298648,
        "Gross Profit": 23616,
        "Financial expenses": 520,
        "Of which: Interest expense": 478,
        "Cost of sales": 789,
        "Enterprise cost management": 7261,
        "Total Operating Expenses": 8570,
        "Total revenue financing activities": 281,
        "Net profit from business activities": 15315,
        "Profit": -310,
        "Profit before tax": 15005,
        "Present corporate income tax expenses": 3665,
        "Deferred income taxes expenses": "N/A",
        "The interests of minority shareholders": 293,
        "Total Cost of profits": 3958,
        "Profit after tax corporate income": 11047,
        "Volume": 62399936,
        "Close of Quarter": 11.1,
        "EPS": 700.2,
        "Non-adjusted EPS": 728,
        "PE": 15.3,
        "Book Price": 11.2
      }
    },
    {
      "quarter": "Q2 2016",
      "income status": {
        "Net sales": 369547,
        "Cost of goods sold": 349765,
        "Gross Profit": 19781,
        "Financial expenses": 315,
        "Of which: Interest expense": 7,
        "Cost of sales": 442,
        "Enterprise cost management": 4968,
        "Total Operating Expenses": 5725,
        "Total revenue financing activities": 238,
        "Net profit from business activities": 14278,
        "Profit": 95,
        "Profit before tax": 14374,
        "Present corporate income tax expenses": 4445,
        "Deferred income taxes expenses": "N/A",
        "The interests of minority shareholders": 443,
        "Total Cost of profits": 4888,
        "Profit after tax corporate income": 9486,
        "Volume": 62399936,
        "Close of Quarter": 12.1,
        "EPS": 583.8,
        "Non-adjusted EPS": 607,
        "PE": 20,
        "Book Price": 11.0
      }
    },
    {
      "quarter": "Q1 2016",
      "income status": {
        "Net sales": 301403,
        "Cost of goods sold": 271607,
        "Gross Profit": 29796,
        "Financial expenses": 13,
        "Of which: Interest expense": 153,
        "Cost of sales": 59,
        "Enterprise cost management": 15654,
        "Total Operating Expenses": 15726,
        "Total revenue financing activities": 79,
        "Net profit from business activities": 14149,
        "Profit": 926,
        "Profit before tax": 15075,
        "Present corporate income tax expenses": 2957,
        "Deferred income taxes expenses": "N/A",
        "The interests of minority shareholders": "N/A",
        "Total Cost of profits": 2957,
        "Profit after tax corporate income": 12117,
        "Volume": 30000000,
        "Close of Quarter": 10.0,
        "EPS": 492.9,
        "Non-adjusted EPS": 1066,
        "PE": 9.3,
        "Book Price": 6.2
      }
    },
    {
      "quarter": "Q4 2015",
      "income status": {
        "Net sales": 305537,
        "Cost of goods sold": 281012,
        "Gross Profit": 24525,
        "Financial expenses": 251,
        "Of which: Interest expense": 226,
        "Cost of sales": 73,
        "Enterprise cost management": 8069,
        "Total Operating Expenses": 8393,
        "Total revenue financing activities": 160,
        "Net profit from business activities": 16300,
        "Profit": 110,
        "Profit before tax": 16410,
        "Present corporate income tax expenses": 3361,
        "Deferred income taxes expenses": -30,
        "The interests of minority shareholders": 281,
        "Total Cost of profits": 3612,
        "Profit after tax corporate income": 12798,
        "Volume": 30000000,
        "Close of Quarter": 9.1,
        "EPS": 375.9,
        "Non-adjusted EPS": 813,
        "PE": 11.2,
        "Book Price": 5.6
      }
    },
    {
      "quarter": "Q3 2015",
      "income status": {
        "Net sales": 264914,
        "Cost of goods sold": 252954,
        "Gross Profit": 11960,
        "Financial expenses": 219,
        "Of which: Interest expense": 219,
        "Cost of sales": 36,
        "Enterprise cost management": 5959,
        "Total Operating Expenses": 6214,
        "Total revenue financing activities": 13,
        "Net profit from business activities": 5760,
        "Profit": -7,
        "Profit before tax": 5752,
        "Present corporate income tax expenses": 2179,
        "Deferred income taxes expenses": -30,
        "The interests of minority shareholders": 154,
        "Total Cost of profits": 2303,
        "Profit after tax corporate income": 3449,
        "Volume": 30000000,
        "Close of Quarter": 11.4,
        "EPS": 194.2,
        "Non-adjusted EPS": 420,
        "PE": 27.2,
        "Book Price": 5.3
      }
    },
    {
      "quarter": "Q2 2015",
      "income status": {
        "Net sales": 317948,
        "Cost of goods sold": 306879,
        "Gross Profit": 11069,
        "Financial expenses": 100,
        "Of which: Interest expense": 60,
        "Cost of sales": 191,
        "Enterprise cost management": 5891,
        "Total Operating Expenses": 6182,
        "Total revenue financing activities": 996,
        "Net profit from business activities": 5883,
        "Profit": 67,
        "Profit before tax": 5950,
        "Present corporate income tax expenses": 2135,
        "Deferred income taxes expenses": "N/A",
        "The interests of minority shareholders": 201,
        "Total Cost of profits": 2336,
        "Profit after tax corporate income": 3614,
        "Volume": 30000000,
        "Close of Quarter": 19.3,
        "EPS": 207.6,
        "Non-adjusted EPS": 449,
        "PE": 43.0,
        "Book Price": 5.3
      }
    },
    {
      "quarter": "Q1 2015",
      "income status": {
        "Net sales": 130789,
        "Cost of goods sold": 118701,
        "Gross Profit": 12087,
        "Financial expenses": 164,
        "Of which: Interest expense": 81,
        "Cost of sales": 193,
        "Enterprise cost management": 5959,
        "Total Operating Expenses": 6316,
        "Total revenue financing activities": 1125,
        "Net profit from business activities": 6895,
        "Profit": 131,
        "Profit before tax": 7026,
        "Present corporate income tax expenses": 2427,
        "Deferred income taxes expenses": "N/A",
        "The interests of minority shareholders": 73,
        "Total Cost of profits": 2500,
        "Profit after tax corporate income": 4526,
        "Volume": 30000000,
        "Close of Quarter": 14.4,
        "EPS": 259.4,
        "Non-adjusted EPS": 561,
        "PE": 25.7,
        "Book Price": 5.2
      }
    },
    {
      "quarter": "Q3 2014",
      "income status": {
        "Net sales": 151382,
        "Cost of goods sold": 144095,
        "Gross Profit": 7287,
        "Financial expenses": 61,
        "Of which: Interest expense": 61,
        "Cost of sales": 229,
        "Enterprise cost management": 6466,
        "Total Operating Expenses": 6756,
        "Total revenue financing activities": 2111,
        "Net profit from business activities": 2641,
        "Profit": 292,
        "Profit before tax": 2933,
        "Present corporate income tax expenses": 1725,
        "Deferred income taxes expenses": "N/A",
        "The interests of minority shareholders": 186,
        "Total Cost of profits": 1911,
        "Profit after tax corporate income": 1022,
        "Volume": 30000000,
        "Close of Quarter": "N/A",
        "EPS": 189.6,
        "Non-adjusted EPS": 410,
        "PE": "N/A",
        "Book Price": 5.0
      }
    },
    {
      "quarter": "Q2 2014",
      "income status": {
        "Net sales": 124377,
        "Cost of goods sold": 113458,
        "Gross Profit": 10919,
        "Financial expenses": 17,
        "Of which: Interest expense": 17,
        "Cost of sales": 473,
        "Enterprise cost management": 6451,
        "Total Operating Expenses": 6941,
        "Total revenue financing activities": 2021,
        "Net profit from business activities": 6001,
        "Profit": 577,
        "Profit before tax": 6578,
        "Present corporate income tax expenses": 2317,
        "Deferred income taxes expenses": "N/A",
        "The interests of minority shareholders": -32,
        "Total Cost of profits": 2285,
        "Profit after tax corporate income": 4294,
        "Volume": 30000000,
        "Close of Quarter": "N/A",
        "EPS": 173.9,
        "Non-adjusted EPS": 376,
        "PE": "N/A",
        "Book Price": 5.0
      }
    },
    {
      "quarter": "Q1 2014",
      "income status": {
        "Net sales": 64288,
        "Cost of goods sold": 62348,
        "Gross Profit": 1940,
        "Financial expenses": "N/A",
        "Of which: Interest expense": "N/A",
        "Cost of sales": "N/A",
        "Enterprise cost management": 3117,
        "Total Operating Expenses": 3117,
        "Total revenue financing activities": 11153,
        "Net profit from business activities": 9974,
        "Profit": "N/A",
        "Profit before tax": 9973,
        "Present corporate income tax expenses": 2830,
        "Deferred income taxes expenses": "N/A",
        "The interests of minority shareholders": 158,
        "Total Cost of profits": 2988,
        "Profit after tax corporate income": 6985,
        "Volume": 30000000,
        "Close of Quarter": "N/A",
        "EPS": 107.7,
        "Non-adjusted EPS": 233,
        "PE": "N/A",
        "Book Price": 4.9
      }
    }
  ]
}