{
  "ticker": "HAH",
  "data": [
    {
      "quarter": "Q4 2016",
      "income status": {
        "Net sales": 144402,
        "Cost of goods sold": 97175,
        "Gross Profit": 47227,
        "Financial expenses": 2745,
        "Of which: Interest expense": 1040,
        "Cost of sales": "N/A",
        "Enterprise cost management": 9021,
        "Total Operating Expenses": 11766,
        "Total revenue financing activities": 10540,
        "Net profit from business activities": 40998,
        "Profit": 65,
        "Profit before tax": 41064,
        "Present corporate income tax expenses": 4296,
        "Deferred income taxes expenses": "N/A",
        "The interests of minority shareholders": 35,
        "Total Cost of profits": 4331,
        "Profit after tax corporate income": 36733,
        "Volume": 23196232,
        "Close of Quarter": 25.9,
        "EPS": 5775,
        "Non-adjusted EPS": 5775,
        "PE": 4.5,
        "Book Price": 24.8
      }
    },
    {
      "quarter": "Q3 2016",
      "income status": {
        "Net sales": 112893,
        "Cost of goods sold": 81503,
        "Gross Profit": 31390,
        "Financial expenses": 924,
        "Of which: Interest expense": 921,
        "Cost of sales": "N/A",
        "Enterprise cost management": 7918,
        "Total Operating Expenses": 8842,
        "Total revenue financing activities": 2415,
        "Net profit from business activities": 26873,
        "Profit": 959,
        "Profit before tax": 27832,
        "Present corporate income tax expenses": 2797,
        "Deferred income taxes expenses": "N/A",
        "The interests of minority shareholders": 32,
        "Total Cost of profits": 2829,
        "Profit after tax corporate income": 25003,
        "Volume": 23196232,
        "Close of Quarter": 25.6,
        "EPS": 6485,
        "Non-adjusted EPS": 6485,
        "PE": 4.0,
        "Book Price": 25.5
      }
    },
    {
      "quarter": "Q2 2016",
      "income status": {
        "Net sales": 108912,
        "Cost of goods sold": 65762,
        "Gross Profit": 43150,
        "Financial expenses": 1106,
        "Of which: Interest expense": 830,
        "Cost of sales": "N/A",
        "Enterprise cost management": 6800,
        "Total Operating Expenses": 7906,
        "Total revenue financing activities": 2586,
        "Net profit from business activities": 40134,
        "Profit": -52,
        "Profit before tax": 40082,
        "Present corporate income tax expenses": 3916,
        "Deferred income taxes expenses": "N/A",
        "The interests of minority shareholders": 4,
        "Total Cost of profits": 3920,
        "Profit after tax corporate income": 36162,
        "Volume": 23196232,
        "Close of Quarter": 25.1,
        "EPS": 7240,
        "Non-adjusted EPS": 7240,
        "PE": 3.5,
        "Book Price": 24.4
      }
    },
    {
      "quarter": "Q1 2016",
      "income status": {
        "Net sales": 121375,
        "Cost of goods sold": 76410,
        "Gross Profit": 44965,
        "Financial expenses": 1222,
        "Of which: Interest expense": 1074,
        "Cost of sales": "N/A",
        "Enterprise cost management": 8632,
        "Total Operating Expenses": 9854,
        "Total revenue financing activities": 5546,
        "Net profit from business activities": 39818,
        "Profit": 30,
        "Profit before tax": 39847,
        "Present corporate income tax expenses": 3820,
        "Deferred income taxes expenses": "N/A",
        "The interests of minority shareholders": -31,
        "Total Cost of profits": 3789,
        "Profit after tax corporate income": 36058,
        "Volume": 23196232,
        "Close of Quarter": 26.8,
        "EPS": 6836,
        "Non-adjusted EPS": 6836,
        "PE": 3.9,
        "Book Price": 24.3
      }
    },
    {
      "quarter": "Q4 2015",
      "income status": {
        "Net sales": 150827,
        "Cost of goods sold": 77291,
        "Gross Profit": 73536,
        "Financial expenses": 2495,
        "Of which: Interest expense": 1541,
        "Cost of sales": "N/A",
        "Enterprise cost management": 12608,
        "Total Operating Expenses": 15103,
        "Total revenue financing activities": 3681,
        "Net profit from business activities": 63253,
        "Profit": -4068,
        "Profit before tax": 59186,
        "Present corporate income tax expenses": 5999,
        "Deferred income taxes expenses": "N/A",
        "The interests of minority shareholders": -7,
        "Total Cost of profits": 5992,
        "Profit after tax corporate income": 53194,
        "Volume": 23196232,
        "Close of Quarter": 26.7,
        "EPS": 7198,
        "Non-adjusted EPS": 7198,
        "PE": 3.7,
        "Book Price": 22.4
      }
    },
    {
      "quarter": "Q3 2015",
      "income status": {
        "Net sales": 127179,
        "Cost of goods sold": 71252,
        "Gross Profit": 55927,
        "Financial expenses": 4601,
        "Of which: Interest expense": 1206,
        "Cost of sales": "N/A",
        "Enterprise cost management": 8454,
        "Total Operating Expenses": 13055,
        "Total revenue financing activities": 2172,
        "Net profit from business activities": 46294,
        "Profit": -117,
        "Profit before tax": 46177,
        "Present corporate income tax expenses": 3659,
        "Deferred income taxes expenses": "N/A",
        "The interests of minority shareholders": "N/A",
        "Total Cost of profits": 3659,
        "Profit after tax corporate income": 42518,
        "Volume": 23196232,
        "Close of Quarter": 23.6,
        "EPS": 7139,
        "Non-adjusted EPS": 7139,
        "PE": 3.3,
        "Book Price": 22.1
      }
    },
    {
      "quarter": "Q2 2015",
      "income status": {
        "Net sales": 70449,
        "Cost of goods sold": 30931,
        "Gross Profit": 39518,
        "Financial expenses": 1892,
        "Of which: Interest expense": 1168,
        "Cost of sales": "N/A",
        "Enterprise cost management": 10212,
        "Total Operating Expenses": 12104,
        "Total revenue financing activities": 2099,
        "Net profit from business activities": 30867,
        "Profit": -3578,
        "Profit before tax": 27289,
        "Present corporate income tax expenses": 493,
        "Deferred income taxes expenses": "N/A",
        "The interests of minority shareholders": "N/A",
        "Total Cost of profits": 493,
        "Profit after tax corporate income": 26796,
        "Volume": 23196232,
        "Close of Quarter": 22.6,
        "EPS": 6456,
        "Non-adjusted EPS": 6456,
        "PE": 3.5,
        "Book Price": 20.3
      }
    },
    {
      "quarter": "Q1 2015",
      "income status": {
        "Net sales": 176385,
        "Cost of goods sold": 121836,
        "Gross Profit": 54548,
        "Financial expenses": 3618,
        "Of which: Interest expense": 1669,
        "Cost of sales": "N/A",
        "Enterprise cost management": 6344,
        "Total Operating Expenses": 9962,
        "Total revenue financing activities": 5268,
        "Net profit from business activities": 49732,
        "Profit": 117,
        "Profit before tax": 49849,
        "Present corporate income tax expenses": 5383,
        "Deferred income taxes expenses": "N/A",
        "The interests of minority shareholders": "N/A",
        "Total Cost of profits": 5383,
        "Profit after tax corporate income": 44467,
        "Volume": 23196232,
        "Close of Quarter": 20.4,
        "EPS": 6301,
        "Non-adjusted EPS": 6301,
        "PE": 3.2,
        "Book Price": 20.5
      }
    },
    {
      "quarter": "Q4 2014",
      "income status": {
        "Net sales": 154451,
        "Cost of goods sold": 97418,
        "Gross Profit": 57033,
        "Financial expenses": 3660,
        "Of which: Interest expense": 1609,
        "Cost of sales": "N/A",
        "Enterprise cost management": 8897,
        "Total Operating Expenses": 12557,
        "Total revenue financing activities": 1804,
        "Net profit from business activities": 45653,
        "Profit": -1612,
        "Profit before tax": 44041,
        "Present corporate income tax expenses": -7772,
        "Deferred income taxes expenses": "N/A",
        "The interests of minority shareholders": "N/A",
        "Total Cost of profits": -7772,
        "Profit after tax corporate income": 51813,
        "Volume": 23196232,
        "Close of Quarter": "N/A",
        "EPS": 5740,
        "Non-adjusted EPS": 5740,
        "PE": "N/A",
        "Book Price": 18.8
      }
    },
    {
      "quarter": "Q3 2014",
      "income status": {
        "Net sales": 116896,
        "Cost of goods sold": 78741,
        "Gross Profit": 38154,
        "Financial expenses": 1789,
        "Of which: Interest expense": 1677,
        "Cost of sales": "N/A",
        "Enterprise cost management": 8691,
        "Total Operating Expenses": 10480,
        "Total revenue financing activities": 1543,
        "Net profit from business activities": 30620,
        "Profit": -251,
        "Profit before tax": 30369,
        "Present corporate income tax expenses": 3691,
        "Deferred income taxes expenses": "N/A",
        "The interests of minority shareholders": "N/A",
        "Total Cost of profits": 3691,
        "Profit after tax corporate income": 26677,
        "Volume": 23196232,
        "Close of Quarter": "N/A",
        "EPS": 4602,
        "Non-adjusted EPS": 4602,
        "PE": "N/A",
        "Book Price": 18.7
      }
    },
    {
      "quarter": "Q2 2014",
      "income status": {
        "Net sales": 98803,
        "Cost of goods sold": 67408,
        "Gross Profit": 31396,
        "Financial expenses": 1718,
        "Of which: Interest expense": 1449,
        "Cost of sales": "N/A",
        "Enterprise cost management": 5292,
        "Total Operating Expenses": 7010,
        "Total revenue financing activities": 2342,
        "Net profit from business activities": 29856,
        "Profit": -16,
        "Profit before tax": 29840,
        "Present corporate income tax expenses": 6649,
        "Deferred income taxes expenses": "N/A",
        "The interests of minority shareholders": "N/A",
        "Total Cost of profits": 6649,
        "Profit after tax corporate income": 23191,
        "Volume": 23196232,
        "Close of Quarter": "N/A",
        "EPS": 4317,
        "Non-adjusted EPS": 4317,
        "PE": "N/A",
        "Book Price": 17.5
      }
    },
    {
      "quarter": "Q1 2014",
      "income status": {
        "Net sales": 60523,
        "Cost of goods sold": 27971,
        "Gross Profit": 32552,
        "Financial expenses": 760,
        "Of which: Interest expense": 474,
        "Cost of sales": "N/A",
        "Enterprise cost management": 4473,
        "Total Operating Expenses": 5233,
        "Total revenue financing activities": 1295,
        "Net profit from business activities": 31516,
        "Profit": -45,
        "Profit before tax": 31470,
        "Present corporate income tax expenses": "N/A",
        "Deferred income taxes expenses": "N/A",
        "The interests of minority shareholders": "N/A",
        "Total Cost of profits": 0,
        "Profit after tax corporate income": 31470,
        "Volume": 23196232,
        "Close of Quarter": "N/A",
        "EPS": 3317,
        "Non-adjusted EPS": 3317,
        "PE": "N/A",
        "Book Price": "N/A"
      }
    },
    {
      "quarter": "Q4 2013",
      "income status": {
        "Net sales": 68548,
        "Cost of goods sold": 36690,
        "Gross Profit": 31858,
        "Financial expenses": 2281,
        "Of which: Interest expense": 1397,
        "Cost of sales": "N/A",
        "Enterprise cost management": 7214,
        "Total Operating Expenses": 9495,
        "Total revenue financing activities": 1833,
        "Net profit from business activities": 26240,
        "Profit": -587,
        "Profit before tax": 25653,
        "Present corporate income tax expenses": 240,
        "Deferred income taxes expenses": "N/A",
        "The interests of minority shareholders": "N/A",
        "Total Cost of profits": 240,
        "Profit after tax corporate income": 25413,
        "Volume": 23196232,
        "Close of Quarter": "N/A",
        "EPS": 1960,
        "Non-adjusted EPS": 1960,
        "PE": "N/A",
        "Book Price": 13.8
      }
    },
    {
      "quarter": "Q3 2013",
      "income status": {
        "Net sales": 52325,
        "Cost of goods sold": 29005,
        "Gross Profit": 23320,
        "Financial expenses": 1298,
        "Of which: Interest expense": 1296,
        "Cost of sales": "N/A",
        "Enterprise cost management": 3593,
        "Total Operating Expenses": 4891,
        "Total revenue financing activities": 1089,
        "Net profit from business activities": 19518,
        "Profit": 150,
        "Profit before tax": 20614,
        "Present corporate income tax expenses": 556,
        "Deferred income taxes expenses": "N/A",
        "The interests of minority shareholders": "N/A",
        "Total Cost of profits": 556,
        "Profit after tax corporate income": 20058,
        "Volume": 23196232,
        "Close of Quarter": "N/A",
        "EPS": 865,
        "Non-adjusted EPS": 865,
        "PE": "N/A",
        "Book Price": "N/A"
      }
    }
  ]
}