{
  "ticker": "TNC",
  "data": [
    {
      "quarter": "Q4 2016",
      "income status": {
        "Net sales": 21668,
        "Cost of goods sold": 20850,
        "Gross Profit": 818,
        "Financial expenses": "N/A",
        "Of which: Interest expense": "N/A",
        "Cost of sales": 10,
        "Enterprise cost management": 1467,
        "Total Operating Expenses": 1477,
        "Total revenue financing activities": 2587,
        "Net profit from business activities": 1928,
        "Profit": -84,
        "Profit before tax": 1844,
        "Present corporate income tax expenses": 362,
        "Deferred income taxes expenses": 32,
        "The interests of minority shareholders": "N/A",
        "Total Cost of profits": 394,
        "Profit after tax corporate income": 1450,
        "Volume": 19250000,
        "Close of Quarter": 9.8,
        "EPS": 1171,
        "Non-adjusted EPS": 1171,
        "PE": 8.4,
        "Book Price": 16
      }
    },
    {
      "quarter": "Q3 2016",
      "income status": {
        "Net sales": 10557,
        "Cost of goods sold": 10829,
        "Gross Profit": -273,
        "Financial expenses": "N/A",
        "Of which: Interest expense": "N/A",
        "Cost of sales": 11,
        "Enterprise cost management": 1123,
        "Total Operating Expenses": 1134,
        "Total revenue financing activities": 1772,
        "Net profit from business activities": 365,
        "Profit": 1726,
        "Profit before tax": 2092,
        "Present corporate income tax expenses": 358,
        "Deferred income taxes expenses": 48,
        "The interests of minority shareholders": "N/A",
        "Total Cost of profits": 406,
        "Profit after tax corporate income": 1686,
        "Volume": 19250000,
        "Close of Quarter": 8.3,
        "EPS": 839,
        "Non-adjusted EPS": 839,
        "PE": 9.9,
        "Book Price": 15.9
      }
    },
    {
      "quarter": "Q2 2016",
      "income status": {
        "Net sales": 11989,
        "Cost of goods sold": 11319,
        "Gross Profit": 669,
        "Financial expenses": "N/A",
        "Of which: Interest expense": "N/A",
        "Cost of sales": 21,
        "Enterprise cost management": 2318,
        "Total Operating Expenses": 2339,
        "Total revenue financing activities": 19812,
        "Net profit from business activities": 18142,
        "Profit": -16,
        "Profit before tax": 18126,
        "Present corporate income tax expenses": -56,
        "Deferred income taxes expenses": 9,
        "The interests of minority shareholders": "N/A",
        "Total Cost of profits": -47,
        "Profit after tax corporate income": 18173,
        "Volume": 19250000,
        "Close of Quarter": 7.8,
        "EPS": 1146,
        "Non-adjusted EPS": 1146,
        "PE": 6.8,
        "Book Price": 15.8
      }
    },
    {
      "quarter": "Q1 2016",
      "income status": {
        "Net sales": 14508,
        "Cost of goods sold": 12952,
        "Gross Profit": 1556,
        "Financial expenses": "N/A",
        "Of which: Interest expense": "N/A",
        "Cost of sales": 13,
        "Enterprise cost management": 1772,
        "Total Operating Expenses": 1785,
        "Total revenue financing activities": 1028,
        "Net profit from business activities": 800,
        "Profit": 784,
        "Profit before tax": 1583,
        "Present corporate income tax expenses": 341,
        "Deferred income taxes expenses": 7,
        "The interests of minority shareholders": "N/A",
        "Total Cost of profits": 348,
        "Profit after tax corporate income": 1235,
        "Volume": 19250000,
        "Close of Quarter": 8.6,
        "EPS": 349,
        "Non-adjusted EPS": 349,
        "PE": 24.6,
        "Book Price": 15.8
      }
    },
    {
      "quarter": "Q4 2015",
      "income status": {
        "Net sales": 18852,
        "Cost of goods sold": 20288,
        "Gross Profit": -1436,
        "Financial expenses": "N/A",
        "Of which: Interest expense": "N/A",
        "Cost of sales": 2,
        "Enterprise cost management": 2782,
        "Total Operating Expenses": 2784,
        "Total revenue financing activities": 2006,
        "Net profit from business activities": -2214,
        "Profit": -1152,
        "Profit before tax": -3365,
        "Present corporate income tax expenses": 2328,
        "Deferred income taxes expenses": -749,
        "The interests of minority shareholders": "N/A",
        "Total Cost of profits": 1579,
        "Profit after tax corporate income": -4945,
        "Volume": 19250000,
        "Close of Quarter": 8.5,
        "EPS": 570,
        "Non-adjusted EPS": 570,
        "PE": 14.9,
        "Book Price": 15.6
      }
    },
    {
      "quarter": "Q3 2015",
      "income status": {
        "Net sales": 24632,
        "Cost of goods sold": 25527,
        "Gross Profit": -895,
        "Financial expenses": "N/A",
        "Of which: Interest expense": "N/A",
        "Cost of sales": 2,
        "Enterprise cost management": 1327,
        "Total Operating Expenses": 1329,
        "Total revenue financing activities": 1616,
        "Net profit from business activities": -607,
        "Profit": 9362,
        "Profit before tax": 8754,
        "Present corporate income tax expenses": 1159,
        "Deferred income taxes expenses": "N/A",
        "The interests of minority shareholders": "N/A",
        "Total Cost of profits": 1159,
        "Profit after tax corporate income": 7595,
        "Volume": 19250000,
        "Close of Quarter": 8.5,
        "EPS": 1113,
        "Non-adjusted EPS": 1113,
        "PE": 7.6,
        "Book Price": 15.9
      }
    },
    {
      "quarter": "Q2 2015",
      "income status": {
        "Net sales": 24666,
        "Cost of goods sold": 24231,
        "Gross Profit": 436,
        "Financial expenses": "N/A",
        "Of which: Interest expense": "N/A",
        "Cost of sales": 29,
        "Enterprise cost management": 3574,
        "Total Operating Expenses": 3603,
        "Total revenue financing activities": 1685,
        "Net profit from business activities": -1482,
        "Profit": 4597,
        "Profit before tax": 3115,
        "Present corporate income tax expenses": 287,
        "Deferred income taxes expenses": "N/A",
        "The interests of minority shareholders": "N/A",
        "Total Cost of profits": 287,
        "Profit after tax corporate income": 2828,
        "Volume": 19250000,
        "Close of Quarter": 9.3,
        "EPS": 757,
        "Non-adjusted EPS": 757,
        "PE": 12.3,
        "Book Price": 15.5
      }
    },
    {
      "quarter": "Q1 2015",
      "income status": {
        "Net sales": 15251,
        "Cost of goods sold": 14859,
        "Gross Profit": 392,
        "Financial expenses": "N/A",
        "Of which: Interest expense": "N/A",
        "Cost of sales": 11,
        "Enterprise cost management": 1432,
        "Total Operating Expenses": 1443,
        "Total revenue financing activities": 717,
        "Net profit from business activities": -334,
        "Profit": 7439,
        "Profit before tax": 7105,
        "Present corporate income tax expenses": 1608,
        "Deferred income taxes expenses": "N/A",
        "The interests of minority shareholders": "N/A",
        "Total Cost of profits": 1608,
        "Profit after tax corporate income": 5497,
        "Volume": 19250000,
        "Close of Quarter": 9.6,
        "EPS": 1193,
        "Non-adjusted EPS": 1193,
        "PE": 8.1,
        "Book Price": 16
      }
    },
    {
      "quarter": "Q4 2014",
      "income status": {
        "Net sales": 15244,
        "Cost of goods sold": 16544,
        "Gross Profit": -1299,
        "Financial expenses": "N/A",
        "Of which: Interest expense": "N/A",
        "Cost of sales": 11,
        "Enterprise cost management": 2279,
        "Total Operating Expenses": 2290,
        "Total revenue financing activities": 1702,
        "Net profit from business activities": -1887,
        "Profit": 8998,
        "Profit before tax": 7111,
        "Present corporate income tax expenses": 1607,
        "Deferred income taxes expenses": "N/A",
        "The interests of minority shareholders": "N/A",
        "Total Cost of profits": 1607,
        "Profit after tax corporate income": 5504,
        "Volume": 19250000,
        "Close of Quarter": 10.0,
        "EPS": 909,
        "Non-adjusted EPS": 909,
        "PE": 11.0,
        "Book Price": 15.7
      }
    },
    {
      "quarter": "Q3 2014",
      "income status": {
        "Net sales": 17764,
        "Cost of goods sold": 17389,
        "Gross Profit": 375,
        "Financial expenses": "N/A",
        "Of which: Interest expense": "N/A",
        "Cost of sales": 16,
        "Enterprise cost management": 1011,
        "Total Operating Expenses": 1027,
        "Total revenue financing activities": 1068,
        "Net profit from business activities": 417,
        "Profit": 527,
        "Profit before tax": 943,
        "Present corporate income tax expenses": 208,
        "Deferred income taxes expenses": "N/A",
        "The interests of minority shareholders": "N/A",
        "Total Cost of profits": 208,
        "Profit after tax corporate income": 735,
        "Volume": 19250000,
        "Close of Quarter": 10.0,
        "EPS": 765,
        "Non-adjusted EPS": 765,
        "PE": 13.1,
        "Book Price": 15.4
      }
    },
    {
      "quarter": "Q2 2014",
      "income status": {
        "Net sales": 25255,
        "Cost of goods sold": 25331,
        "Gross Profit": -75,
        "Financial expenses": "N/A",
        "Of which: Interest expense": "N/A",
        "Cost of sales": 74,
        "Enterprise cost management": 2818,
        "Total Operating Expenses": 2892,
        "Total revenue financing activities": 7636,
        "Net profit from business activities": 4668,
        "Profit": 8467,
        "Profit before tax": 13135,
        "Present corporate income tax expenses": 1913,
        "Deferred income taxes expenses": "N/A",
        "The interests of minority shareholders": "N/A",
        "Total Cost of profits": 1913,
        "Profit after tax corporate income": 11222,
        "Volume": 19250000,
        "Close of Quarter": 9.1,
        "EPS": 1049,
        "Non-adjusted EPS": 1049,
        "PE": 8.7,
        "Book Price": 15.3
      }
    },
    {
      "quarter": "Q1 2014",
      "income status": {
        "Net sales": 5609,
        "Cost of goods sold": 4965,
        "Gross Profit": 644,
        "Financial expenses": "N/A",
        "Of which: Interest expense": "N/A",
        "Cost of sales": 20,
        "Enterprise cost management": 1755,
        "Total Operating Expenses": 1775,
        "Total revenue financing activities": 1074,
        "Net profit from business activities": -56,
        "Profit": 109,
        "Profit before tax": 53,
        "Present corporate income tax expenses": 12,
        "Deferred income taxes expenses": "N/A",
        "The interests of minority shareholders": "N/A",
        "Total Cost of profits": 12,
        "Profit after tax corporate income": 41,
        "Volume": 19250000,
        "Close of Quarter": 11.4,
        "EPS": 1375,
        "Non-adjusted EPS": 1375,
        "PE": 8.3,
        "Book Price": 16.4
      }
    },
    {
      "quarter": "Q4 2013",
      "income status": {
        "Net sales": 46045,
        "Cost of goods sold": 42549,
        "Gross Profit": 3496,
        "Financial expenses": "N/A",
        "Of which: Interest expense": "N/A",
        "Cost of sales": 113,
        "Enterprise cost management": 1744,
        "Total Operating Expenses": 1857,
        "Total revenue financing activities": 2099,
        "Net profit from business activities": 3738,
        "Profit": -157,
        "Profit before tax": 3581,
        "Present corporate income tax expenses": 348,
        "Deferred income taxes expenses": 500,
        "The interests of minority shareholders": "N/A",
        "Total Cost of profits": 848,
        "Profit after tax corporate income": 2733,
        "Volume": 19250000,
        "Close of Quarter": 10.5,
        "EPS": 1777,
        "Non-adjusted EPS": 1777,
        "PE": 5.9,
        "Book Price": 16.4
      }
    },
    {
      "quarter": "Q3 2013",
      "income status": {
        "Net sales": 22530,
        "Cost of goods sold": 19597,
        "Gross Profit": 2933,
        "Financial expenses": "N/A",
        "Of which: Interest expense": "N/A",
        "Cost of sales": 50,
        "Enterprise cost management": 1894,
        "Total Operating Expenses": 1944,
        "Total revenue financing activities": 5895,
        "Net profit from business activities": 6885,
        "Profit": 94,
        "Profit before tax": 6978,
        "Present corporate income tax expenses": 784,
        "Deferred income taxes expenses": "N/A",
        "The interests of minority shareholders": "N/A",
        "Total Cost of profits": 784,
        "Profit after tax corporate income": 6194,
        "Volume": 19250000,
        "Close of Quarter": 10.2,
        "EPS": 2011,
        "Non-adjusted EPS": 2011,
        "PE": 5.1,
        "Book Price": 16.2
      }
    },
    {
      "quarter": "Q2 2013",
      "income status": {
        "Net sales": 51783,
        "Cost of goods sold": 45482,
        "Gross Profit": 6301,
        "Financial expenses": "N/A",
        "Of which: Interest expense": "N/A",
        "Cost of sales": 49,
        "Enterprise cost management": 1413,
        "Total Operating Expenses": 1462,
        "Total revenue financing activities": 3851,
        "Net profit from business activities": 8691,
        "Profit": 11683,
        "Profit before tax": 20374,
        "Present corporate income tax expenses": 2875,
        "Deferred income taxes expenses": "N/A",
        "The interests of minority shareholders": "N/A",
        "Total Cost of profits": 2875,
        "Profit after tax corporate income": 17499,
        "Volume": 19250000,
        "Close of Quarter": 10.8,
        "EPS": 2126,
        "Non-adjusted EPS": 2126,
        "PE": 5.1,
        "Book Price": 15.9
      }
    },
    {
      "quarter": "Q1 2013",
      "income status": {
        "Net sales": 21689,
        "Cost of goods sold": 18197,
        "Gross Profit": 3492,
        "Financial expenses": "N/A",
        "Of which: Interest expense": "N/A",
        "Cost of sales": 30,
        "Enterprise cost management": 1598,
        "Total Operating Expenses": 1628,
        "Total revenue financing activities": 3574,
        "Net profit from business activities": 5438,
        "Profit": 4054,
        "Profit before tax": 9492,
        "Present corporate income tax expenses": 1708,
        "Deferred income taxes expenses": "N/A",
        "The interests of minority shareholders": "N/A",
        "Total Cost of profits": 1708,
        "Profit after tax corporate income": 7784,
        "Volume": 19250000,
        "Close of Quarter": 11.9,
        "EPS": 2459,
        "Non-adjusted EPS": 2459,
        "PE": 4.8,
        "Book Price": 17.5
      }
    },
    {
      "quarter": "Q4 2012",
      "income status": {
        "Net sales": 26885,
        "Cost of goods sold": 23935,
        "Gross Profit": 2950,
        "Financial expenses": 172,
        "Of which: Interest expense": "N/A",
        "Cost of sales": 116,
        "Enterprise cost management": 3037,
        "Total Operating Expenses": 3325,
        "Total revenue financing activities": 7081,
        "Net profit from business activities": 6705,
        "Profit": 1214,
        "Profit before tax": 7918,
        "Present corporate income tax expenses": 1193,
        "Deferred income taxes expenses": -500,
        "The interests of minority shareholders": "N/A",
        "Total Cost of profits": 693,
        "Profit after tax corporate income": 7226,
        "Volume": 19250000,
        "Close of Quarter": 10.4,
        "EPS": 3661,
        "Non-adjusted EPS": 3661,
        "PE": 2.8,
        "Book Price": 17.1
      }
    },
    {
      "quarter": "Q3 2012",
      "income status": {
        "Net sales": 45157,
        "Cost of goods sold": 39635,
        "Gross Profit": 5522,
        "Financial expenses": 448,
        "Of which: Interest expense": "N/A",
        "Cost of sales": 39,
        "Enterprise cost management": 2019,
        "Total Operating Expenses": 2506,
        "Total revenue financing activities": 3640,
        "Net profit from business activities": 6657,
        "Profit": 928,
        "Profit before tax": 7585,
        "Present corporate income tax expenses": -824,
        "Deferred income taxes expenses": "N/A",
        "The interests of minority shareholders": "N/A",
        "Total Cost of profits": -824,
        "Profit after tax corporate income": 8409,
        "Volume": 19250000,
        "Close of Quarter": 10.2,
        "EPS": 3538,
        "Non-adjusted EPS": 3538,
        "PE": 2.9,
        "Book Price": 16.8
      }
    },
    {
      "quarter": "Q2 2012",
      "income status": {
        "Net sales": 57851,
        "Cost of goods sold": 36167,
        "Gross Profit": 21684,
        "Financial expenses": "N/A",
        "Of which: Interest expense": "N/A",
        "Cost of sales": 65,
        "Enterprise cost management": 3539,
        "Total Operating Expenses": 3604,
        "Total revenue financing activities": 5089,
        "Net profit from business activities": 23169,
        "Profit": 4770,
        "Profit before tax": 27939,
        "Present corporate income tax expenses": 4027,
        "Deferred income taxes expenses": "N/A",
        "The interests of minority shareholders": "N/A",
        "Total Cost of profits": 4027,
        "Profit after tax corporate income": 23912,
        "Volume": 19250000,
        "Close of Quarter": 10.9,
        "EPS": 3775,
        "Non-adjusted EPS": 3775,
        "PE": 2.9,
        "Book Price": 16.3
      }
    },
    {
      "quarter": "Q1 2012",
      "income status": {
        "Net sales": 61196,
        "Cost of goods sold": 36310,
        "Gross Profit": 24886,
        "Financial expenses": "N/A",
        "Of which: Interest expense": "N/A",
        "Cost of sales": 29,
        "Enterprise cost management": 3470,
        "Total Operating Expenses": 3499,
        "Total revenue financing activities": 3933,
        "Net profit from business activities": 25320,
        "Profit": 10665,
        "Profit before tax": 35986,
        "Present corporate income tax expenses": 5052,
        "Deferred income taxes expenses": "N/A",
        "The interests of minority shareholders": "N/A",
        "Total Cost of profits": 5052,
        "Profit after tax corporate income": 30934,
        "Volume": 19250000,
        "Close of Quarter": 8.5,
        "EPS": 2975,
        "Non-adjusted EPS": 2975,
        "PE": 2.9,
        "Book Price": 15.1
      }
    },
    {
      "quarter": "Q4 2011",
      "income status": {
        "Net sales": 17089,
        "Cost of goods sold": 13904,
        "Gross Profit": 3185,
        "Financial expenses": 2687,
        "Of which: Interest expense": "N/A",
        "Cost of sales": 24,
        "Enterprise cost management": 4911,
        "Total Operating Expenses": 7622,
        "Total revenue financing activities": 7921,
        "Net profit from business activities": 3484,
        "Profit": 54,
        "Profit before tax": 82463,
        "Present corporate income tax expenses": -1304,
        "Deferred income taxes expenses": "N/A",
        "The interests of minority shareholders": "N/A",
        "Total Cost of profits": -1304,
        "Profit after tax corporate income": 4842,
        "Volume": 19250000,
        "Close of Quarter": 7.1,
        "EPS": 3737,
        "Non-adjusted EPS": 3737,
        "PE": 1.9,
        "Book Price": 16
      }
    },
    {
      "quarter": "Q3 2011",
      "income status": {
        "Net sales": 36879,
        "Cost of goods sold": 21997,
        "Gross Profit": 14882,
        "Financial expenses": "N/A",
        "Of which: Interest expense": "N/A",
        "Cost of sales": 36,
        "Enterprise cost management": 2582,
        "Total Operating Expenses": 2618,
        "Total revenue financing activities": 2848,
        "Net profit from business activities": 15112,
        "Profit": 263,
        "Profit before tax": 15375,
        "Present corporate income tax expenses": 2389,
        "Deferred income taxes expenses": "N/A",
        "The interests of minority shareholders": "N/A",
        "Total Cost of profits": 2389,
        "Profit after tax corporate income": 12987,
        "Volume": 19250000,
        "Close of Quarter": 9.0,
        "EPS": 4575,
        "Non-adjusted EPS": 4575,
        "PE": 2.0,
        "Book Price": 15.8
      }
    },
    {
      "quarter": "Q2 2011",
      "income status": {
        "Net sales": 9026,
        "Cost of goods sold": 8480,
        "Gross Profit": 546,
        "Financial expenses": "N/A",
        "Of which: Interest expense": "N/A",
        "Cost of sales": 36,
        "Enterprise cost management": 2543,
        "Total Operating Expenses": 2579,
        "Total revenue financing activities": 4338,
        "Net profit from business activities": 2304,
        "Profit": 8243,
        "Profit before tax": 10547,
        "Present corporate income tax expenses": 2033,
        "Deferred income taxes expenses": "N/A",
        "The interests of minority shareholders": "N/A",
        "Total Cost of profits": 2033,
        "Profit after tax corporate income": 8514,
        "Volume": 19250000,
        "Close of Quarter": 8.6,
        "EPS": 4497,
        "Non-adjusted EPS": 4497,
        "PE": 1.9,
        "Book Price": 15.1
      }
    },
    {
      "quarter": "Q1 2011",
      "income status": {
        "Net sales": 81732,
        "Cost of goods sold": 29846,
        "Gross Profit": 51886,
        "Financial expenses": "N/A",
        "Of which: Interest expense": "N/A",
        "Cost of sales": 96,
        "Enterprise cost management": 2442,
        "Total Operating Expenses": 2538,
        "Total revenue financing activities": 3228,
        "Net profit from business activities": 52576,
        "Profit": 263,
        "Profit before tax": 52839,
        "Present corporate income tax expenses": 7239,
        "Deferred income taxes expenses": "N/A",
        "The interests of minority shareholders": "N/A",
        "Total Cost of profits": 7239,
        "Profit after tax corporate income": 45600,
        "Volume": 19250000,
        "Close of Quarter": 8.0,
        "EPS": 4411,
        "Non-adjusted EPS": 4411,
        "PE": 1.8,
        "Book Price": 14.7
      }
    }
  ]
}