{
  "ticker": "THB",
  "data": [
    {
      "quarter": "Q4 2016",
      "income status": {
        "Net sales": 128315,
        "Cost of goods sold": 105069,
        "Gross Profit": 23246,
        "Financial expenses": 38,
        "Of which: Interest expense": 38,
        "Cost of sales": 9778,
        "Enterprise cost management": 13391,
        "Total Operating Expenses": 23207,
        "Total revenue financing activities": 1119,
        "Net profit from business activities": 1158,
        "Profit": 246,
        "Profit before tax": 1404,
        "Present corporate income tax expenses": 648,
        "Deferred income taxes expenses": "N/A",
        "The interests of minority shareholders": "N/A",
        "Total Cost of profits": 648,
        "Profit after tax corporate income": 756,
        "Volume": 11424570,
        "Close of Quarter": 17.6,
        "EPS": 1010,
        "Non-adjusted EPS": 1010,
        "PE": 17.4,
        "Book Price": 19.2
      }
    },
    {
      "quarter": "Q3 2016",
      "income status": {
        "Net sales": 200739,
        "Cost of goods sold": 158982,
        "Gross Profit": 41758,
        "Financial expenses": "N/A",
        "Of which: Interest expense": "N/A",
        "Cost of sales": 23012,
        "Enterprise cost management": 12904,
        "Total Operating Expenses": 35916,
        "Total revenue financing activities": 1284,
        "Net profit from business activities": 7125,
        "Profit": -186,
        "Profit before tax": 6939,
        "Present corporate income tax expenses": 1396,
        "Deferred income taxes expenses": "N/A",
        "The interests of minority shareholders": "N/A",
        "Total Cost of profits": 1396,
        "Profit after tax corporate income": 5543,
        "Volume": 11424570,
        "Close of Quarter": 16.9,
        "EPS": 978,
        "Non-adjusted EPS": 978,
        "PE": 17.3,
        "Book Price": 19.2
      }
    },
    {
      "quarter": "Q2 2016",
      "income status": {
        "Net sales": 201696,
        "Cost of goods sold": 159443,
        "Gross Profit": 42253,
        "Financial expenses": "N/A",
        "Of which: Interest expense": "N/A",
        "Cost of sales": 17395,
        "Enterprise cost management": 13039,
        "Total Operating Expenses": 30434,
        "Total revenue financing activities": 1272,
        "Net profit from business activities": 13091,
        "Profit": 610,
        "Profit before tax": 13700,
        "Present corporate income tax expenses": 1302,
        "Deferred income taxes expenses": "N/A",
        "The interests of minority shareholders": "N/A",
        "Total Cost of profits": 1302,
        "Profit after tax corporate income": 12399,
        "Volume": 11424570,
        "Close of Quarter": 18.0,
        "EPS": 1440,
        "Non-adjusted EPS": 1440,
        "PE": 12.5,
        "Book Price": 18.7
      }
    },
    {
      "quarter": "Q1 2016",
      "income status": {
        "Net sales": 51394,
        "Cost of goods sold": 46790,
        "Gross Profit": 4604,
        "Financial expenses": 27,
        "Of which: Interest expense": 27,
        "Cost of sales": 6224,
        "Enterprise cost management": 6058,
        "Total Operating Expenses": 12309,
        "Total revenue financing activities": 552,
        "Net profit from business activities": -7154,
        "Profit": -1,
        "Profit before tax": -7154,
        "Present corporate income tax expenses": "N/A",
        "Deferred income taxes expenses": "N/A",
        "The interests of minority shareholders": "N/A",
        "Total Cost of profits": 0,
        "Profit after tax corporate income": -7154,
        "Volume": 11424570,
        "Close of Quarter": 20.9,
        "EPS": 1582,
        "Non-adjusted EPS": 1582,
        "PE": 13.2,
        "Book Price": 17.6
      }
    },
    {
      "quarter": "Q4 2015",
      "income status": {
        "Net sales": 122157,
        "Cost of goods sold": 92606,
        "Gross Profit": 29550,
        "Financial expenses": "N/A",
        "Of which: Interest expense": "N/A",
        "Cost of sales": 20974,
        "Enterprise cost management": 10102,
        "Total Operating Expenses": 31076,
        "Total revenue financing activities": 1514,
        "Net profit from business activities": -11,
        "Profit": 836,
        "Profit before tax": 825,
        "Present corporate income tax expenses": 436,
        "Deferred income taxes expenses": "N/A",
        "The interests of minority shareholders": "N/A",
        "Total Cost of profits": 436,
        "Profit after tax corporate income": 389,
        "Volume": 11424570,
        "Close of Quarter": 26.2,
        "EPS": 2282,
        "Non-adjusted EPS": 2282,
        "PE": 11.5,
        "Book Price": 21
      }
    },
    {
      "quarter": "Q3 2015",
      "income status": {
        "Net sales": 180827,
        "Cost of goods sold": 138171,
        "Gross Profit": 42656,
        "Financial expenses": "N/A",
        "Of which: Interest expense": "N/A",
        "Cost of sales": 22175,
        "Enterprise cost management": 8810,
        "Total Operating Expenses": 30985,
        "Total revenue financing activities": 1194,
        "Net profit from business activities": 12865,
        "Profit": 1035,
        "Profit before tax": 13900,
        "Present corporate income tax expenses": 3088,
        "Deferred income taxes expenses": "N/A",
        "The interests of minority shareholders": "N/A",
        "Total Cost of profits": 3088,
        "Profit after tax corporate income": 10812,
        "Volume": 11424570,
        "Close of Quarter": 21.9,
        "EPS": 2585,
        "Non-adjusted EPS": 2585,
        "PE": 8.5,
        "Book Price": 21
      }
    },
    {
      "quarter": "Q2 2015",
      "income status": {
        "Net sales": 191986,
        "Cost of goods sold": 140884,
        "Gross Profit": 51102,
        "Financial expenses": 40,
        "Of which: Interest expense": 40,
        "Cost of sales": 22586,
        "Enterprise cost management": 11796,
        "Total Operating Expenses": 34422,
        "Total revenue financing activities": 1480,
        "Net profit from business activities": 18160,
        "Profit": -54,
        "Profit before tax": 18106,
        "Present corporate income tax expenses": 4074,
        "Deferred income taxes expenses": "N/A",
        "The interests of minority shareholders": "N/A",
        "Total Cost of profits": 4074,
        "Profit after tax corporate income": 14032,
        "Volume": 11424570,
        "Close of Quarter": 21.8,
        "EPS": 2759,
        "Non-adjusted EPS": 2759,
        "PE": 7.9,
        "Book Price": 20.1
      }
    },
    {
      "quarter": "Q1 2015",
      "income status": {
        "Net sales": 81267,
        "Cost of goods sold": 67968,
        "Gross Profit": 13298,
        "Financial expenses": 39,
        "Of which: Interest expense": 39,
        "Cost of sales": 7831,
        "Enterprise cost management": 5410,
        "Total Operating Expenses": 13280,
        "Total revenue financing activities": 1072,
        "Net profit from business activities": 1091,
        "Profit": -18,
        "Profit before tax": 1073,
        "Present corporate income tax expenses": 236,
        "Deferred income taxes expenses": "N/A",
        "The interests of minority shareholders": "N/A",
        "Total Cost of profits": 236,
        "Profit after tax corporate income": 837,
        "Volume": 11424570,
        "Close of Quarter": 29.4,
        "EPS": 2606,
        "Non-adjusted EPS": 2606,
        "PE": 11.3,
        "Book Price": 18.9
      }
    },
    {
      "quarter": "Q4 2014",
      "income status": {
        "Net sales": 103660,
        "Cost of goods sold": 83668,
        "Gross Profit": 19992,
        "Financial expenses": "N/A",
        "Of which: Interest expense": "N/A",
        "Cost of sales": 8956,
        "Enterprise cost management": 8771,
        "Total Operating Expenses": 17727,
        "Total revenue financing activities": 2338,
        "Net profit from business activities": 4603,
        "Profit": 561,
        "Profit before tax": 5164,
        "Present corporate income tax expenses": 1318,
        "Deferred income taxes expenses": "N/A",
        "The interests of minority shareholders": "N/A",
        "Total Cost of profits": 1318,
        "Profit after tax corporate income": 3846,
        "Volume": 11424570,
        "Close of Quarter": 25.8,
        "EPS": 3199,
        "Non-adjusted EPS": 3199,
        "PE": 8.1,
        "Book Price": 20.9
      }
    },
    {
      "quarter": "Q3 2014",
      "income status": {
        "Net sales": 146157,
        "Cost of goods sold": 105907,
        "Gross Profit": 40250,
        "Financial expenses": "N/A",
        "Of which: Interest expense": "N/A",
        "Cost of sales": 15984,
        "Enterprise cost management": 8353,
        "Total Operating Expenses": 24337,
        "Total revenue financing activities": 1426,
        "Net profit from business activities": 17338,
        "Profit": -742,
        "Profit before tax": 16596,
        "Present corporate income tax expenses": 3790,
        "Deferred income taxes expenses": "N/A",
        "The interests of minority shareholders": "N/A",
        "Total Cost of profits": 3790,
        "Profit after tax corporate income": 12806,
        "Volume": 11424570,
        "Close of Quarter": 20.9,
        "EPS": 3588,
        "Non-adjusted EPS": 3588,
        "PE": 5.8,
        "Book Price": 20.6
      }
    },
    {
      "quarter": "Q2 2014",
      "income status": {
        "Net sales": 157833,
        "Cost of goods sold": 107027,
        "Gross Profit": 50806,
        "Financial expenses": "N/A",
        "Of which: Interest expense": "N/A",
        "Cost of sales": 22398,
        "Enterprise cost management": 9873,
        "Total Operating Expenses": 32271,
        "Total revenue financing activities": 1484,
        "Net profit from business activities": 20019,
        "Profit": -3386,
        "Profit before tax": 16633,
        "Present corporate income tax expenses": 4348,
        "Deferred income taxes expenses": "N/A",
        "The interests of minority shareholders": "N/A",
        "Total Cost of profits": 4348,
        "Profit after tax corporate income": 12285,
        "Volume": 11424570,
        "Close of Quarter": 16.9,
        "EPS": 3244,
        "Non-adjusted EPS": 3244,
        "PE": 5.2,
        "Book Price": 19.4
      }
    },
    {
      "quarter": "Q1 2014",
      "income status": {
        "Net sales": 61299,
        "Cost of goods sold": 51104,
        "Gross Profit": 10195,
        "Financial expenses": "N/A",
        "Of which: Interest expense": "N/A",
        "Cost of sales": 5237,
        "Enterprise cost management": 4048,
        "Total Operating Expenses": 9285,
        "Total revenue financing activities": 846,
        "Net profit from business activities": 1756,
        "Profit": 6326,
        "Profit before tax": 8082,
        "Present corporate income tax expenses": 473,
        "Deferred income taxes expenses": "N/A",
        "The interests of minority shareholders": "N/A",
        "Total Cost of profits": 473,
        "Profit after tax corporate income": 7609,
        "Volume": 11424570,
        "Close of Quarter": 18.1,
        "EPS": 3208,
        "Non-adjusted EPS": 3208,
        "PE": 5.7,
        "Book Price": 18
      }
    },
    {
      "quarter": "Q4 2013",
      "income status": {
        "Net sales": 97157,
        "Cost of goods sold": 65783,
        "Gross Profit": 31374,
        "Financial expenses": "N/A",
        "Of which: Interest expense": "N/A",
        "Cost of sales": 12934,
        "Enterprise cost management": 12070,
        "Total Operating Expenses": 25004,
        "Total revenue financing activities": 1845,
        "Net profit from business activities": 8214,
        "Profit": 2795,
        "Profit before tax": 11009,
        "Present corporate income tax expenses": 2719,
        "Deferred income taxes expenses": "N/A",
        "The interests of minority shareholders": "N/A",
        "Total Cost of profits": 2719,
        "Profit after tax corporate income": 8289,
        "Volume": 11424570,
        "Close of Quarter": 13.9,
        "EPS": 2696,
        "Non-adjusted EPS": 2696,
        "PE": 5.1,
        "Book Price": 19.3
      }
    },
    {
      "quarter": "Q3 2013",
      "income status": {
        "Net sales": 116820,
        "Cost of goods sold": 95481,
        "Gross Profit": 21339,
        "Financial expenses": "N/A",
        "Of which: Interest expense": "N/A",
        "Cost of sales": 4839,
        "Enterprise cost management": 5512,
        "Total Operating Expenses": 10351,
        "Total revenue financing activities": 854,
        "Net profit from business activities": 11841,
        "Profit": "N/A",
        "Profit before tax": 11841,
        "Present corporate income tax expenses": 2960,
        "Deferred income taxes expenses": "N/A",
        "The interests of minority shareholders": "N/A",
        "Total Cost of profits": 2960,
        "Profit after tax corporate income": 8881,
        "Volume": 11424570,
        "Close of Quarter": 11.0,
        "EPS": 2637,
        "Non-adjusted EPS": 2637,
        "PE": 4.2,
        "Book Price": 18.7
      }
    },
    {
      "quarter": "Q2 2013",
      "income status": {
        "Net sales": 128814,
        "Cost of goods sold": 97023,
        "Gross Profit": 31791,
        "Financial expenses": 84,
        "Of which: Interest expense": 281,
        "Cost of sales": 10806,
        "Enterprise cost management": 6178,
        "Total Operating Expenses": 17068,
        "Total revenue financing activities": 1031,
        "Net profit from business activities": 15752,
        "Profit": 57,
        "Profit before tax": 15810,
        "Present corporate income tax expenses": 3944,
        "Deferred income taxes expenses": "N/A",
        "The interests of minority shareholders": "N/A",
        "Total Cost of profits": 3944,
        "Profit after tax corporate income": 11866,
        "Volume": 11424570,
        "Close of Quarter": 10.7,
        "EPS": 2573,
        "Non-adjusted EPS": 2573,
        "PE": 4.2,
        "Book Price": 17.8
      }
    },
    {
      "quarter": "Q1 2013",
      "income status": {
        "Net sales": 59565,
        "Cost of goods sold": 51914,
        "Gross Profit": 7651,
        "Financial expenses": 197,
        "Of which: Interest expense": "N/A",
        "Cost of sales": 2852,
        "Enterprise cost management": 2887,
        "Total Operating Expenses": 5936,
        "Total revenue financing activities": 535,
        "Net profit from business activities": 2250,
        "Profit": 70,
        "Profit before tax": 2320,
        "Present corporate income tax expenses": 559,
        "Deferred income taxes expenses": "N/A",
        "The interests of minority shareholders": "N/A",
        "Total Cost of profits": 559,
        "Profit after tax corporate income": 1762,
        "Volume": 11424570,
        "Close of Quarter": 9.3,
        "EPS": 2573,
        "Non-adjusted EPS": 2573,
        "PE": 3.6,
        "Book Price": 16.8
      }
    },
    {
      "quarter": "Q4 2012",
      "income status": {
        "Net sales": 77205,
        "Cost of goods sold": 59599,
        "Gross Profit": 17606,
        "Financial expenses": 179,
        "Of which: Interest expense": "N/A",
        "Cost of sales": 5588,
        "Enterprise cost management": 3897,
        "Total Operating Expenses": 9664,
        "Total revenue financing activities": 1497,
        "Net profit from business activities": 9439,
        "Profit": "N/A",
        "Profit before tax": 10082,
        "Present corporate income tax expenses": 2469,
        "Deferred income taxes expenses": "N/A",
        "The interests of minority shareholders": "N/A",
        "Total Cost of profits": 2469,
        "Profit after tax corporate income": 7612,
        "Volume": 11424570,
        "Close of Quarter": 9.0,
        "EPS": 2577,
        "Non-adjusted EPS": 2577,
        "PE": 3.5,
        "Book Price": 18.5
      }
    },
    {
      "quarter": "Q3 2012",
      "income status": {
        "Net sales": 125981,
        "Cost of goods sold": 96969,
        "Gross Profit": 29012,
        "Financial expenses": 257,
        "Of which: Interest expense": "N/A",
        "Cost of sales": 10856,
        "Enterprise cost management": 7397,
        "Total Operating Expenses": 18510,
        "Total revenue financing activities": 371,
        "Net profit from business activities": 10873,
        "Profit": "N/A",
        "Profit before tax": 10873,
        "Present corporate income tax expenses": 2718,
        "Deferred income taxes expenses": "N/A",
        "The interests of minority shareholders": "N/A",
        "Total Cost of profits": 2718,
        "Profit after tax corporate income": 8155,
        "Volume": 11424570,
        "Close of Quarter": 7.5,
        "EPS": 4486,
        "Non-adjusted EPS": 4486,
        "PE": 1.7,
        "Book Price": 17.6
      }
    },
    {
      "quarter": "Q2 2012",
      "income status": {
        "Net sales": 123424,
        "Cost of goods sold": 99004,
        "Gross Profit": 24421,
        "Financial expenses": 297,
        "Of which: Interest expense": 1003,
        "Cost of sales": 7276,
        "Enterprise cost management": 1767,
        "Total Operating Expenses": 9340,
        "Total revenue financing activities": 241,
        "Net profit from business activities": 15321,
        "Profit": 27,
        "Profit before tax": 15199,
        "Present corporate income tax expenses": 3331,
        "Deferred income taxes expenses": "N/A",
        "The interests of minority shareholders": "N/A",
        "Total Cost of profits": 3331,
        "Profit after tax corporate income": 11868,
        "Volume": 11424570,
        "Close of Quarter": 7.9,
        "EPS": 4540,
        "Non-adjusted EPS": 4540,
        "PE": 1.8,
        "Book Price": 16.9
      }
    },
    {
      "quarter": "Q1 2012",
      "income status": {
        "Net sales": 34506,
        "Cost of goods sold": 28106,
        "Gross Profit": 6400,
        "Financial expenses": 706,
        "Of which: Interest expense": "N/A",
        "Cost of sales": 1665,
        "Enterprise cost management": 1847,
        "Total Operating Expenses": 4218,
        "Total revenue financing activities": 26,
        "Net profit from business activities": 2209,
        "Profit": 4,
        "Profit before tax": 2362,
        "Present corporate income tax expenses": 553,
        "Deferred income taxes expenses": "N/A",
        "The interests of minority shareholders": "N/A",
        "Total Cost of profits": 553,
        "Profit after tax corporate income": 1808,
        "Volume": 11424570,
        "Close of Quarter": 7.3,
        "EPS": 4450,
        "Non-adjusted EPS": 4450,
        "PE": 1.6,
        "Book Price": 15.9
      }
    },
    {
      "quarter": "Q4 2011",
      "income status": {
        "Net sales": 359506,
        "Cost of goods sold": 278893,
        "Gross Profit": 80613,
        "Financial expenses": 7562,
        "Of which: Interest expense": 6858,
        "Cost of sales": 21504,
        "Enterprise cost management": 16268,
        "Total Operating Expenses": 45334,
        "Total revenue financing activities": 1462,
        "Net profit from business activities": 36741,
        "Profit": 314,
        "Profit before tax": 37055,
        "Present corporate income tax expenses": "N/A",
        "Deferred income taxes expenses": 7633,
        "The interests of minority shareholders": "N/A",
        "Total Cost of profits": 7633,
        "Profit after tax corporate income": 29422,
        "Volume": 11424570,
        "Close of Quarter": 6.2,
        "EPS": 4523,
        "Non-adjusted EPS": 4523,
        "PE": 1.4,
        "Book Price": 17.6
      }
    },
    {
      "quarter": "Q3 2011",
      "income status": {
        "Net sales": 124609,
        "Cost of goods sold": 104933,
        "Gross Profit": 19676,
        "Financial expenses": 866,
        "Of which: Interest expense": "N/A",
        "Cost of sales": 3386,
        "Enterprise cost management": 5563,
        "Total Operating Expenses": 9815,
        "Total revenue financing activities": 413,
        "Net profit from business activities": 10275,
        "Profit": "N/A",
        "Profit before tax": 10275,
        "Present corporate income tax expenses": 1508,
        "Deferred income taxes expenses": "N/A",
        "The interests of minority shareholders": "N/A",
        "Total Cost of profits": 1508,
        "Profit after tax corporate income": 8767,
        "Volume": 11424570,
        "Close of Quarter": 6.6,
        "EPS": 2784,
        "Non-adjusted EPS": 2784,
        "PE": 2.4,
        "Book Price": 16.9
      }
    },
    {
      "quarter": "Q2 2011",
      "income status": {
        "Net sales": 110449,
        "Cost of goods sold": 86173,
        "Gross Profit": 24276,
        "Financial expenses": 3887,
        "Of which: Interest expense": "N/A",
        "Cost of sales": 1783,
        "Enterprise cost management": 4187,
        "Total Operating Expenses": 9857,
        "Total revenue financing activities": 41,
        "Net profit from business activities": 14460,
        "Profit": "N/A",
        "Profit before tax": 14460,
        "Present corporate income tax expenses": 3615,
        "Deferred income taxes expenses": "N/A",
        "The interests of minority shareholders": "N/A",
        "Total Cost of profits": 3615,
        "Profit after tax corporate income": 10845,
        "Volume": 11424570,
        "Close of Quarter": 7.0,
        "EPS": 2698,
        "Non-adjusted EPS": 2698,
        "PE": 2.6,
        "Book Price": 16.1
      }
    },
    {
      "quarter": "Q1 2011",
      "income status": {
        "Net sales": 46467,
        "Cost of goods sold": 37111,
        "Gross Profit": 9357,
        "Financial expenses": 2297,
        "Of which: Interest expense": "N/A",
        "Cost of sales": 2392,
        "Enterprise cost management": 2469,
        "Total Operating Expenses": 7158,
        "Total revenue financing activities": 47,
        "Net profit from business activities": 2247,
        "Profit": 478,
        "Profit before tax": 3201,
        "Present corporate income tax expenses": 562,
        "Deferred income taxes expenses": "N/A",
        "The interests of minority shareholders": "N/A",
        "Total Cost of profits": 562,
        "Profit after tax corporate income": 2639,
        "Volume": 11424570,
        "Close of Quarter": 8.7,
        "EPS": 2765,
        "Non-adjusted EPS": 2765,
        "PE": 3.1,
        "Book Price": 15.1
      }
    }
  ]
}