{
  "ticker": "TNG",
  "data": [
    {
      "quarter": "Q4 2016",
      "income status": {
        "Net sales": 436307,
        "Cost of goods sold": 358937,
        "Gross Profit": 77370,
        "Financial expenses": 33027,
        "Of which: Interest expense": 16277,
        "Cost of sales": 9243,
        "Enterprise cost management": 29743,
        "Total Operating Expenses": 72013,
        "Total revenue financing activities": 6143,
        "Net profit from business activities": 11500,
        "Profit": 1055,
        "Profit before tax": 12555,
        "Present corporate income tax expenses": 1090,
        "Deferred income taxes expenses": "N/A",
        "The interests of minority shareholders": "N/A",
        "Total Cost of profits": 1090,
        "Profit after tax corporate income": 11465,
        "Volume": 34064978,
        "Close of Quarter": 12.3,
        "EPS": 2373,
        "Non-adjusted EPS": 2373,
        "PE": 5.2,
        "Book Price": 15.3
      }
    },
    {
      "quarter": "Q3 2016",
      "income status": {
        "Net sales": 595195,
        "Cost of goods sold": 494942,
        "Gross Profit": 100253,
        "Financial expenses": 20248,
        "Of which: Interest expense": 15717,
        "Cost of sales": 9761,
        "Enterprise cost management": 37487,
        "Total Operating Expenses": 67496,
        "Total revenue financing activities": 1217,
        "Net profit from business activities": 33975,
        "Profit": 541,
        "Profit before tax": 34516,
        "Present corporate income tax expenses": 5065,
        "Deferred income taxes expenses": "N/A",
        "The interests of minority shareholders": "N/A",
        "Total Cost of profits": 5065,
        "Profit after tax corporate income": 29451,
        "Volume": 29622127,
        "Close of Quarter": 15.5,
        "EPS": 2517.4,
        "Non-adjusted EPS": 2895,
        "PE": 5.4,
        "Book Price": 14.5
      }
    },
    {
      "quarter": "Q2 2016",
      "income status": {
        "Net sales": 495714,
        "Cost of goods sold": 405491,
        "Gross Profit": 90223,
        "Financial expenses": 19120,
        "Of which: Interest expense": 17520,
        "Cost of sales": 5306,
        "Enterprise cost management": 43479,
        "Total Operating Expenses": 67905,
        "Total revenue financing activities": 1950,
        "Net profit from business activities": 24269,
        "Profit": 6413,
        "Profit before tax": 30682,
        "Present corporate income tax expenses": 4837,
        "Deferred income taxes expenses": "N/A",
        "The interests of minority shareholders": "N/A",
        "Total Cost of profits": 4837,
        "Profit after tax corporate income": 25845,
        "Volume": 29622127,
        "Close of Quarter": 15.0,
        "EPS": 2384.4,
        "Non-adjusted EPS": 2742,
        "PE": 5.5,
        "Book Price": 13.6
      }
    },
    {
      "quarter": "Q1 2016",
      "income status": {
        "Net sales": 357963,
        "Cost of goods sold": 297191,
        "Gross Profit": 60772,
        "Financial expenses": 17659,
        "Of which: Interest expense": 14839,
        "Cost of sales": 4638,
        "Enterprise cost management": 27720,
        "Total Operating Expenses": 50017,
        "Total revenue financing activities": 5855,
        "Net profit from business activities": 16611,
        "Profit": 50,
        "Profit before tax": 16660,
        "Present corporate income tax expenses": 2602,
        "Deferred income taxes expenses": "N/A",
        "The interests of minority shareholders": "N/A",
        "Total Cost of profits": 2602,
        "Profit after tax corporate income": 14059,
        "Volume": 29622127,
        "Close of Quarter": 16.4,
        "EPS": 2293.1,
        "Non-adjusted EPS": 2637,
        "PE": 6.2,
        "Book Price": 13.0
      }
    },
    {
      "quarter": "Q4 2015",
      "income status": {
        "Net sales": 501436,
        "Cost of goods sold": 391857,
        "Gross Profit": 109579,
        "Financial expenses": 42413,
        "Of which: Interest expense": 14561,
        "Cost of sales": 7642,
        "Enterprise cost management": 42251,
        "Total Operating Expenses": 92306,
        "Total revenue financing activities": 2564,
        "Net profit from business activities": 19837,
        "Profit": 67,
        "Profit before tax": 19904,
        "Present corporate income tax expenses": 3511,
        "Deferred income taxes expenses": "N/A",
        "The interests of minority shareholders": "N/A",
        "Total Cost of profits": 3511,
        "Profit after tax corporate income": 16393,
        "Volume": 24136485,
        "Close of Quarter": 16.5,
        "EPS": 2212.1,
        "Non-adjusted EPS": 3122,
        "PE": 5.3,
        "Book Price": 12.7
      }
    },
    {
      "quarter": "Q3 2015",
      "income status": {
        "Net sales": 626730,
        "Cost of goods sold": 528962,
        "Gross Profit": 97768,
        "Financial expenses": 12003,
        "Of which: Interest expense": 11910,
        "Cost of sales": 12768,
        "Enterprise cost management": 53466,
        "Total Operating Expenses": 78237,
        "Total revenue financing activities": 12621,
        "Net profit from business activities": 32151,
        "Profit": 1039,
        "Profit before tax": 33190,
        "Present corporate income tax expenses": 8249,
        "Deferred income taxes expenses": "N/A",
        "The interests of minority shareholders": "N/A",
        "Total Cost of profits": 8249,
        "Profit after tax corporate income": 24941,
        "Volume": 21942569,
        "Close of Quarter": 18.9,
        "EPS": 2116.6,
        "Non-adjusted EPS": 3286,
        "PE": 5.7,
        "Book Price": 10.7
      }
    },
    {
      "quarter": "Q2 2015",
      "income status": {
        "Net sales": 500521,
        "Cost of goods sold": 396839,
        "Gross Profit": 103683,
        "Financial expenses": 27063,
        "Of which: Interest expense": 15648,
        "Cost of sales": 7422,
        "Enterprise cost management": 45534,
        "Total Operating Expenses": 80019,
        "Total revenue financing activities": 2277,
        "Net profit from business activities": 25941,
        "Profit": 526,
        "Profit before tax": 26467,
        "Present corporate income tax expenses": 3751,
        "Deferred income taxes expenses": "N/A",
        "The interests of minority shareholders": "N/A",
        "Total Cost of profits": 3751,
        "Profit after tax corporate income": 22716,
        "Volume": 21942569,
        "Close of Quarter": 17.7,
        "EPS": 1973.6,
        "Non-adjusted EPS": 3064,
        "PE": 5.8,
        "Book Price": 9.9
      }
    },
    {
      "quarter": "Q1 2015",
      "income status": {
        "Net sales": 296965,
        "Cost of goods sold": 240126,
        "Gross Profit": 56839,
        "Financial expenses": 12537,
        "Of which: Interest expense": 11723,
        "Cost of sales": 8836,
        "Enterprise cost management": 23112,
        "Total Operating Expenses": 44485,
        "Total revenue financing activities": 871,
        "Net profit from business activities": 13224,
        "Profit": 162,
        "Profit before tax": 13386,
        "Present corporate income tax expenses": 2083,
        "Deferred income taxes expenses": "N/A",
        "The interests of minority shareholders": "N/A",
        "Total Cost of profits": 2083,
        "Profit after tax corporate income": 11303,
        "Volume": 14807415,
        "Close of Quarter": 16.4,
        "EPS": 1776.1,
        "Non-adjusted EPS": 4086,
        "PE": 4.0,
        "Book Price": 9.6
      }
    },
    {
      "quarter": "Q4 2014",
      "income status": {
        "Net sales": 346988,
        "Cost of goods sold": 277130,
        "Gross Profit": 69859,
        "Financial expenses": 16970,
        "Of which: Interest expense": 14246,
        "Cost of sales": 10062,
        "Enterprise cost management": 29458,
        "Total Operating Expenses": 56490,
        "Total revenue financing activities": 2288,
        "Net profit from business activities": 15656,
        "Profit": 107,
        "Profit before tax": 15762,
        "Present corporate income tax expenses": 2610,
        "Deferred income taxes expenses": "N/A",
        "The interests of minority shareholders": "N/A",
        "Total Cost of profits": 2610,
        "Profit after tax corporate income": 13152,
        "Volume": 14807415,
        "Close of Quarter": 13.3,
        "EPS": 1563.1,
        "Non-adjusted EPS": 3596,
        "PE": 3.7,
        "Book Price": 7.7
      }
    },
    {
      "quarter": "Q3 2014",
      "income status": {
        "Net sales": 504857,
        "Cost of goods sold": 419279,
        "Gross Profit": 85579,
        "Financial expenses": 16967,
        "Of which: Interest expense": 15973,
        "Cost of sales": 8567,
        "Enterprise cost management": 36177,
        "Total Operating Expenses": 61711,
        "Total revenue financing activities": 426,
        "Net profit from business activities": 24294,
        "Profit": -79,
        "Profit before tax": 24215,
        "Present corporate income tax expenses": 4143,
        "Deferred income taxes expenses": "N/A",
        "The interests of minority shareholders": "N/A",
        "Total Cost of profits": 4143,
        "Profit after tax corporate income": 20072,
        "Volume": 14807415,
        "Close of Quarter": 9.8,
        "EPS": 1292.7,
        "Non-adjusted EPS": 2974,
        "PE": 3.3,
        "Book Price": 7.3
      }
    },
    {
      "quarter": "Q2 2014",
      "income status": {
        "Net sales": 320698,
        "Cost of goods sold": 255144,
        "Gross Profit": 65554,
        "Financial expenses": 20051,
        "Of which: Interest expense": 18136,
        "Cost of sales": 2746,
        "Enterprise cost management": 24250,
        "Total Operating Expenses": 47047,
        "Total revenue financing activities": 659,
        "Net profit from business activities": 19167,
        "Profit": 761,
        "Profit before tax": 19928,
        "Present corporate income tax expenses": 3947,
        "Deferred income taxes expenses": "N/A",
        "The interests of minority shareholders": "N/A",
        "Total Cost of profits": 3947,
        "Profit after tax corporate income": 15981,
        "Volume": 13461325,
        "Close of Quarter": 6.3,
        "EPS": 863.0,
        "Non-adjusted EPS": 2184,
        "PE": 2.9,
        "Book Price": 6.8
      }
    },
    {
      "quarter": "Q1 2014",
      "income status": {
        "Net sales": 204134,
        "Cost of goods sold": 161571,
        "Gross Profit": 42562,
        "Financial expenses": 14199,
        "Of which: Interest expense": 14191,
        "Cost of sales": 6124,
        "Enterprise cost management": 17734,
        "Total Operating Expenses": 38057,
        "Total revenue financing activities": 402,
        "Net profit from business activities": 4906,
        "Profit": 94,
        "Profit before tax": 5001,
        "Present corporate income tax expenses": 960,
        "Deferred income taxes expenses": "N/A",
        "The interests of minority shareholders": "N/A",
        "Total Cost of profits": 960,
        "Profit after tax corporate income": 4041,
        "Volume": 13461325,
        "Close of Quarter": 7.1,
        "EPS": 736.6,
        "Non-adjusted EPS": 1864,
        "PE": 3.8,
        "Book Price": 6.3
      }
    },
    {
      "quarter": "Q4 2013",
      "income status": {
        "Net sales": 234845,
        "Cost of goods sold": 182774,
        "Gross Profit": 52071,
        "Financial expenses": 17837,
        "Of which: Interest expense": 17501,
        "Cost of sales": 5009,
        "Enterprise cost management": 25377,
        "Total Operating Expenses": 48223,
        "Total revenue financing activities": 700,
        "Net profit from business activities": 4548,
        "Profit": 266,
        "Profit before tax": 4815,
        "Present corporate income tax expenses": 871,
        "Deferred income taxes expenses": "N/A",
        "The interests of minority shareholders": "N/A",
        "Total Cost of profits": 871,
        "Profit after tax corporate income": 3943,
        "Volume": 13461325,
        "Close of Quarter": 5.3,
        "EPS": 651.2,
        "Non-adjusted EPS": 1648,
        "PE": 3.2,
        "Book Price": 6.4
      }
    },
    {
      "quarter": "Q3 2013",
      "income status": {
        "Net sales": 458381,
        "Cost of goods sold": 389009,
        "Gross Profit": 69372,
        "Financial expenses": 17057,
        "Of which: Interest expense": 17043,
        "Cost of sales": 8827,
        "Enterprise cost management": 37769,
        "Total Operating Expenses": 63653,
        "Total revenue financing activities": "N/A",
        "Net profit from business activities": 5719,
        "Profit": 849,
        "Profit before tax": 6568,
        "Present corporate income tax expenses": 1133,
        "Deferred income taxes expenses": "N/A",
        "The interests of minority shareholders": "N/A",
        "Total Cost of profits": 1133,
        "Profit after tax corporate income": 5435,
        "Volume": 13461325,
        "Close of Quarter": 4.5,
        "EPS": 658.0,
        "Non-adjusted EPS": 1665,
        "PE": 2.7,
        "Book Price": 6.4
      }
    },
    {
      "quarter": "Q2 2013",
      "income status": {
        "Net sales": 327099,
        "Cost of goods sold": 249250,
        "Gross Profit": 77849,
        "Financial expenses": 25161,
        "Of which: Interest expense": 22000,
        "Cost of sales": 7233,
        "Enterprise cost management": 33837,
        "Total Operating Expenses": 66231,
        "Total revenue financing activities": 1611,
        "Net profit from business activities": 13230,
        "Profit": 547,
        "Profit before tax": 13777,
        "Present corporate income tax expenses": 2110,
        "Deferred income taxes expenses": "N/A",
        "The interests of minority shareholders": "N/A",
        "Total Cost of profits": 2110,
        "Profit after tax corporate income": 11667,
        "Volume": 13461325,
        "Close of Quarter": 4.3,
        "EPS": 652.8,
        "Non-adjusted EPS": 1652,
        "PE": 2.6,
        "Book Price": 6.2
      }
    },
    {
      "quarter": "Q1 2013",
      "income status": {
        "Net sales": 159969,
        "Cost of goods sold": 123936,
        "Gross Profit": 36033,
        "Financial expenses": 15639,
        "Of which: Interest expense": 15558,
        "Cost of sales": 5657,
        "Enterprise cost management": 13621,
        "Total Operating Expenses": 34917,
        "Total revenue financing activities": 14,
        "Net profit from business activities": 1130,
        "Profit": 139,
        "Profit before tax": 1269,
        "Present corporate income tax expenses": 128,
        "Deferred income taxes expenses": "N/A",
        "The interests of minority shareholders": "N/A",
        "Total Cost of profits": 128,
        "Profit after tax corporate income": 1141,
        "Volume": 13461325,
        "Close of Quarter": 3.9,
        "EPS": 707.0,
        "Non-adjusted EPS": 1789,
        "PE": 2.2,
        "Book Price": 6.2
      }
    },
    {
      "quarter": "Q4 2012",
      "income status": {
        "Net sales": 294289,
        "Cost of goods sold": 260983,
        "Gross Profit": 33306,
        "Financial expenses": 17886,
        "Of which: Interest expense": 17853,
        "Cost of sales": 5412,
        "Enterprise cost management": 7258,
        "Total Operating Expenses": 30556,
        "Total revenue financing activities": 177,
        "Net profit from business activities": 2928,
        "Profit": 1185,
        "Profit before tax": 4113,
        "Present corporate income tax expenses": -54,
        "Deferred income taxes expenses": "N/A",
        "The interests of minority shareholders": "N/A",
        "Total Cost of profits": -54,
        "Profit after tax corporate income": 4167,
        "Volume": 13461325,
        "Close of Quarter": 3.1,
        "EPS": 742.9,
        "Non-adjusted EPS": 1880,
        "PE": 1.6,
        "Book Price": 6.4
      }
    },
    {
      "quarter": "Q3 2012",
      "income status": {
        "Net sales": 350874,
        "Cost of goods sold": 293104,
        "Gross Profit": 57770,
        "Financial expenses": 18969,
        "Of which: Interest expense": 17415,
        "Cost of sales": 4329,
        "Enterprise cost management": 30914,
        "Total Operating Expenses": 54212,
        "Total revenue financing activities": 1611,
        "Net profit from business activities": 5169,
        "Profit": 92,
        "Profit before tax": 5261,
        "Present corporate income tax expenses": "N/A",
        "Deferred income taxes expenses": "N/A",
        "The interests of minority shareholders": "N/A",
        "Total Cost of profits": 0,
        "Profit after tax corporate income": 5261,
        "Volume": 13461325,
        "Close of Quarter": 2.9,
        "EPS": 648.9,
        "Non-adjusted EPS": 1642,
        "PE": 1.8,
        "Book Price": 6.2
      }
    },
    {
      "quarter": "Q2 2012",
      "income status": {
        "Net sales": 388056,
        "Cost of goods sold": 293376,
        "Gross Profit": 94680,
        "Financial expenses": 24912,
        "Of which: Interest expense": 25931,
        "Cost of sales": 9329,
        "Enterprise cost management": 46865,
        "Total Operating Expenses": 81106,
        "Total revenue financing activities": 2353,
        "Net profit from business activities": 15928,
        "Profit": -718,
        "Profit before tax": 15210,
        "Present corporate income tax expenses": 1696,
        "Deferred income taxes expenses": "N/A",
        "The interests of minority shareholders": "N/A",
        "Total Cost of profits": 1696,
        "Profit after tax corporate income": 13515,
        "Volume": 13461325,
        "Close of Quarter": 3.9,
        "EPS": 702.6,
        "Non-adjusted EPS": 1778,
        "PE": 2.2,
        "Book Price": 6.1
      }
    },
    {
      "quarter": "Q1 2012",
      "income status": {
        "Net sales": 176000,
        "Cost of goods sold": 140182,
        "Gross Profit": 35818,
        "Financial expenses": 18889,
        "Of which: Interest expense": 17209,
        "Cost of sales": 4107,
        "Enterprise cost management": 10659,
        "Total Operating Expenses": 33655,
        "Total revenue financing activities": 924,
        "Net profit from business activities": 3087,
        "Profit": -487,
        "Profit before tax": 2600,
        "Present corporate income tax expenses": 234,
        "Deferred income taxes expenses": "N/A",
        "The interests of minority shareholders": "N/A",
        "Total Cost of profits": 234,
        "Profit after tax corporate income": 2366,
        "Volume": 13461325,
        "Close of Quarter": 3.9,
        "EPS": 610.9,
        "Non-adjusted EPS": 1546,
        "PE": 2.5,
        "Book Price": 5.7
      }
    },
    {
      "quarter": "Q4 2011",
      "income status": {
        "Net sales": 244451,
        "Cost of goods sold": 211012,
        "Gross Profit": 33439,
        "Financial expenses": 18837,
        "Of which: Interest expense": 16272,
        "Cost of sales": 6806,
        "Enterprise cost management": 8226,
        "Total Operating Expenses": 33869,
        "Total revenue financing activities": 1736,
        "Net profit from business activities": 1305,
        "Profit": 325,
        "Profit before tax": 1631,
        "Present corporate income tax expenses": 673,
        "Deferred income taxes expenses": "N/A",
        "The interests of minority shareholders": "N/A",
        "Total Cost of profits": 673,
        "Profit after tax corporate income": 957,
        "Volume": 13461325,
        "Close of Quarter": 2.7,
        "EPS": 782.4,
        "Non-adjusted EPS": 1980,
        "PE": 1.4,
        "Book Price": 6.3
      }
    },
    {
      "quarter": "Q3 2011",
      "income status": {
        "Net sales": 429140,
        "Cost of goods sold": 359980,
        "Gross Profit": 69160,
        "Financial expenses": 18296,
        "Of which: Interest expense": 15802,
        "Cost of sales": 7948,
        "Enterprise cost management": 39092,
        "Total Operating Expenses": 65336,
        "Total revenue financing activities": 3489,
        "Net profit from business activities": 7312,
        "Profit": -8,
        "Profit before tax": 7304,
        "Present corporate income tax expenses": 204,
        "Deferred income taxes expenses": "N/A",
        "The interests of minority shareholders": "N/A",
        "Total Cost of profits": 204,
        "Profit after tax corporate income": 7100,
        "Volume": 13461325,
        "Close of Quarter": 3.8,
        "EPS": 903.4,
        "Non-adjusted EPS": 2286,
        "PE": 1.7,
        "Book Price": 6.3
      }
    },
    {
      "quarter": "Q2 2011",
      "income status": {
        "Net sales": 275651,
        "Cost of goods sold": 227531,
        "Gross Profit": 48119,
        "Financial expenses": 20668,
        "Of which: Interest expense": 12293,
        "Cost of sales": 2560,
        "Enterprise cost management": 15035,
        "Total Operating Expenses": 38263,
        "Total revenue financing activities": 1334,
        "Net profit from business activities": 11190,
        "Profit": 30,
        "Profit before tax": 11220,
        "Present corporate income tax expenses": 836,
        "Deferred income taxes expenses": "N/A",
        "The interests of minority shareholders": "N/A",
        "Total Cost of profits": 836,
        "Profit after tax corporate income": 10384,
        "Volume": 13461325,
        "Close of Quarter": 3.8,
        "EPS": 1003.3,
        "Non-adjusted EPS": 2539,
        "PE": 1.5,
        "Book Price": 6.1
      }
    },
    {
      "quarter": "Q1 2011",
      "income status": {
        "Net sales": 210542,
        "Cost of goods sold": 163961,
        "Gross Profit": 46581,
        "Financial expenses": 17959,
        "Of which: Interest expense": 7062,
        "Cost of sales": 2487,
        "Enterprise cost management": 25293,
        "Total Operating Expenses": 45739,
        "Total revenue financing activities": 8140,
        "Net profit from business activities": 8982,
        "Profit": -44,
        "Profit before tax": 8938,
        "Present corporate income tax expenses": 732,
        "Deferred income taxes expenses": "N/A",
        "The interests of minority shareholders": "N/A",
        "Total Cost of profits": 732,
        "Profit after tax corporate income": 8206,
        "Volume": 8687550,
        "Close of Quarter": 5.1,
        "EPS": 853.8,
        "Non-adjusted EPS": 3348,
        "PE": 1.5,
        "Book Price": 5.8
      }
    }
  ]
}