{
  "ticker": "HNG",
  "data": [
    {
      "quarter": "Q4 2016",
      "income status": {
        "Net sales": 1213141,
        "Cost of goods sold": 1114997,
        "Gross Profit": 98144,
        "Financial expenses": 222297,
        "Of which: Interest expense": 183453,
        "Cost of sales": 22907,
        "Enterprise cost management": 82616,
        "Total Operating Expenses": 327820,
        "Total revenue financing activities": 76657,
        "Net profit from business activities": -139210,
        "Profit": -169244,
        "Profit before tax": -308454,
        "Present corporate income tax expenses": -65,
        "Deferred income taxes expenses": -5605,
        "The interests of minority shareholders": 8290,
        "Total Cost of profits": 2620,
        "Profit after tax corporate income": -311074,
        "Volume": 767143895,
        "Close of Quarter": 6.2,
        "EPS": -1244,
        "Non-adjusted EPS": -1244,
        "PE": -5.0,
        "Book Price": 13.9
      }
    },
    {
      "quarter": "Q3 2016",
      "income status": {
        "Net sales": 981925,
        "Cost of goods sold": 913741,
        "Gross Profit": 68184,
        "Financial expenses": 277779,
        "Of which: Interest expense": 179110,
        "Cost of sales": 17901,
        "Enterprise cost management": 40172,
        "Total Operating Expenses": 335852,
        "Total revenue financing activities": 94682,
        "Net profit from business activities": -172987,
        "Profit": 48507,
        "Profit before tax": -124479,
        "Present corporate income tax expenses": -1396,
        "Deferred income taxes expenses": 4176,
        "The interests of minority shareholders": -2416,
        "Total Cost of profits": 364,
        "Profit after tax corporate income": -124843,
        "Volume": 767143895,
        "Close of Quarter": 5.6,
        "EPS": -1001,
        "Non-adjusted EPS": -1001,
        "PE": -5.6,
        "Book Price": 13.8
      }
    },
    {
      "quarter": "Q2 2016",
      "income status": {
        "Net sales": 1314216,
        "Cost of goods sold": 1204563,
        "Gross Profit": 109653,
        "Financial expenses": 274218,
        "Of which: Interest expense": 258749,
        "Cost of sales": 26367,
        "Enterprise cost management": 61803,
        "Total Operating Expenses": 362388,
        "Total revenue financing activities": 74604,
        "Net profit from business activities": -191722,
        "Profit": -488348,
        "Profit before tax": -680070,
        "Present corporate income tax expenses": -253,
        "Deferred income taxes expenses": -25156,
        "The interests of minority shareholders": -42490,
        "Total Cost of profits": -67899,
        "Profit after tax corporate income": -612172,
        "Volume": 767143895,
        "Close of Quarter": 8.1,
        "EPS": -328,
        "Non-adjusted EPS": -328,
        "PE": -24.7,
        "Book Price": 14.3
      }
    },
    {
      "quarter": "Q1 2016",
      "income status": {
        "Net sales": 1281868,
        "Cost of goods sold": 1047703,
        "Gross Profit": 234165,
        "Financial expenses": 154315,
        "Of which: Interest expense": 102196,
        "Cost of sales": 18324,
        "Enterprise cost management": 33508,
        "Total Operating Expenses": 206147,
        "Total revenue financing activities": 59121,
        "Net profit from business activities": 87139,
        "Profit": 21132,
        "Profit before tax": 108271,
        "Present corporate income tax expenses": 840,
        "Deferred income taxes expenses": 12256,
        "The interests of minority shareholders": 1513,
        "Total Cost of profits": 14609,
        "Profit after tax corporate income": 93663,
        "Volume": 708143895,
        "Close of Quarter": 8,
        "EPS": 1109.6,
        "Non-adjusted EPS": 1202,
        "PE": 6.7,
        "Book Price": 15.3
      }
    },
    {
      "quarter": "Q4 2015",
      "income status": {
        "Net sales": 814165,
        "Cost of goods sold": 811783,
        "Gross Profit": 2381,
        "Financial expenses": 131212,
        "Of which: Interest expense": 130903,
        "Cost of sales": 20780,
        "Enterprise cost management": 23391,
        "Total Operating Expenses": 175383,
        "Total revenue financing activities": 85518,
        "Net profit from business activities": -88709,
        "Profit": -61933,
        "Profit before tax": -150642,
        "Present corporate income tax expenses": -27994,
        "Deferred income taxes expenses": -9602,
        "The interests of minority shareholders": 11492,
        "Total Cost of profits": -26104,
        "Profit after tax corporate income": -124538,
        "Volume": 708143895,
        "Close of Quarter": 28.8,
        "EPS": 1125.3,
        "Non-adjusted EPS": 1219,
        "PE": 23.6,
        "Book Price": 12.6
      }
    },
    {
      "quarter": "Q3 2015",
      "income status": {
        "Net sales": 1846740,
        "Cost of goods sold": 1333147,
        "Gross Profit": 513593,
        "Financial expenses": 131857,
        "Of which: Interest expense": 108818,
        "Cost of sales": 36514,
        "Enterprise cost management": 27116,
        "Total Operating Expenses": 195487,
        "Total revenue financing activities": 64595,
        "Net profit from business activities": 382701,
        "Profit": -808,
        "Profit before tax": 381893,
        "Present corporate income tax expenses": 8813,
        "Deferred income taxes expenses": -21200,
        "The interests of minority shareholders": 2820,
        "Total Cost of profits": -9567,
        "Profit after tax corporate income": 391460,
        "Volume": 708143895,
        "Close of Quarter": 28.4,
        "EPS": 1516.6,
        "Non-adjusted EPS": 1643,
        "PE": 17.3,
        "Book Price": 13.0
      }
    },
    {
      "quarter": "Q2 2015",
      "income status": {
        "Net sales": 1566388,
        "Cost of goods sold": 944221,
        "Gross Profit": 622167,
        "Financial expenses": 108303,
        "Of which: Interest expense": 80169,
        "Cost of sales": 7980,
        "Enterprise cost management": 44707,
        "Total Operating Expenses": 160990,
        "Total revenue financing activities": 89457,
        "Net profit from business activities": 550635,
        "Profit": -42913,
        "Profit before tax": 507722,
        "Present corporate income tax expenses": 21969,
        "Deferred income taxes expenses": -9811,
        "The interests of minority shareholders": 5051,
        "Total Cost of profits": 17209,
        "Profit after tax corporate income": 490513,
        "Volume": 708143895,
        "Close of Quarter": "N/A",
        "EPS": 1300.6,
        "Non-adjusted EPS": 1409,
        "PE": "N/A",
        "Book Price": 12
      }
    },
    {
      "quarter": "Q1 2015",
      "income status": {
        "Net sales": 506096,
        "Cost of goods sold": 299230,
        "Gross Profit": 206866,
        "Financial expenses": 82164,
        "Of which: Interest expense": 80383,
        "Cost of sales": 6241,
        "Enterprise cost management": 23915,
        "Total Operating Expenses": 112320,
        "Total revenue financing activities": 13744,
        "Net profit from business activities": 108290,
        "Profit": -1022,
        "Profit before tax": 107268,
        "Present corporate income tax expenses": 99,
        "Deferred income taxes expenses": 1096,
        "The interests of minority shareholders": 175,
        "Total Cost of profits": 1370,
        "Profit after tax corporate income": 105898,
        "Volume": 708143895,
        "Close of Quarter": "N/A",
        "EPS": 661.9,
        "Non-adjusted EPS": 717,
        "PE": "N/A",
        "Book Price": 9.1
      }
    },
    {
      "quarter": "Q3 2014",
      "income status": {
        "Net sales": 547642,
        "Cost of goods sold": 290250,
        "Gross Profit": 257392,
        "Financial expenses": 74034,
        "Of which: Interest expense": 67019,
        "Cost of sales": 5801,
        "Enterprise cost management": 17968,
        "Total Operating Expenses": 97803,
        "Total revenue financing activities": 11125,
        "Net profit from business activities": 170713,
        "Profit": 154,
        "Profit before tax": 170867,
        "Present corporate income tax expenses": 515,
        "Deferred income taxes expenses": -4981,
        "The interests of minority shareholders": "N/A",
        "Total Cost of profits": -4466,
        "Profit after tax corporate income": 175332,
        "Volume": 708143895,
        "Close of Quarter": "N/A",
        "EPS": 523.4,
        "Non-adjusted EPS": 567,
        "PE": "N/A",
        "Book Price": "N/A"
      }
    },
    {
      "quarter": "Q2 2014",
      "income status": {
        "Net sales": 543851,
        "Cost of goods sold": 286965,
        "Gross Profit": 256885,
        "Financial expenses": 88408,
        "Of which: Interest expense": 79435,
        "Cost of sales": 5435,
        "Enterprise cost management": 21623,
        "Total Operating Expenses": 115466,
        "Total revenue financing activities": 17088,
        "Net profit from business activities": 158507,
        "Profit": 84133,
        "Profit before tax": 242640,
        "Present corporate income tax expenses": 21518,
        "Deferred income taxes expenses": -4799,
        "The interests of minority shareholders": "N/A",
        "Total Cost of profits": 16719,
        "Profit after tax corporate income": 225921,
        "Volume": 708143895,
        "Close of Quarter": "N/A",
        "EPS": 295.4,
        "Non-adjusted EPS": 320,
        "PE": "N/A",
        "Book Price": "N/A"
      }
    },
    {
      "quarter": "Q1 2014",
      "income status": {
        "Net sales": 724,
        "Cost of goods sold": 329,
        "Gross Profit": 395,
        "Financial expenses": 45,
        "Of which: Interest expense": 43,
        "Cost of sales": 1,
        "Enterprise cost management": 15,
        "Total Operating Expenses": 61,
        "Total revenue financing activities": 3,
        "Net profit from business activities": 337,
        "Profit": "N/A",
        "Profit before tax": 337,
        "Present corporate income tax expenses": -1,
        "Deferred income taxes expenses": -1,
        "The interests of minority shareholders": "N/A",
        "Total Cost of profits": -2,
        "Profit after tax corporate income": 338,
        "Volume": 708143895,
        "Close of Quarter": "N/A",
        "EPS": "N/A",
        "Non-adjusted EPS": " ",
        "PE": "N/A",
        "Book Price": "N/A"
      }
    }
  ]
}