{
  "ticker": "VOS",
  "data": [
    {
      "quarter": "Q4 2016",
      "income status": {
        "Net sales": 311567,
        "Cost of goods sold": 368894,
        "Gross Profit": -57327,
        "Financial expenses": 58190,
        "Of which: Interest expense": 34066,
        "Cost of sales": 6927,
        "Enterprise cost management": 14303,
        "Total Operating Expenses": 79420,
        "Total revenue financing activities": -11480,
        "Net profit from business activities": -147766,
        "Profit": 30048,
        "Profit before tax": -117718,
        "Present corporate income tax expenses": 103,
        "Deferred income taxes expenses": 4536,
        "The interests of minority shareholders": "N/A",
        "Total Cost of profits": 4639,
        "Profit after tax corporate income": -122358,
        "Volume": 138110000,
        "Close of Quarter": 1.0,
        "EPS": -2615,
        "Non-adjusted EPS": -2615,
        "PE": -0.4,
        "Book Price": 4.6
      }
    },
    {
      "quarter": "Q3 2016",
      "income status": {
        "Net sales": 266436,
        "Cost of goods sold": 322885,
        "Gross Profit": -56449,
        "Financial expenses": 39611,
        "Of which: Interest expense": 33868,
        "Cost of sales": 6153,
        "Enterprise cost management": 12759,
        "Total Operating Expenses": 58523,
        "Total revenue financing activities": 4046,
        "Net profit from business activities": -110355,
        "Profit": 72,
        "Profit before tax": -110283,
        "Present corporate income tax expenses": 15,
        "Deferred income taxes expenses": "N/A",
        "The interests of minority shareholders": 171,
        "Total Cost of profits": 186,
        "Profit after tax corporate income": -110469,
        "Volume": 138110000,
        "Close of Quarter": 1.4,
        "EPS": -1887,
        "Non-adjusted EPS": -1887,
        "PE": -0.7,
        "Book Price": 5.4
      }
    },
    {
      "quarter": "Q2 2016",
      "income status": {
        "Net sales": 310916,
        "Cost of goods sold": 336288,
        "Gross Profit": -25372,
        "Financial expenses": 40270,
        "Of which: Interest expense": 33638,
        "Cost of sales": 9403,
        "Enterprise cost management": 15889,
        "Total Operating Expenses": 65562,
        "Total revenue financing activities": 724,
        "Net profit from business activities": -90209,
        "Profit": 9739,
        "Profit before tax": -80471,
        "Present corporate income tax expenses": 270,
        "Deferred income taxes expenses": "N/A",
        "The interests of minority shareholders": 847,
        "Total Cost of profits": 1117,
        "Profit after tax corporate income": -81588,
        "Volume": 138110000,
        "Close of Quarter": 2.2,
        "EPS": -1727,
        "Non-adjusted EPS": -1727,
        "PE": -1.3,
        "Book Price": 6.4
      }
    },
    {
      "quarter": "Q1 2016",
      "income status": {
        "Net sales": 369203,
        "Cost of goods sold": 367748,
        "Gross Profit": 1456,
        "Financial expenses": 40199,
        "Of which: Interest expense": 33539,
        "Cost of sales": 8629,
        "Enterprise cost management": 16909,
        "Total Operating Expenses": 65737,
        "Total revenue financing activities": 18735,
        "Net profit from business activities": -45546,
        "Profit": 212,
        "Profit before tax": -45334,
        "Present corporate income tax expenses": 450,
        "Deferred income taxes expenses": "N/A",
        "The interests of minority shareholders": 993,
        "Total Cost of profits": 1443,
        "Profit after tax corporate income": -46777,
        "Volume": 138110000,
        "Close of Quarter": 2.8,
        "EPS": -1740,
        "Non-adjusted EPS": -1740,
        "PE": -1.6,
        "Book Price": 7
      }
    },
    {
      "quarter": "Q4 2015",
      "income status": {
        "Net sales": 444441,
        "Cost of goods sold": 393989,
        "Gross Profit": 50453,
        "Financial expenses": 43456,
        "Of which: Interest expense": 34655,
        "Cost of sales": 11446,
        "Enterprise cost management": 19069,
        "Total Operating Expenses": 73971,
        "Total revenue financing activities": 3080,
        "Net profit from business activities": -20437,
        "Profit": -346,
        "Profit before tax": -20783,
        "Present corporate income tax expenses": 534,
        "Deferred income taxes expenses": -47,
        "The interests of minority shareholders": 539,
        "Total Cost of profits": 1026,
        "Profit after tax corporate income": -21809,
        "Volume": 138110000,
        "Close of Quarter": 2.7,
        "EPS": -2157,
        "Non-adjusted EPS": -2157,
        "PE": -1.3,
        "Book Price": 7.3
      }
    },
    {
      "quarter": "Q3 2015",
      "income status": {
        "Net sales": 439317,
        "Cost of goods sold": 415000,
        "Gross Profit": 24316,
        "Financial expenses": 96171,
        "Of which: Interest expense": 35597,
        "Cost of sales": 13724,
        "Enterprise cost management": 16120,
        "Total Operating Expenses": 126015,
        "Total revenue financing activities": 2909,
        "Net profit from business activities": -98790,
        "Profit": 10940,
        "Profit before tax": -87850,
        "Present corporate income tax expenses": 166,
        "Deferred income taxes expenses": "N/A",
        "The interests of minority shareholders": 300,
        "Total Cost of profits": 466,
        "Profit after tax corporate income": -88316,
        "Volume": 138110000,
        "Close of Quarter": 2.9,
        "EPS": -1307,
        "Non-adjusted EPS": -1307,
        "PE": -2.2,
        "Book Price": 7.5
      }
    },
    {
      "quarter": "Q2 2015",
      "income status": {
        "Net sales": 409509,
        "Cost of goods sold": 407659,
        "Gross Profit": 1850,
        "Financial expenses": 63158,
        "Of which: Interest expense": 35800,
        "Cost of sales": 11583,
        "Enterprise cost management": 16368,
        "Total Operating Expenses": 91109,
        "Total revenue financing activities": 2307,
        "Net profit from business activities": -86953,
        "Profit": 3820,
        "Profit before tax": -83133,
        "Present corporate income tax expenses": 87,
        "Deferred income taxes expenses": "N/A",
        "The interests of minority shareholders": 192,
        "Total Cost of profits": 279,
        "Profit after tax corporate income": -83412,
        "Volume": 138110000,
        "Close of Quarter": 3.7,
        "EPS": -215,
        "Non-adjusted EPS": -215,
        "PE": -17.2,
        "Book Price": 8.1
      }
    },
    {
      "quarter": "Q1 2015",
      "income status": {
        "Net sales": 381633,
        "Cost of goods sold": 396818,
        "Gross Profit": -15184,
        "Financial expenses": 59784,
        "Of which: Interest expense": 36232,
        "Cost of sales": 11349,
        "Enterprise cost management": 19133,
        "Total Operating Expenses": 90266,
        "Total revenue financing activities": 2199,
        "Net profit from business activities": -103252,
        "Profit": 221,
        "Profit before tax": -103031,
        "Present corporate income tax expenses": 498,
        "Deferred income taxes expenses": "N/A",
        "The interests of minority shareholders": 841,
        "Total Cost of profits": 1339,
        "Profit after tax corporate income": -104369,
        "Volume": 138110000,
        "Close of Quarter": 5.3,
        "EPS": -32,
        "Non-adjusted EPS": -32,
        "PE": -165.6,
        "Book Price": 8.7
      }
    },
    {
      "quarter": "Q4 2014",
      "income status": {
        "Net sales": 467506,
        "Cost of goods sold": 445058,
        "Gross Profit": 22448,
        "Financial expenses": 51598,
        "Of which: Interest expense": 30028,
        "Cost of sales": 15046,
        "Enterprise cost management": 15349,
        "Total Operating Expenses": 81993,
        "Total revenue financing activities": 826,
        "Net profit from business activities": -58718,
        "Profit": 104653,
        "Profit before tax": 45935,
        "Present corporate income tax expenses": 924,
        "Deferred income taxes expenses": -50972,
        "The interests of minority shareholders": 345,
        "Total Cost of profits": -49703,
        "Profit after tax corporate income": 95638,
        "Volume": 138110000,
        "Close of Quarter": 6.2,
        "EPS": 512,
        "Non-adjusted EPS": 512,
        "PE": 12.1,
        "Book Price": 9.5
      }
    },
    {
      "quarter": "Q3 2014",
      "income status": {
        "Net sales": 512468,
        "Cost of goods sold": 477798,
        "Gross Profit": 34670,
        "Financial expenses": 40362,
        "Of which: Interest expense": 44250,
        "Cost of sales": 14550,
        "Enterprise cost management": 17427,
        "Total Operating Expenses": 72339,
        "Total revenue financing activities": 224,
        "Net profit from business activities": -37445,
        "Profit": 101269,
        "Profit before tax": 63825,
        "Present corporate income tax expenses": 555,
        "Deferred income taxes expenses": "N/A",
        "The interests of minority shareholders": 863,
        "Total Cost of profits": 1418,
        "Profit after tax corporate income": 62406,
        "Volume": 138110000,
        "Close of Quarter": 5.8,
        "EPS": -356,
        "Non-adjusted EPS": -356,
        "PE": -16.3,
        "Book Price": 8.8
      }
    },
    {
      "quarter": "Q2 2014",
      "income status": {
        "Net sales": 517611,
        "Cost of goods sold": 492201,
        "Gross Profit": 25409,
        "Financial expenses": 70295,
        "Of which: Interest expense": 43298,
        "Cost of sales": 15602,
        "Enterprise cost management": 17409,
        "Total Operating Expenses": 103306,
        "Total revenue financing activities": 422,
        "Net profit from business activities": -77474,
        "Profit": 21001,
        "Profit before tax": -56473,
        "Present corporate income tax expenses": 574,
        "Deferred income taxes expenses": "N/A",
        "The interests of minority shareholders": 1001,
        "Total Cost of profits": 1575,
        "Profit after tax corporate income": -58048,
        "Volume": 138110000,
        "Close of Quarter": 3.9,
        "EPS": -607,
        "Non-adjusted EPS": -607,
        "PE": -6.4,
        "Book Price": 8.3
      }
    },
    {
      "quarter": "Q1 2014",
      "income status": {
        "Net sales": 539442,
        "Cost of goods sold": 489019,
        "Gross Profit": 50422,
        "Financial expenses": 49390,
        "Of which: Interest expense": 43452,
        "Cost of sales": 15234,
        "Enterprise cost management": 16188,
        "Total Operating Expenses": 80812,
        "Total revenue financing activities": 764,
        "Net profit from business activities": -29625,
        "Profit": 1729,
        "Profit before tax": -27895,
        "Present corporate income tax expenses": 453,
        "Deferred income taxes expenses": "N/A",
        "The interests of minority shareholders": 958,
        "Total Cost of profits": 1411,
        "Profit after tax corporate income": -29306,
        "Volume": 138110000,
        "Close of Quarter": 4.6,
        "EPS": -906,
        "Non-adjusted EPS": -906,
        "PE": -5.1,
        "Book Price": 8.7
      }
    },
    {
      "quarter": "Q4 2013",
      "income status": {
        "Net sales": 597305,
        "Cost of goods sold": 570210,
        "Gross Profit": 27095,
        "Financial expenses": 53730,
        "Of which: Interest expense": 44574,
        "Cost of sales": 20280,
        "Enterprise cost management": 15335,
        "Total Operating Expenses": 89345,
        "Total revenue financing activities": 190,
        "Net profit from business activities": -62060,
        "Profit": 40576,
        "Profit before tax": -21484,
        "Present corporate income tax expenses": 1559,
        "Deferred income taxes expenses": 67,
        "The interests of minority shareholders": 1157,
        "Total Cost of profits": 2783,
        "Profit after tax corporate income": -24266,
        "Volume": 138110000,
        "Close of Quarter": 4.5,
        "EPS": -1403,
        "Non-adjusted EPS": -1403,
        "PE": -3.2,
        "Book Price": 8.8
      }
    },
    {
      "quarter": "Q3 2013",
      "income status": {
        "Net sales": 520009,
        "Cost of goods sold": 544375,
        "Gross Profit": -24367,
        "Financial expenses": 49632,
        "Of which: Interest expense": 44991,
        "Cost of sales": 15708,
        "Enterprise cost management": 14811,
        "Total Operating Expenses": 80151,
        "Total revenue financing activities": 622,
        "Net profit from business activities": -103896,
        "Profit": 133027,
        "Profit before tax": 29131,
        "Present corporate income tax expenses": 489,
        "Deferred income taxes expenses": "N/A",
        "The interests of minority shareholders": 841,
        "Total Cost of profits": 1330,
        "Profit after tax corporate income": 27801,
        "Volume": 138110000,
        "Close of Quarter": 2.9,
        "EPS": -539,
        "Non-adjusted EPS": -539,
        "PE": -5.4,
        "Book Price": 9
      }
    },
    {
      "quarter": "Q2 2013",
      "income status": {
        "Net sales": 555396,
        "Cost of goods sold": 584317,
        "Gross Profit": -28921,
        "Financial expenses": 74844,
        "Of which: Interest expense": 40403,
        "Cost of sales": 17098,
        "Enterprise cost management": 16469,
        "Total Operating Expenses": 108411,
        "Total revenue financing activities": 315,
        "Net profit from business activities": -137017,
        "Profit": 38488,
        "Profit before tax": -98529,
        "Present corporate income tax expenses": 472,
        "Deferred income taxes expenses": "N/A",
        "The interests of minority shareholders": 359,
        "Total Cost of profits": 831,
        "Profit after tax corporate income": -99359,
        "Volume": 138110000,
        "Close of Quarter": 3.4,
        "EPS": -930,
        "Non-adjusted EPS": -930,
        "PE": -3.7,
        "Book Price": 8.7
      }
    },
    {
      "quarter": "Q1 2013",
      "income status": {
        "Net sales": 533912,
        "Cost of goods sold": 544405,
        "Gross Profit": -10493,
        "Financial expenses": 56194,
        "Of which: Interest expense": 34348,
        "Cost of sales": 15756,
        "Enterprise cost management": 15499,
        "Total Operating Expenses": 87449,
        "Total revenue financing activities": 290,
        "Net profit from business activities": -97652,
        "Profit": 1411,
        "Profit before tax": -96241,
        "Present corporate income tax expenses": 617,
        "Deferred income taxes expenses": "N/A",
        "The interests of minority shareholders": 1068,
        "Total Cost of profits": 1685,
        "Profit after tax corporate income": -97926,
        "Volume": 138110000,
        "Close of Quarter": 4,
        "EPS": -528,
        "Non-adjusted EPS": -528,
        "PE": -7.6,
        "Book Price": 9.5
      }
    },
    {
      "quarter": "Q4 2012",
      "income status": {
        "Net sales": 594551,
        "Cost of goods sold": 429120,
        "Gross Profit": 165431,
        "Financial expenses": 46590,
        "Of which: Interest expense": 36375,
        "Cost of sales": 16235,
        "Enterprise cost management": 18410,
        "Total Operating Expenses": 81235,
        "Total revenue financing activities": 9667,
        "Net profit from business activities": 93863,
        "Profit": 403,
        "Profit before tax": 94265,
        "Present corporate income tax expenses": -180,
        "Deferred income taxes expenses": 1,
        "The interests of minority shareholders": -538,
        "Total Cost of profits": -717,
        "Profit after tax corporate income": 94983,
        "Volume": 138110000,
        "Close of Quarter": 2.3,
        "EPS": -251,
        "Non-adjusted EPS": -251,
        "PE": -9.2,
        "Book Price": 10.2
      }
    },
    {
      "quarter": "Q3 2012",
      "income status": {
        "Net sales": 594723,
        "Cost of goods sold": 539625,
        "Gross Profit": 55098,
        "Financial expenses": 48637,
        "Of which: Interest expense": 37746,
        "Cost of sales": 17911,
        "Enterprise cost management": 14104,
        "Total Operating Expenses": 80652,
        "Total revenue financing activities": 312,
        "Net profit from business activities": -25243,
        "Profit": 220,
        "Profit before tax": -25022,
        "Present corporate income tax expenses": 255,
        "Deferred income taxes expenses": "N/A",
        "The interests of minority shareholders": 798,
        "Total Cost of profits": 1053,
        "Profit after tax corporate income": -26076,
        "Volume": 138110000,
        "Close of Quarter": 2.6,
        "EPS": -578,
        "Non-adjusted EPS": -578,
        "PE": -4.5,
        "Book Price": 9.5
      }
    },
    {
      "quarter": "Q2 2012",
      "income status": {
        "Net sales": 652475,
        "Cost of goods sold": 614181,
        "Gross Profit": 38294,
        "Financial expenses": 49731,
        "Of which: Interest expense": 39025,
        "Cost of sales": 21312,
        "Enterprise cost management": 14695,
        "Total Operating Expenses": 85738,
        "Total revenue financing activities": 539,
        "Net profit from business activities": -46905,
        "Profit": 4396,
        "Profit before tax": -42509,
        "Present corporate income tax expenses": 698,
        "Deferred income taxes expenses": "N/A",
        "The interests of minority shareholders": 739,
        "Total Cost of profits": 1437,
        "Profit after tax corporate income": -43946,
        "Volume": 138110000,
        "Close of Quarter": 3.6,
        "EPS": -763,
        "Non-adjusted EPS": -763,
        "PE": -4.7,
        "Book Price": 9.7
      }
    },
    {
      "quarter": "Q1 2012",
      "income status": {
        "Net sales": 582155,
        "Cost of goods sold": 559064,
        "Gross Profit": 23090,
        "Financial expenses": 49720,
        "Of which: Interest expense": 39242,
        "Cost of sales": 17414,
        "Enterprise cost management": 15614,
        "Total Operating Expenses": 82748,
        "Total revenue financing activities": 488,
        "Net profit from business activities": -59168,
        "Profit": 529,
        "Profit before tax": -58639,
        "Present corporate income tax expenses": 499,
        "Deferred income taxes expenses": "N/A",
        "The interests of minority shareholders": 513,
        "Total Cost of profits": 1012,
        "Profit after tax corporate income": -59652,
        "Volume": 138110000,
        "Close of Quarter": 3.8,
        "EPS": -424,
        "Non-adjusted EPS": -424,
        "PE": -9.0,
        "Book Price": 10
      }
    },
    {
      "quarter": "Q4 2011",
      "income status": {
        "Net sales": 719431,
        "Cost of goods sold": 692610,
        "Gross Profit": 26820,
        "Financial expenses": 167672,
        "Of which: Interest expense": 41548,
        "Cost of sales": 22489,
        "Enterprise cost management": 19932,
        "Total Operating Expenses": 210093,
        "Total revenue financing activities": 2866,
        "Net profit from business activities": -180406,
        "Profit": 231141,
        "Profit before tax": 50734,
        "Present corporate income tax expenses": 502,
        "Deferred income taxes expenses": "N/A",
        "The interests of minority shareholders": 333,
        "Total Cost of profits": 835,
        "Profit after tax corporate income": 49899,
        "Volume": 138110000,
        "Close of Quarter": 4.1,
        "EPS": 30,
        "Non-adjusted EPS": 30,
        "PE": 136.7,
        "Book Price": 10.4
      }
    },
    {
      "quarter": "Q3 2011",
      "income status": {
        "Net sales": 752178,
        "Cost of goods sold": 703715,
        "Gross Profit": 48463,
        "Financial expenses": 61286,
        "Of which: Interest expense": 42317,
        "Cost of sales": 24303,
        "Enterprise cost management": 16281,
        "Total Operating Expenses": 101870,
        "Total revenue financing activities": 1072,
        "Net profit from business activities": -52335,
        "Profit": 1227,
        "Profit before tax": -51108,
        "Present corporate income tax expenses": -21,
        "Deferred income taxes expenses": "N/A",
        "The interests of minority shareholders": 649,
        "Total Cost of profits": 628,
        "Profit after tax corporate income": -51736,
        "Volume": 140000000,
        "Close of Quarter": 4.7,
        "EPS": -167.3,
        "Non-adjusted EPS": -165,
        "PE": -28.5,
        "Book Price": 10.1
      }
    },
    {
      "quarter": "Q2 2011",
      "income status": {
        "Net sales": 803938,
        "Cost of goods sold": 700832,
        "Gross Profit": 103107,
        "Financial expenses": 82103,
        "Of which: Interest expense": 49846,
        "Cost of sales": 23865,
        "Enterprise cost management": 14770,
        "Total Operating Expenses": 120738,
        "Total revenue financing activities": 489,
        "Net profit from business activities": -17142,
        "Profit": 21858,
        "Profit before tax": 4716,
        "Present corporate income tax expenses": 974,
        "Deferred income taxes expenses": "N/A",
        "The interests of minority shareholders": 770,
        "Total Cost of profits": 1744,
        "Profit after tax corporate income": 2972,
        "Volume": 140000000,
        "Close of Quarter": 5.3,
        "EPS": 521.0,
        "Non-adjusted EPS": 514,
        "PE": 10.3,
        "Book Price": 10.5
      }
    },
    {
      "quarter": "Q1 2011",
      "income status": {
        "Net sales": 711865,
        "Cost of goods sold": 611956,
        "Gross Profit": 99910,
        "Financial expenses": 66487,
        "Of which: Interest expense": 48259,
        "Cost of sales": 20462,
        "Enterprise cost management": 13429,
        "Total Operating Expenses": 100378,
        "Total revenue financing activities": 4657,
        "Net profit from business activities": 4188,
        "Profit": 680,
        "Profit before tax": 4868,
        "Present corporate income tax expenses": 1040,
        "Deferred income taxes expenses": "N/A",
        "The interests of minority shareholders": 776,
        "Total Cost of profits": 1816,
        "Profit after tax corporate income": 3052,
        "Volume": 140000000,
        "Close of Quarter": 6.8,
        "EPS": 792.7,
        "Non-adjusted EPS": 782,
        "PE": 8.7,
        "Book Price": 11.4
      }
    }
  ]
}