{
  "ticker": "GDT",
  "data": [
    {
      "quarter": "Q4 2016",
      "income status": {
        "Net sales": 97336,
        "Cost of goods sold": 60383,
        "Gross Profit": 36953,
        "Financial expenses": 1155,
        "Of which: Interest expense": -700,
        "Cost of sales": 5372,
        "Enterprise cost management": 5453,
        "Total Operating Expenses": 11980,
        "Total revenue financing activities": 3857,
        "Net profit from business activities": 28830,
        "Profit": 21803,
        "Profit before tax": 50633,
        "Present corporate income tax expenses": 8972,
        "Deferred income taxes expenses": "N/A",
        "The interests of minority shareholders": "N/A",
        "Total Cost of profits": 8972,
        "Profit after tax corporate income": 41661,
        "Volume": 14899800,
        "Close of Quarter": 50.8,
        "EPS": 6412,
        "Non-adjusted EPS": 6412,
        "PE": 7.9,
        "Book Price": 17.3
      }
    },
    {
      "quarter": "Q3 2016",
      "income status": {
        "Net sales": 75591,
        "Cost of goods sold": 46627,
        "Gross Profit": 28964,
        "Financial expenses": 234,
        "Of which: Interest expense": -356,
        "Cost of sales": 4072,
        "Enterprise cost management": 4658,
        "Total Operating Expenses": 8964,
        "Total revenue financing activities": 3628,
        "Net profit from business activities": 23629,
        "Profit": 307,
        "Profit before tax": 23936,
        "Present corporate income tax expenses": 2732,
        "Deferred income taxes expenses": "N/A",
        "The interests of minority shareholders": "N/A",
        "Total Cost of profits": 2732,
        "Profit after tax corporate income": 21204,
        "Volume": 14261188,
        "Close of Quarter": 53.3,
        "EPS": 5037.4,
        "Non-adjusted EPS": 5263,
        "PE": 10.1,
        "Book Price": 17.2
      }
    },
    {
      "quarter": "Q2 2016",
      "income status": {
        "Net sales": 87171,
        "Cost of goods sold": 54066,
        "Gross Profit": 33105,
        "Financial expenses": 170,
        "Of which: Interest expense": 150,
        "Cost of sales": 4336,
        "Enterprise cost management": 6249,
        "Total Operating Expenses": 10755,
        "Total revenue financing activities": 2658,
        "Net profit from business activities": 25007,
        "Profit": -1186,
        "Profit before tax": 23821,
        "Present corporate income tax expenses": 4794,
        "Deferred income taxes expenses": -122,
        "The interests of minority shareholders": "N/A",
        "Total Cost of profits": 4672,
        "Profit after tax corporate income": 19150,
        "Volume": 12965455,
        "Close of Quarter": 47.8,
        "EPS": 4828.6,
        "Non-adjusted EPS": 5549,
        "PE": 8.6,
        "Book Price": 15.8
      }
    },
    {
      "quarter": "Q1 2016",
      "income status": {
        "Net sales": 63551,
        "Cost of goods sold": 40585,
        "Gross Profit": 22967,
        "Financial expenses": 129,
        "Of which: Interest expense": -33,
        "Cost of sales": 3788,
        "Enterprise cost management": 3861,
        "Total Operating Expenses": 7778,
        "Total revenue financing activities": 1697,
        "Net profit from business activities": 16886,
        "Profit": 23,
        "Profit before tax": 16909,
        "Present corporate income tax expenses": 3382,
        "Deferred income taxes expenses": "N/A",
        "The interests of minority shareholders": "N/A",
        "Total Cost of profits": 3382,
        "Profit after tax corporate income": 13527,
        "Volume": 12965455,
        "Close of Quarter": 34.3,
        "EPS": 4219.5,
        "Non-adjusted EPS": 4849,
        "PE": 7.1,
        "Book Price": 14.5
      }
    },
    {
      "quarter": "Q4 2015",
      "income status": {
        "Net sales": 82138,
        "Cost of goods sold": 50010,
        "Gross Profit": 32128,
        "Financial expenses": 428,
        "Of which: Interest expense": -32,
        "Cost of sales": 4436,
        "Enterprise cost management": 5245,
        "Total Operating Expenses": 10109,
        "Total revenue financing activities": 1957,
        "Net profit from business activities": 23975,
        "Profit": 1519,
        "Profit before tax": 25494,
        "Present corporate income tax expenses": 4315,
        "Deferred income taxes expenses": "N/A",
        "The interests of minority shareholders": "N/A",
        "Total Cost of profits": 4315,
        "Profit after tax corporate income": 21178,
        "Volume": 12965455,
        "Close of Quarter": 30.1,
        "EPS": 4129.0,
        "Non-adjusted EPS": 4745,
        "PE": 6.3,
        "Book Price": 14.4
      }
    },
    {
      "quarter": "Q3 2015",
      "income status": {
        "Net sales": 76712,
        "Cost of goods sold": 46341,
        "Gross Profit": 30371,
        "Financial expenses": 980,
        "Of which: Interest expense": 133,
        "Cost of sales": 3911,
        "Enterprise cost management": 4956,
        "Total Operating Expenses": 9847,
        "Total revenue financing activities": 2059,
        "Net profit from business activities": 22583,
        "Profit": 603,
        "Profit before tax": 23186,
        "Present corporate income tax expenses": 5101,
        "Deferred income taxes expenses": "N/A",
        "The interests of minority shareholders": "N/A",
        "Total Cost of profits": 5101,
        "Profit after tax corporate income": 18085,
        "Volume": 12446837,
        "Close of Quarter": 26.8,
        "EPS": 3628.8,
        "Non-adjusted EPS": 4344,
        "PE": 6.2,
        "Book Price": 14.1
      }
    },
    {
      "quarter": "Q2 2015",
      "income status": {
        "Net sales": 73803,
        "Cost of goods sold": 47932,
        "Gross Profit": 25871,
        "Financial expenses": 766,
        "Of which: Interest expense": 130,
        "Cost of sales": 3999,
        "Enterprise cost management": 6380,
        "Total Operating Expenses": 11145,
        "Total revenue financing activities": 1840,
        "Net profit from business activities": 16566,
        "Profit": -439,
        "Profit before tax": 16127,
        "Present corporate income tax expenses": 6120,
        "Deferred income taxes expenses": -70,
        "The interests of minority shareholders": "N/A",
        "Total Cost of profits": 6050,
        "Profit after tax corporate income": 10077,
        "Volume": 10372365,
        "Close of Quarter": 27.5,
        "EPS": 3505.8,
        "Non-adjusted EPS": 5036,
        "PE": 5.5,
        "Book Price": 14.3
      }
    },
    {
      "quarter": "Q1 2015",
      "income status": {
        "Net sales": 60628,
        "Cost of goods sold": 39274,
        "Gross Profit": 21354,
        "Financial expenses": 264,
        "Of which: Interest expense": 216,
        "Cost of sales": 3572,
        "Enterprise cost management": 4347,
        "Total Operating Expenses": 8183,
        "Total revenue financing activities": 1877,
        "Net profit from business activities": 15048,
        "Profit": 568,
        "Profit before tax": 15616,
        "Present corporate income tax expenses": 3436,
        "Deferred income taxes expenses": "N/A",
        "The interests of minority shareholders": "N/A",
        "Total Cost of profits": 3436,
        "Profit after tax corporate income": 12180,
        "Volume": 10372365,
        "Close of Quarter": 23.9,
        "EPS": 3745.9,
        "Non-adjusted EPS": 5381,
        "PE": 4.4,
        "Book Price": 13.7
      }
    },
    {
      "quarter": "Q4 2014",
      "income status": {
        "Net sales": 67430,
        "Cost of goods sold": 43924,
        "Gross Profit": 23506,
        "Financial expenses": 587,
        "Of which: Interest expense": 227,
        "Cost of sales": 4340,
        "Enterprise cost management": 4172,
        "Total Operating Expenses": 9099,
        "Total revenue financing activities": 2343,
        "Net profit from business activities": 16751,
        "Profit": 844,
        "Profit before tax": 17595,
        "Present corporate income tax expenses": 3871,
        "Deferred income taxes expenses": "N/A",
        "The interests of minority shareholders": "N/A",
        "Total Cost of profits": 3871,
        "Profit after tax corporate income": 13724,
        "Volume": 10372365,
        "Close of Quarter": 20.7,
        "EPS": 3552.4,
        "Non-adjusted EPS": 5103,
        "PE": 4.1,
        "Book Price": 13.7
      }
    },
    {
      "quarter": "Q3 2014",
      "income status": {
        "Net sales": 76068,
        "Cost of goods sold": 48980,
        "Gross Profit": 27088,
        "Financial expenses": 776,
        "Of which: Interest expense": 185,
        "Cost of sales": 4118,
        "Enterprise cost management": 3945,
        "Total Operating Expenses": 8839,
        "Total revenue financing activities": 2012,
        "Net profit from business activities": 20261,
        "Profit": 950,
        "Profit before tax": 21210,
        "Present corporate income tax expenses": 5085,
        "Deferred income taxes expenses": -127,
        "The interests of minority shareholders": "N/A",
        "Total Cost of profits": 4958,
        "Profit after tax corporate income": 16253,
        "Volume": 10372365,
        "Close of Quarter": 17.5,
        "EPS": 3345.7,
        "Non-adjusted EPS": 4806,
        "PE": 3.6,
        "Book Price": 13.6
      }
    },
    {
      "quarter": "Q2 2014",
      "income status": {
        "Net sales": 67297,
        "Cost of goods sold": 43465,
        "Gross Profit": 23832,
        "Financial expenses": 1004,
        "Of which: Interest expense": 202,
        "Cost of sales": 3578,
        "Enterprise cost management": 4523,
        "Total Operating Expenses": 9105,
        "Total revenue financing activities": 2319,
        "Net profit from business activities": 17045,
        "Profit": 838,
        "Profit before tax": 17883,
        "Present corporate income tax expenses": 4353,
        "Deferred income taxes expenses": -127,
        "The interests of minority shareholders": "N/A",
        "Total Cost of profits": 4226,
        "Profit after tax corporate income": 13657,
        "Volume": 10372365,
        "Close of Quarter": 15.8,
        "EPS": 3090.9,
        "Non-adjusted EPS": 4440,
        "PE": 3.6,
        "Book Price": 12.6
      }
    },
    {
      "quarter": "Q1 2014",
      "income status": {
        "Net sales": 53284,
        "Cost of goods sold": 35565,
        "Gross Profit": 17719,
        "Financial expenses": 147,
        "Of which: Interest expense": 276,
        "Cost of sales": 3386,
        "Enterprise cost management": 3708,
        "Total Operating Expenses": 7241,
        "Total revenue financing activities": 1100,
        "Net profit from business activities": 11577,
        "Profit": 340,
        "Profit before tax": 11917,
        "Present corporate income tax expenses": 2622,
        "Deferred income taxes expenses": "N/A",
        "The interests of minority shareholders": "N/A",
        "Total Cost of profits": 2622,
        "Profit after tax corporate income": 9296,
        "Volume": 10372365,
        "Close of Quarter": 14.4,
        "EPS": 2705.2,
        "Non-adjusted EPS": 3886,
        "PE": 3.7,
        "Book Price": 12.3
      }
    },
    {
      "quarter": "Q4 2013",
      "income status": {
        "Net sales": 73315,
        "Cost of goods sold": 50427,
        "Gross Profit": 22888,
        "Financial expenses": 262,
        "Of which: Interest expense": 196,
        "Cost of sales": 4052,
        "Enterprise cost management": 6617,
        "Total Operating Expenses": 10931,
        "Total revenue financing activities": 1533,
        "Net profit from business activities": 13491,
        "Profit": 698,
        "Profit before tax": 14189,
        "Present corporate income tax expenses": 3547,
        "Deferred income taxes expenses": "N/A",
        "The interests of minority shareholders": "N/A",
        "Total Cost of profits": 3547,
        "Profit after tax corporate income": 10642,
        "Volume": 10372365,
        "Close of Quarter": 12.9,
        "EPS": 2572.2,
        "Non-adjusted EPS": 3695,
        "PE": 3.5,
        "Book Price": 11.9
      }
    },
    {
      "quarter": "Q3 2013",
      "income status": {
        "Net sales": 65342,
        "Cost of goods sold": 41466,
        "Gross Profit": 23876,
        "Financial expenses": 391,
        "Of which: Interest expense": 204,
        "Cost of sales": 3469,
        "Enterprise cost management": 4955,
        "Total Operating Expenses": 8815,
        "Total revenue financing activities": 1569,
        "Net profit from business activities": 16630,
        "Profit": 337,
        "Profit before tax": 16967,
        "Present corporate income tax expenses": 4985,
        "Deferred income taxes expenses": -480,
        "The interests of minority shareholders": "N/A",
        "Total Cost of profits": 4505,
        "Profit after tax corporate income": 12461,
        "Volume": 10372365,
        "Close of Quarter": 9.2,
        "EPS": 2880.6,
        "Non-adjusted EPS": 4138,
        "PE": 2.2,
        "Book Price": 12.5
      }
    },
    {
      "quarter": "Q2 2013",
      "income status": {
        "Net sales": 56860,
        "Cost of goods sold": 38042,
        "Gross Profit": 18819,
        "Financial expenses": 933,
        "Of which: Interest expense": 287,
        "Cost of sales": 3328,
        "Enterprise cost management": 5805,
        "Total Operating Expenses": 10066,
        "Total revenue financing activities": 1850,
        "Net profit from business activities": 10602,
        "Profit": 288,
        "Profit before tax": 10890,
        "Present corporate income tax expenses": 3466,
        "Deferred income taxes expenses": -480,
        "The interests of minority shareholders": "N/A",
        "Total Cost of profits": 2986,
        "Profit after tax corporate income": 7903,
        "Volume": 10372365,
        "Close of Quarter": 8.7,
        "EPS": 2665.5,
        "Non-adjusted EPS": 3829,
        "PE": 2.3,
        "Book Price": 11.7
      }
    },
    {
      "quarter": "Q1 2013",
      "income status": {
        "Net sales": 41850,
        "Cost of goods sold": 26511,
        "Gross Profit": 15339,
        "Financial expenses": 452,
        "Of which: Interest expense": 373,
        "Cost of sales": 3023,
        "Enterprise cost management": 3655,
        "Total Operating Expenses": 7130,
        "Total revenue financing activities": 1459,
        "Net profit from business activities": 9668,
        "Profit": 87,
        "Profit before tax": 9754,
        "Present corporate income tax expenses": 2439,
        "Deferred income taxes expenses": "N/A",
        "The interests of minority shareholders": "N/A",
        "Total Cost of profits": 2439,
        "Profit after tax corporate income": 7316,
        "Volume": 10372365,
        "Close of Quarter": 8.9,
        "EPS": 2599.4,
        "Non-adjusted EPS": 3734,
        "PE": 2.4,
        "Book Price": 11.2
      }
    },
    {
      "quarter": "Q4 2012",
      "income status": {
        "Net sales": 67387,
        "Cost of goods sold": 45256,
        "Gross Profit": 22130,
        "Financial expenses": 562,
        "Of which: Interest expense": 2613,
        "Cost of sales": 3750,
        "Enterprise cost management": 1676,
        "Total Operating Expenses": 5988,
        "Total revenue financing activities": 2099,
        "Net profit from business activities": 18241,
        "Profit": 228,
        "Profit before tax": 18469,
        "Present corporate income tax expenses": 3232,
        "Deferred income taxes expenses": "N/A",
        "The interests of minority shareholders": "N/A",
        "Total Cost of profits": 3232,
        "Profit after tax corporate income": 15237,
        "Volume": 10372365,
        "Close of Quarter": 7.7,
        "EPS": 2709.4,
        "Non-adjusted EPS": 3892,
        "PE": 2.0,
        "Book Price": 10.9
      }
    },
    {
      "quarter": "Q3 2012",
      "income status": {
        "Net sales": 62663,
        "Cost of goods sold": 44822,
        "Gross Profit": 17841,
        "Financial expenses": 653,
        "Of which: Interest expense": 601,
        "Cost of sales": 3158,
        "Enterprise cost management": 4775,
        "Total Operating Expenses": 8586,
        "Total revenue financing activities": 1664,
        "Net profit from business activities": 10920,
        "Profit": 299,
        "Profit before tax": 11219,
        "Present corporate income tax expenses": 1963,
        "Deferred income taxes expenses": "N/A",
        "The interests of minority shareholders": "N/A",
        "Total Cost of profits": 1963,
        "Profit after tax corporate income": 9256,
        "Volume": 10372365,
        "Close of Quarter": 6.8,
        "EPS": 2210.3,
        "Non-adjusted EPS": 3175,
        "PE": 2.2,
        "Book Price": 10.7
      }
    },
    {
      "quarter": "Q2 2012",
      "income status": {
        "Net sales": 52262,
        "Cost of goods sold": 38823,
        "Gross Profit": 13440,
        "Financial expenses": 537,
        "Of which: Interest expense": 354,
        "Cost of sales": 3272,
        "Enterprise cost management": 4934,
        "Total Operating Expenses": 8743,
        "Total revenue financing activities": 2047,
        "Net profit from business activities": 6744,
        "Profit": 329,
        "Profit before tax": 7073,
        "Present corporate income tax expenses": 466,
        "Deferred income taxes expenses": -314,
        "The interests of minority shareholders": "N/A",
        "Total Cost of profits": 152,
        "Profit after tax corporate income": 6921,
        "Volume": 10372365,
        "Close of Quarter": 9.0,
        "EPS": 2458.1,
        "Non-adjusted EPS": 3531,
        "PE": 2.5,
        "Book Price": 10.1
      }
    },
    {
      "quarter": "Q1 2012",
      "income status": {
        "Net sales": 48971,
        "Cost of goods sold": 31283,
        "Gross Profit": 17688,
        "Financial expenses": 171,
        "Of which: Interest expense": 85,
        "Cost of sales": 3122,
        "Enterprise cost management": 3925,
        "Total Operating Expenses": 7218,
        "Total revenue financing activities": 1178,
        "Net profit from business activities": 11648,
        "Profit": 291,
        "Profit before tax": 11939,
        "Present corporate income tax expenses": 2985,
        "Deferred income taxes expenses": "N/A",
        "The interests of minority shareholders": "N/A",
        "Total Cost of profits": 2985,
        "Profit after tax corporate income": 8954,
        "Volume": 10372365,
        "Close of Quarter": 7.2,
        "EPS": 2873.0,
        "Non-adjusted EPS": 4127,
        "PE": 1.7,
        "Book Price": 10.4
      }
    },
    {
      "quarter": "Q4 2011",
      "income status": {
        "Net sales": 64925,
        "Cost of goods sold": 48773,
        "Gross Profit": 16153,
        "Financial expenses": 750,
        "Of which: Interest expense": 293,
        "Cost of sales": 3240,
        "Enterprise cost management": 4258,
        "Total Operating Expenses": 8248,
        "Total revenue financing activities": 1590,
        "Net profit from business activities": 9495,
        "Profit": 335,
        "Profit before tax": 52906,
        "Present corporate income tax expenses": 2025,
        "Deferred income taxes expenses": "N/A",
        "The interests of minority shareholders": "N/A",
        "Total Cost of profits": 2025,
        "Profit after tax corporate income": 7805,
        "Volume": 10372365,
        "Close of Quarter": 7.3,
        "EPS": 2829.1,
        "Non-adjusted EPS": 4064,
        "PE": 1.8,
        "Book Price": 10.5
      }
    },
    {
      "quarter": "Q3 2011",
      "income status": {
        "Net sales": 65259,
        "Cost of goods sold": 41402,
        "Gross Profit": 23857,
        "Financial expenses": 941,
        "Of which: Interest expense": 519,
        "Cost of sales": 3314,
        "Enterprise cost management": 4794,
        "Total Operating Expenses": 9049,
        "Total revenue financing activities": 1360,
        "Net profit from business activities": 16168,
        "Profit": 311,
        "Profit before tax": 16479,
        "Present corporate income tax expenses": 3532,
        "Deferred income taxes expenses": "N/A",
        "The interests of minority shareholders": "N/A",
        "Total Cost of profits": 3532,
        "Profit after tax corporate income": 12948,
        "Volume": 10372365,
        "Close of Quarter": 7.1,
        "EPS": 2747.7,
        "Non-adjusted EPS": 3947,
        "PE": 1.8,
        "Book Price": 10.0
      }
    },
    {
      "quarter": "Q2 2011",
      "income status": {
        "Net sales": 49280,
        "Cost of goods sold": 29824,
        "Gross Profit": 19456,
        "Financial expenses": 341,
        "Of which: Interest expense": 173,
        "Cost of sales": 3008,
        "Enterprise cost management": 3905,
        "Total Operating Expenses": 7254,
        "Total revenue financing activities": 2780,
        "Net profit from business activities": 14982,
        "Profit": 1236,
        "Profit before tax": 16218,
        "Present corporate income tax expenses": 2779,
        "Deferred income taxes expenses": 338,
        "The interests of minority shareholders": "N/A",
        "Total Cost of profits": 3117,
        "Profit after tax corporate income": 13101,
        "Volume": 10372365,
        "Close of Quarter": 5.9,
        "EPS": 2833.3,
        "Non-adjusted EPS": 4070,
        "PE": 1.4,
        "Book Price": 10.0
      }
    },
    {
      "quarter": "Q1 2011",
      "income status": {
        "Net sales": 40221,
        "Cost of goods sold": 24873,
        "Gross Profit": 15348,
        "Financial expenses": 813,
        "Of which: Interest expense": 789,
        "Cost of sales": 3078,
        "Enterprise cost management": 2810,
        "Total Operating Expenses": 6701,
        "Total revenue financing activities": 1538,
        "Net profit from business activities": 10186,
        "Profit": 192,
        "Profit before tax": 10378,
        "Present corporate income tax expenses": 2076,
        "Deferred income taxes expenses": "N/A",
        "The interests of minority shareholders": "N/A",
        "Total Cost of profits": 2076,
        "Profit after tax corporate income": 8302,
        "Volume": 10372365,
        "Close of Quarter": 6.8,
        "EPS": 2366.9,
        "Non-adjusted EPS": 3400,
        "PE": 2.0,
        "Book Price": 10.0
      }
    }
  ]
}