{
  "ticker": "TDS",
  "data": [
    {
      "quarter": "Q4 2016",
      "income status": {
        "Net sales": 469175,
        "Cost of goods sold": 443731,
        "Gross Profit": 25444,
        "Financial expenses": 703,
        "Of which: Interest expense": 682,
        "Cost of sales": 6897,
        "Enterprise cost management": 10141,
        "Total Operating Expenses": 17741,
        "Total revenue financing activities": 856,
        "Net profit from business activities": 8559,
        "Profit": "N/A",
        "Profit before tax": 8559,
        "Present corporate income tax expenses": 1744,
        "Deferred income taxes expenses": "N/A",
        "The interests of minority shareholders": "N/A",
        "Total Cost of profits": 1744,
        "Profit after tax corporate income": 6815,
        "Volume": 12225393,
        "Close of Quarter": 10,
        "EPS": 2850,
        "Non-adjusted EPS": 2850,
        "PE": 3.5,
        "Book Price": 17.7
      }
    },
    {
      "quarter": "Q3 2016",
      "income status": {
        "Net sales": 422909,
        "Cost of goods sold": 407893,
        "Gross Profit": 15016,
        "Financial expenses": 753,
        "Of which: Interest expense": 742,
        "Cost of sales": -2577,
        "Enterprise cost management": 9286,
        "Total Operating Expenses": 7462,
        "Total revenue financing activities": 192,
        "Net profit from business activities": 7745,
        "Profit": -76,
        "Profit before tax": 7669,
        "Present corporate income tax expenses": 1778,
        "Deferred income taxes expenses": "N/A",
        "The interests of minority shareholders": "N/A",
        "Total Cost of profits": 1778,
        "Profit after tax corporate income": 5891,
        "Volume": 12225393,
        "Close of Quarter": 13,
        "EPS": 3227,
        "Non-adjusted EPS": 3227,
        "PE": 4.0,
        "Book Price": 17.1
      }
    },
    {
      "quarter": "Q2 2016",
      "income status": {
        "Net sales": 368307,
        "Cost of goods sold": 337857,
        "Gross Profit": 30450,
        "Financial expenses": -1500,
        "Of which: Interest expense": 460,
        "Cost of sales": 3707,
        "Enterprise cost management": 8374,
        "Total Operating Expenses": 10581,
        "Total revenue financing activities": 464,
        "Net profit from business activities": 20333,
        "Profit": "N/A",
        "Profit before tax": 20333,
        "Present corporate income tax expenses": 4078,
        "Deferred income taxes expenses": "N/A",
        "The interests of minority shareholders": "N/A",
        "Total Cost of profits": 4078,
        "Profit after tax corporate income": 16254,
        "Volume": 12225393,
        "Close of Quarter": 10.7,
        "EPS": 3663,
        "Non-adjusted EPS": 3663,
        "PE": 2.9,
        "Book Price": 16.6
      }
    },
    {
      "quarter": "Q1 2016",
      "income status": {
        "Net sales": 449912,
        "Cost of goods sold": 423020,
        "Gross Profit": 26892,
        "Financial expenses": 3550,
        "Of which: Interest expense": 1547,
        "Cost of sales": 5060,
        "Enterprise cost management": 11351,
        "Total Operating Expenses": 19961,
        "Total revenue financing activities": 429,
        "Net profit from business activities": 7360,
        "Profit": "N/A",
        "Profit before tax": 7360,
        "Present corporate income tax expenses": 1472,
        "Deferred income taxes expenses": "N/A",
        "The interests of minority shareholders": "N/A",
        "Total Cost of profits": 1472,
        "Profit after tax corporate income": 5888,
        "Volume": 12225393,
        "Close of Quarter": 12.0,
        "EPS": 3586,
        "Non-adjusted EPS": 3586,
        "PE": 3.4,
        "Book Price": 17
      }
    },
    {
      "quarter": "Q4 2015",
      "income status": {
        "Net sales": 375919,
        "Cost of goods sold": 346378,
        "Gross Profit": 29541,
        "Financial expenses": 2638,
        "Of which: Interest expense": -4034,
        "Cost of sales": 6704,
        "Enterprise cost management": 6185,
        "Total Operating Expenses": 15527,
        "Total revenue financing activities": 566,
        "Net profit from business activities": 14579,
        "Profit": 92,
        "Profit before tax": 14672,
        "Present corporate income tax expenses": 3252,
        "Deferred income taxes expenses": "N/A",
        "The interests of minority shareholders": "N/A",
        "Total Cost of profits": 3252,
        "Profit after tax corporate income": 11420,
        "Volume": 12225393,
        "Close of Quarter": 8.3,
        "EPS": 3495,
        "Non-adjusted EPS": 3495,
        "PE": 2.4,
        "Book Price": 16.5
      }
    },
    {
      "quarter": "Q3 2015",
      "income status": {
        "Net sales": 373860,
        "Cost of goods sold": 343857,
        "Gross Profit": 30003,
        "Financial expenses": 4271,
        "Of which: Interest expense": 4146,
        "Cost of sales": 4101,
        "Enterprise cost management": 8960,
        "Total Operating Expenses": 17332,
        "Total revenue financing activities": 1481,
        "Net profit from business activities": 14152,
        "Profit": 233,
        "Profit before tax": 14385,
        "Present corporate income tax expenses": 3165,
        "Deferred income taxes expenses": "N/A",
        "The interests of minority shareholders": "N/A",
        "Total Cost of profits": 3165,
        "Profit after tax corporate income": 11220,
        "Volume": 12225393,
        "Close of Quarter": 6.6,
        "EPS": 3455,
        "Non-adjusted EPS": 3455,
        "PE": 1.9,
        "Book Price": 15.5
      }
    },
    {
      "quarter": "Q2 2015",
      "income status": {
        "Net sales": 445874,
        "Cost of goods sold": 428905,
        "Gross Profit": 16969,
        "Financial expenses": -1600,
        "Of which: Interest expense": -1661,
        "Cost of sales": -77,
        "Enterprise cost management": 466,
        "Total Operating Expenses": -1211,
        "Total revenue financing activities": 2252,
        "Net profit from business activities": 20432,
        "Profit": -594,
        "Profit before tax": 19837,
        "Present corporate income tax expenses": 4523,
        "Deferred income taxes expenses": "N/A",
        "The interests of minority shareholders": "N/A",
        "Total Cost of profits": 4523,
        "Profit after tax corporate income": 15314,
        "Volume": 12225393,
        "Close of Quarter": 3.8,
        "EPS": 2538,
        "Non-adjusted EPS": 2538,
        "PE": 1.5,
        "Book Price": 14.6
      }
    },
    {
      "quarter": "Q1 2015",
      "income status": {
        "Net sales": 387564,
        "Cost of goods sold": 351682,
        "Gross Profit": 35881,
        "Financial expenses": 8338,
        "Of which: Interest expense": 8320,
        "Cost of sales": 5557,
        "Enterprise cost management": 16191,
        "Total Operating Expenses": 30086,
        "Total revenue financing activities": 370,
        "Net profit from business activities": 6165,
        "Profit": -40,
        "Profit before tax": 6125,
        "Present corporate income tax expenses": 1348,
        "Deferred income taxes expenses": "N/A",
        "The interests of minority shareholders": "N/A",
        "Total Cost of profits": 1348,
        "Profit after tax corporate income": 4778,
        "Volume": 12225393,
        "Close of Quarter": 4.2,
        "EPS": 1497,
        "Non-adjusted EPS": 1497,
        "PE": 2.8,
        "Book Price": 14.3
      }
    },
    {
      "quarter": "Q4 2014",
      "income status": {
        "Net sales": 476454,
        "Cost of goods sold": 455285,
        "Gross Profit": 21170,
        "Financial expenses": 41,
        "Of which: Interest expense": -11,
        "Cost of sales": 588,
        "Enterprise cost management": 8969,
        "Total Operating Expenses": 9598,
        "Total revenue financing activities": 1832,
        "Net profit from business activities": 13404,
        "Profit": 561,
        "Profit before tax": 13964,
        "Present corporate income tax expenses": 3037,
        "Deferred income taxes expenses": "N/A",
        "The interests of minority shareholders": "N/A",
        "Total Cost of profits": 3037,
        "Profit after tax corporate income": 10927,
        "Volume": 12225393,
        "Close of Quarter": 4.2,
        "EPS": 986,
        "Non-adjusted EPS": 986,
        "PE": 4.2,
        "Book Price": 13.9
      }
    },
    {
      "quarter": "Q3 2014",
      "income status": {
        "Net sales": 464067,
        "Cost of goods sold": 441533,
        "Gross Profit": 22534,
        "Financial expenses": 9071,
        "Of which: Interest expense": 8897,
        "Cost of sales": 6100,
        "Enterprise cost management": 7500,
        "Total Operating Expenses": 22671,
        "Total revenue financing activities": 230,
        "Net profit from business activities": 93,
        "Profit": -75,
        "Profit before tax": 18,
        "Present corporate income tax expenses": 4,
        "Deferred income taxes expenses": "N/A",
        "The interests of minority shareholders": "N/A",
        "Total Cost of profits": 4,
        "Profit after tax corporate income": 14,
        "Volume": 12225393,
        "Close of Quarter": 3.3,
        "EPS": 242,
        "Non-adjusted EPS": 242,
        "PE": 13.6,
        "Book Price": 13
      }
    },
    {
      "quarter": "Q2 2014",
      "income status": {
        "Net sales": 490545,
        "Cost of goods sold": 470593,
        "Gross Profit": 19952,
        "Financial expenses": 5183,
        "Of which: Interest expense": 4155,
        "Cost of sales": 5554,
        "Enterprise cost management": 6609,
        "Total Operating Expenses": 17346,
        "Total revenue financing activities": 246,
        "Net profit from business activities": 2852,
        "Profit": 77,
        "Profit before tax": 2929,
        "Present corporate income tax expenses": 346,
        "Deferred income taxes expenses": "N/A",
        "The interests of minority shareholders": "N/A",
        "Total Cost of profits": 346,
        "Profit after tax corporate income": 2583,
        "Volume": 12225393,
        "Close of Quarter": 3.3,
        "EPS": 259,
        "Non-adjusted EPS": 259,
        "PE": 12.7,
        "Book Price": 13
      }
    },
    {
      "quarter": "Q1 2014",
      "income status": {
        "Net sales": 429246,
        "Cost of goods sold": 416162,
        "Gross Profit": 13084,
        "Financial expenses": 5871,
        "Of which: Interest expense": 5808,
        "Cost of sales": 3565,
        "Enterprise cost management": 5791,
        "Total Operating Expenses": 15227,
        "Total revenue financing activities": 675,
        "Net profit from business activities": -1469,
        "Profit": "N/A",
        "Profit before tax": -1469,
        "Present corporate income tax expenses": "N/A",
        "Deferred income taxes expenses": "N/A",
        "The interests of minority shareholders": "N/A",
        "Total Cost of profits": 0,
        "Profit after tax corporate income": -1469,
        "Volume": 12225393,
        "Close of Quarter": 3.0,
        "EPS": 48,
        "Non-adjusted EPS": 48,
        "PE": 62.1,
        "Book Price": 13.4
      }
    },
    {
      "quarter": "Q4 2013",
      "income status": {
        "Net sales": 567418,
        "Cost of goods sold": 551930,
        "Gross Profit": 15488,
        "Financial expenses": 4412,
        "Of which: Interest expense": 4327,
        "Cost of sales": 5876,
        "Enterprise cost management": 2988,
        "Total Operating Expenses": 13276,
        "Total revenue financing activities": 484,
        "Net profit from business activities": 2696,
        "Profit": -32,
        "Profit before tax": 2663,
        "Present corporate income tax expenses": 834,
        "Deferred income taxes expenses": "N/A",
        "The interests of minority shareholders": "N/A",
        "Total Cost of profits": 834,
        "Profit after tax corporate income": 1829,
        "Volume": 12225393,
        "Close of Quarter": 3.9,
        "EPS": 168,
        "Non-adjusted EPS": 168,
        "PE": 23.3,
        "Book Price": 13.5
      }
    },
    {
      "quarter": "Q3 2013",
      "income status": {
        "Net sales": 496022,
        "Cost of goods sold": 479412,
        "Gross Profit": 16609,
        "Financial expenses": 7092,
        "Of which: Interest expense": 6868,
        "Cost of sales": 4530,
        "Enterprise cost management": 5003,
        "Total Operating Expenses": 16625,
        "Total revenue financing activities": 317,
        "Net profit from business activities": 302,
        "Profit": "N/A",
        "Profit before tax": 301,
        "Present corporate income tax expenses": 75,
        "Deferred income taxes expenses": "N/A",
        "The interests of minority shareholders": "N/A",
        "Total Cost of profits": 75,
        "Profit after tax corporate income": 226,
        "Volume": 12225393,
        "Close of Quarter": 5.4,
        "EPS": 18,
        "Non-adjusted EPS": 18,
        "PE": 300,
        "Book Price": 13.3
      }
    }
  ]
}