{
  "ticker": "BTS",
  "data": [
    {
      "quarter": "Q4 2016",
      "income status": {
        "Net sales": 857386,
        "Cost of goods sold": 710699,
        "Gross Profit": 146686,
        "Financial expenses": 36556,
        "Of which: Interest expense": 35015,
        "Cost of sales": 61277,
        "Enterprise cost management": 27029,
        "Total Operating Expenses": 124862,
        "Total revenue financing activities": 31438,
        "Net profit from business activities": 53263,
        "Profit": 821,
        "Profit before tax": 54084,
        "Present corporate income tax expenses": 11096,
        "Deferred income taxes expenses": "N/A",
        "The interests of minority shareholders": "N/A",
        "Total Cost of profits": 11096,
        "Profit after tax corporate income": 42988,
        "Volume": 109056192,
        "Close of Quarter": 9.8,
        "EPS": 1207,
        "Non-adjusted EPS": 1207,
        "PE": 8.1,
        "Book Price": 12.5
      }
    },
    {
      "quarter": "Q3 2016",
      "income status": {
        "Net sales": 751430,
        "Cost of goods sold": 633837,
        "Gross Profit": 117593,
        "Financial expenses": 32708,
        "Of which: Interest expense": 28237,
        "Cost of sales": 42726,
        "Enterprise cost management": 27965,
        "Total Operating Expenses": 103399,
        "Total revenue financing activities": 2098,
        "Net profit from business activities": 16293,
        "Profit": 4192,
        "Profit before tax": 20484,
        "Present corporate income tax expenses": 4097,
        "Deferred income taxes expenses": "N/A",
        "The interests of minority shareholders": "N/A",
        "Total Cost of profits": 4097,
        "Profit after tax corporate income": 16387,
        "Volume": 109056192,
        "Close of Quarter": 9.8,
        "EPS": 1002,
        "Non-adjusted EPS": 1002,
        "PE": 9.8,
        "Book Price": 12.1
      }
    },
    {
      "quarter": "Q2 2016",
      "income status": {
        "Net sales": 902854,
        "Cost of goods sold": 739308,
        "Gross Profit": 163546,
        "Financial expenses": 13461,
        "Of which: Interest expense": 30160,
        "Cost of sales": 39088,
        "Enterprise cost management": 42377,
        "Total Operating Expenses": 94926,
        "Total revenue financing activities": 633,
        "Net profit from business activities": 69252,
        "Profit": 1105,
        "Profit before tax": 70358,
        "Present corporate income tax expenses": 14506,
        "Deferred income taxes expenses": "N/A",
        "The interests of minority shareholders": "N/A",
        "Total Cost of profits": 14506,
        "Profit after tax corporate income": 55852,
        "Volume": 109056192,
        "Close of Quarter": 8.8,
        "EPS": 627,
        "Non-adjusted EPS": 627,
        "PE": 14.0,
        "Book Price": 12
      }
    },
    {
      "quarter": "Q1 2016",
      "income status": {
        "Net sales": 736810,
        "Cost of goods sold": 617236,
        "Gross Profit": 119574,
        "Financial expenses": 57510,
        "Of which: Interest expense": 31342,
        "Cost of sales": 24212,
        "Enterprise cost management": 19622,
        "Total Operating Expenses": 101344,
        "Total revenue financing activities": 2054,
        "Net profit from business activities": 20285,
        "Profit": 287,
        "Profit before tax": 20572,
        "Present corporate income tax expenses": 4114,
        "Deferred income taxes expenses": "N/A",
        "The interests of minority shareholders": "N/A",
        "Total Cost of profits": 4114,
        "Profit after tax corporate income": 16458,
        "Volume": 109056192,
        "Close of Quarter": 8.9,
        "EPS": 224,
        "Non-adjusted EPS": 224,
        "PE": 39.7,
        "Book Price": 11.5
      }
    },
    {
      "quarter": "Q4 2015",
      "income status": {
        "Net sales": 874645,
        "Cost of goods sold": 768624,
        "Gross Profit": 106020,
        "Financial expenses": 38349,
        "Of which: Interest expense": 33413,
        "Cost of sales": 41736,
        "Enterprise cost management": 37393,
        "Total Operating Expenses": 117478,
        "Total revenue financing activities": 29305,
        "Net profit from business activities": 17849,
        "Profit": 2740,
        "Profit before tax": 20589,
        "Present corporate income tax expenses": "N/A",
        "Deferred income taxes expenses": "N/A",
        "The interests of minority shareholders": "N/A",
        "Total Cost of profits": 0,
        "Profit after tax corporate income": 20589,
        "Volume": 109056192,
        "Close of Quarter": 9,
        "EPS": 1309,
        "Non-adjusted EPS": 1309,
        "PE": 6.9,
        "Book Price": 11.3
      }
    },
    {
      "quarter": "Q3 2015",
      "income status": {
        "Net sales": 689665,
        "Cost of goods sold": 581590,
        "Gross Profit": 108076,
        "Financial expenses": 70062,
        "Of which: Interest expense": 33937,
        "Cost of sales": 27475,
        "Enterprise cost management": 37221,
        "Total Operating Expenses": 134758,
        "Total revenue financing activities": 1066,
        "Net profit from business activities": -25616,
        "Profit": 1103,
        "Profit before tax": -24513,
        "Present corporate income tax expenses": "N/A",
        "Deferred income taxes expenses": "N/A",
        "The interests of minority shareholders": "N/A",
        "Total Cost of profits": 0,
        "Profit after tax corporate income": -24513,
        "Volume": 109056192,
        "Close of Quarter": 8.9,
        "EPS": 1945,
        "Non-adjusted EPS": 1945,
        "PE": 4.6,
        "Book Price": 11.1
      }
    },
    {
      "quarter": "Q2 2015",
      "income status": {
        "Net sales": 757495,
        "Cost of goods sold": 600076,
        "Gross Profit": 157418,
        "Financial expenses": 39132,
        "Of which: Interest expense": 34028,
        "Cost of sales": 24287,
        "Enterprise cost management": 30625,
        "Total Operating Expenses": 94044,
        "Total revenue financing activities": -49343,
        "Net profit from business activities": 14031,
        "Profit": 1258,
        "Profit before tax": 15289,
        "Present corporate income tax expenses": 3362,
        "Deferred income taxes expenses": "N/A",
        "The interests of minority shareholders": "N/A",
        "Total Cost of profits": 3362,
        "Profit after tax corporate income": 11927,
        "Volume": 109056192,
        "Close of Quarter": 9.5,
        "EPS": 2382,
        "Non-adjusted EPS": 2382,
        "PE": 4.0,
        "Book Price": 11.4
      }
    },
    {
      "quarter": "Q1 2015",
      "income status": {
        "Net sales": 657298,
        "Cost of goods sold": 518147,
        "Gross Profit": 139151,
        "Financial expenses": 42880,
        "Of which: Interest expense": 40526,
        "Cost of sales": 38721,
        "Enterprise cost management": 27338,
        "Total Operating Expenses": 108939,
        "Total revenue financing activities": 106039,
        "Net profit from business activities": 136252,
        "Profit": 383,
        "Profit before tax": 136634,
        "Present corporate income tax expenses": 1876,
        "Deferred income taxes expenses": "N/A",
        "The interests of minority shareholders": "N/A",
        "Total Cost of profits": 1876,
        "Profit after tax corporate income": 134758,
        "Volume": 109056192,
        "Close of Quarter": 10.1,
        "EPS": 2352,
        "Non-adjusted EPS": 2352,
        "PE": 4.3,
        "Book Price": 11.3
      }
    },
    {
      "quarter": "Q4 2014",
      "income status": {
        "Net sales": 829463,
        "Cost of goods sold": 643851,
        "Gross Profit": 185612,
        "Financial expenses": 99241,
        "Of which: Interest expense": 50439,
        "Cost of sales": 83362,
        "Enterprise cost management": 44220,
        "Total Operating Expenses": 226823,
        "Total revenue financing activities": 129226,
        "Net profit from business activities": 88015,
        "Profit": 1918,
        "Profit before tax": 89932,
        "Present corporate income tax expenses": "N/A",
        "Deferred income taxes expenses": "N/A",
        "The interests of minority shareholders": "N/A",
        "Total Cost of profits": 0,
        "Profit after tax corporate income": 89932,
        "Volume": 109056192,
        "Close of Quarter": 7.6,
        "EPS": 1118,
        "Non-adjusted EPS": 1118,
        "PE": 6.8,
        "Book Price": 10
      }
    },
    {
      "quarter": "Q3 2014",
      "income status": {
        "Net sales": 739327,
        "Cost of goods sold": 585842,
        "Gross Profit": 153484,
        "Financial expenses": 68162,
        "Of which: Interest expense": 57727,
        "Cost of sales": 40840,
        "Enterprise cost management": 24384,
        "Total Operating Expenses": 133386,
        "Total revenue financing activities": 1860,
        "Net profit from business activities": 21958,
        "Profit": 1234,
        "Profit before tax": 23192,
        "Present corporate income tax expenses": "N/A",
        "Deferred income taxes expenses": "N/A",
        "The interests of minority shareholders": "N/A",
        "Total Cost of profits": 0,
        "Profit after tax corporate income": 23192,
        "Volume": 109056192,
        "Close of Quarter": 6.8,
        "EPS": -1332,
        "Non-adjusted EPS": -1332,
        "PE": -5.1,
        "Book Price": 8.8
      }
    },
    {
      "quarter": "Q2 2014",
      "income status": {
        "Net sales": 722938,
        "Cost of goods sold": 584311,
        "Gross Profit": 138626,
        "Financial expenses": 65149,
        "Of which: Interest expense": 61336,
        "Cost of sales": 38352,
        "Enterprise cost management": 28646,
        "Total Operating Expenses": 132147,
        "Total revenue financing activities": 176,
        "Net profit from business activities": 6655,
        "Profit": 1974,
        "Profit before tax": 8628,
        "Present corporate income tax expenses": "N/A",
        "Deferred income taxes expenses": "N/A",
        "The interests of minority shareholders": "N/A",
        "Total Cost of profits": 0,
        "Profit after tax corporate income": 8628,
        "Volume": 109056192,
        "Close of Quarter": 5.1,
        "EPS": -1680,
        "Non-adjusted EPS": -1680,
        "PE": -3.0,
        "Book Price": 8.5
      }
    },
    {
      "quarter": "Q1 2014",
      "income status": {
        "Net sales": 638552,
        "Cost of goods sold": 516370,
        "Gross Profit": 122181,
        "Financial expenses": 64430,
        "Of which: Interest expense": 63600,
        "Cost of sales": 41864,
        "Enterprise cost management": 18760,
        "Total Operating Expenses": 125054,
        "Total revenue financing activities": 1600,
        "Net profit from business activities": -1272,
        "Profit": 1419,
        "Profit before tax": 147,
        "Present corporate income tax expenses": "N/A",
        "Deferred income taxes expenses": "N/A",
        "The interests of minority shareholders": "N/A",
        "Total Cost of profits": 0,
        "Profit after tax corporate income": 147,
        "Volume": 109056192,
        "Close of Quarter": 6,
        "EPS": -1648,
        "Non-adjusted EPS": -1648,
        "PE": -3.6,
        "Book Price": 8.4
      }
    },
    {
      "quarter": "Q4 2013",
      "income status": {
        "Net sales": 887521,
        "Cost of goods sold": 683965,
        "Gross Profit": 203555,
        "Financial expenses": 305887,
        "Of which: Interest expense": 67954,
        "Cost of sales": 50256,
        "Enterprise cost management": 26709,
        "Total Operating Expenses": 382852,
        "Total revenue financing activities": 248,
        "Net profit from business activities": -179049,
        "Profit": 1835,
        "Profit before tax": -177213,
        "Present corporate income tax expenses": "N/A",
        "Deferred income taxes expenses": "N/A",
        "The interests of minority shareholders": "N/A",
        "Total Cost of profits": 0,
        "Profit after tax corporate income": -177213,
        "Volume": 109056192,
        "Close of Quarter": 4.2,
        "EPS": -2066,
        "Non-adjusted EPS": -2066,
        "PE": -2.0,
        "Book Price": 8.4
      }
    },
    {
      "quarter": "Q3 2013",
      "income status": {
        "Net sales": 654938,
        "Cost of goods sold": 551278,
        "Gross Profit": 103660,
        "Financial expenses": 72001,
        "Of which: Interest expense": 65165,
        "Cost of sales": 28754,
        "Enterprise cost management": 19612,
        "Total Operating Expenses": 120367,
        "Total revenue financing activities": 105,
        "Net profit from business activities": -16602,
        "Profit": 1795,
        "Profit before tax": -14807,
        "Present corporate income tax expenses": "N/A",
        "Deferred income taxes expenses": "N/A",
        "The interests of minority shareholders": "N/A",
        "Total Cost of profits": 0,
        "Profit after tax corporate income": -14807,
        "Volume": 109056192,
        "Close of Quarter": 4.1,
        "EPS": -145,
        "Non-adjusted EPS": -145,
        "PE": -28.3,
        "Book Price": 8.6
      }
    },
    {
      "quarter": "Q2 2013",
      "income status": {
        "Net sales": 744839,
        "Cost of goods sold": 601767,
        "Gross Profit": 143071,
        "Financial expenses": 69048,
        "Of which: Interest expense": 68001,
        "Cost of sales": 36449,
        "Enterprise cost management": 24820,
        "Total Operating Expenses": 130317,
        "Total revenue financing activities": 227,
        "Net profit from business activities": 12982,
        "Profit": -787,
        "Profit before tax": 12194,
        "Present corporate income tax expenses": "N/A",
        "Deferred income taxes expenses": "N/A",
        "The interests of minority shareholders": "N/A",
        "Total Cost of profits": 0,
        "Profit after tax corporate income": 12194,
        "Volume": 109056192,
        "Close of Quarter": 4.3,
        "EPS": -641,
        "Non-adjusted EPS": -641,
        "PE": -6.7,
        "Book Price": 8.7
      }
    },
    {
      "quarter": "Q1 2013",
      "income status": {
        "Net sales": 583064,
        "Cost of goods sold": 498474,
        "Gross Profit": 84591,
        "Financial expenses": 75437,
        "Of which: Interest expense": 71021,
        "Cost of sales": 38005,
        "Enterprise cost management": 20596,
        "Total Operating Expenses": 134038,
        "Total revenue financing activities": 792,
        "Net profit from business activities": -48656,
        "Profit": 3153,
        "Profit before tax": -45504,
        "Present corporate income tax expenses": "N/A",
        "Deferred income taxes expenses": "N/A",
        "The interests of minority shareholders": "N/A",
        "Total Cost of profits": 0,
        "Profit after tax corporate income": -45504,
        "Volume": 109056192,
        "Close of Quarter": 3.7,
        "EPS": -744,
        "Non-adjusted EPS": -744,
        "PE": -5.0,
        "Book Price": 8.6
      }
    },
    {
      "quarter": "Q4 2012",
      "income status": {
        "Net sales": 685529,
        "Cost of goods sold": 553029,
        "Gross Profit": 132500,
        "Financial expenses": 57993,
        "Of which: Interest expense": 75503,
        "Cost of sales": 24066,
        "Enterprise cost management": 17574,
        "Total Operating Expenses": 99633,
        "Total revenue financing activities": 383,
        "Net profit from business activities": 33250,
        "Profit": 3718,
        "Profit before tax": 36968,
        "Present corporate income tax expenses": 4621,
        "Deferred income taxes expenses": "N/A",
        "The interests of minority shareholders": "N/A",
        "Total Cost of profits": 4621,
        "Profit after tax corporate income": 32347,
        "Volume": 109056192,
        "Close of Quarter": 3.6,
        "EPS": -310,
        "Non-adjusted EPS": -310,
        "PE": -11.6,
        "Book Price": 9
      }
    },
    {
      "quarter": "Q3 2012",
      "income status": {
        "Net sales": 581529,
        "Cost of goods sold": 506700,
        "Gross Profit": 74829,
        "Financial expenses": 99501,
        "Of which: Interest expense": 79208,
        "Cost of sales": 35883,
        "Enterprise cost management": 21319,
        "Total Operating Expenses": 156703,
        "Total revenue financing activities": 5346,
        "Net profit from business activities": -76528,
        "Profit": 7616,
        "Profit before tax": -68913,
        "Present corporate income tax expenses": "N/A",
        "Deferred income taxes expenses": "N/A",
        "The interests of minority shareholders": "N/A",
        "Total Cost of profits": 0,
        "Profit after tax corporate income": -68913,
        "Volume": 109056192,
        "Close of Quarter": 4.8,
        "EPS": -680,
        "Non-adjusted EPS": -680,
        "PE": -7.1,
        "Book Price": 9
      }
    },
    {
      "quarter": "Q2 2012",
      "income status": {
        "Net sales": 728794,
        "Cost of goods sold": 581371,
        "Gross Profit": 147423,
        "Financial expenses": 91483,
        "Of which: Interest expense": 86589,
        "Cost of sales": 42280,
        "Enterprise cost management": 16802,
        "Total Operating Expenses": 150565,
        "Total revenue financing activities": 1033,
        "Net profit from business activities": -2109,
        "Profit": 3145,
        "Profit before tax": 1036,
        "Present corporate income tax expenses": 129,
        "Deferred income taxes expenses": "N/A",
        "The interests of minority shareholders": "N/A",
        "Total Cost of profits": 129,
        "Profit after tax corporate income": 906,
        "Volume": 109056192,
        "Close of Quarter": 6.4,
        "EPS": -12,
        "Non-adjusted EPS": -12,
        "PE": -533.3,
        "Book Price": 9.5
      }
    },
    {
      "quarter": "Q1 2012",
      "income status": {
        "Net sales": 612569,
        "Cost of goods sold": 441536,
        "Gross Profit": 171033,
        "Financial expenses": 107569,
        "Of which: Interest expense": 89060,
        "Cost of sales": 43123,
        "Enterprise cost management": 19571,
        "Total Operating Expenses": 170263,
        "Total revenue financing activities": 1205,
        "Net profit from business activities": 1974,
        "Profit": 127,
        "Profit before tax": 2100,
        "Present corporate income tax expenses": 263,
        "Deferred income taxes expenses": "N/A",
        "The interests of minority shareholders": "N/A",
        "Total Cost of profits": 263,
        "Profit after tax corporate income": 1838,
        "Volume": 109056192,
        "Close of Quarter": 4.4,
        "EPS": 4,
        "Non-adjusted EPS": 4,
        "PE": 1100,
        "Book Price": 9.8
      }
    },
    {
      "quarter": "Q4 2011",
      "income status": {
        "Net sales": 834413,
        "Cost of goods sold": 601538,
        "Gross Profit": 232875,
        "Financial expenses": 139613,
        "Of which: Interest expense": 91583,
        "Cost of sales": 63864,
        "Enterprise cost management": 38567,
        "Total Operating Expenses": 242044,
        "Total revenue financing activities": 781,
        "Net profit from business activities": -8387,
        "Profit": 397,
        "Profit before tax": -7990,
        "Present corporate income tax expenses": "N/A",
        "Deferred income taxes expenses": "N/A",
        "The interests of minority shareholders": "N/A",
        "Total Cost of profits": 0,
        "Profit after tax corporate income": -7990,
        "Volume": 109056192,
        "Close of Quarter": 3.5,
        "EPS": -12,
        "Non-adjusted EPS": -12,
        "PE": -291.7,
        "Book Price": 9.8
      }
    },
    {
      "quarter": "Q3 2011",
      "income status": {
        "Net sales": 685100,
        "Cost of goods sold": 510714,
        "Gross Profit": 174386,
        "Financial expenses": 100066,
        "Of which: Interest expense": 97315,
        "Cost of sales": 43095,
        "Enterprise cost management": 27972,
        "Total Operating Expenses": 171133,
        "Total revenue financing activities": 1024,
        "Net profit from business activities": 4276,
        "Profit": 167,
        "Profit before tax": 4444,
        "Present corporate income tax expenses": 555,
        "Deferred income taxes expenses": "N/A",
        "The interests of minority shareholders": "N/A",
        "Total Cost of profits": 555,
        "Profit after tax corporate income": 3888,
        "Volume": 109056192,
        "Close of Quarter": 5,
        "EPS": 163,
        "Non-adjusted EPS": 163,
        "PE": 30.7,
        "Book Price": 11.4
      }
    },
    {
      "quarter": "Q2 2011",
      "income status": {
        "Net sales": 705383,
        "Cost of goods sold": 524466,
        "Gross Profit": 180917,
        "Financial expenses": 109660,
        "Of which: Interest expense": 96786,
        "Cost of sales": 26647,
        "Enterprise cost management": 43290,
        "Total Operating Expenses": 179597,
        "Total revenue financing activities": 531,
        "Net profit from business activities": 1852,
        "Profit": 1241,
        "Profit before tax": 3093,
        "Present corporate income tax expenses": 387,
        "Deferred income taxes expenses": "N/A",
        "The interests of minority shareholders": "N/A",
        "Total Cost of profits": 387,
        "Profit after tax corporate income": 2707,
        "Volume": 109056192,
        "Close of Quarter": 6.0,
        "EPS": 210,
        "Non-adjusted EPS": 210,
        "PE": 28.8,
        "Book Price": 11.3
      }
    },
    {
      "quarter": "Q1 2011",
      "income status": {
        "Net sales": 503064,
        "Cost of goods sold": 371956,
        "Gross Profit": 131107,
        "Financial expenses": 83017,
        "Of which: Interest expense": 82734,
        "Cost of sales": 25695,
        "Enterprise cost management": 24075,
        "Total Operating Expenses": 132787,
        "Total revenue financing activities": 742,
        "Net profit from business activities": -938,
        "Profit": 1004,
        "Profit before tax": 66,
        "Present corporate income tax expenses": 8,
        "Deferred income taxes expenses": "N/A",
        "The interests of minority shareholders": "N/A",
        "Total Cost of profits": 8,
        "Profit after tax corporate income": 58,
        "Volume": 109056192,
        "Close of Quarter": 9.2,
        "EPS": 437,
        "Non-adjusted EPS": 437,
        "PE": 20.9,
        "Book Price": "N/A"
      }
    }
  ]
}