{
  "ticker": "SQC",
  "data": [
    {
      "quarter": "Q4 2016",
      "income status": {
        "Net sales": 1335,
        "Cost of goods sold": 9371,
        "Gross Profit": -8036,
        "Financial expenses": 518,
        "Of which: Interest expense": 300,
        "Cost of sales": 457,
        "Enterprise cost management": -9467,
        "Total Operating Expenses": -8492,
        "Total revenue financing activities": 4,
        "Net profit from business activities": 461,
        "Profit": 1977,
        "Profit before tax": 2439,
        "Present corporate income tax expenses": "N/A",
        "Deferred income taxes expenses": 75,
        "The interests of minority shareholders": "N/A",
        "Total Cost of profits": 75,
        "Profit after tax corporate income": 2363,
        "Volume": 110000000,
        "Close of Quarter": 81,
        "EPS": -501,
        "Non-adjusted EPS": -501,
        "PE": -161.7,
        "Book Price": 7.7
      }
    },
    {
      "quarter": "Q3 2016",
      "income status": {
        "Net sales": 3371,
        "Cost of goods sold": 17431,
        "Gross Profit": -14060,
        "Financial expenses": 344,
        "Of which: Interest expense": 342,
        "Cost of sales": 983,
        "Enterprise cost management": 2249,
        "Total Operating Expenses": 3576,
        "Total revenue financing activities": 10,
        "Net profit from business activities": -17625,
        "Profit": -49,
        "Profit before tax": -17673,
        "Present corporate income tax expenses": "N/A",
        "Deferred income taxes expenses": "N/A",
        "The interests of minority shareholders": "N/A",
        "Total Cost of profits": 0,
        "Profit after tax corporate income": -17673,
        "Volume": 110000000,
        "Close of Quarter": 81,
        "EPS": -960,
        "Non-adjusted EPS": -960,
        "PE": -84.4,
        "Book Price": 7.7
      }
    },
    {
      "quarter": "Q2 2016",
      "income status": {
        "Net sales": 473,
        "Cost of goods sold": 7131,
        "Gross Profit": -6657,
        "Financial expenses": 372,
        "Of which: Interest expense": 372,
        "Cost of sales": 449,
        "Enterprise cost management": 2402,
        "Total Operating Expenses": 3223,
        "Total revenue financing activities": 244,
        "Net profit from business activities": -9636,
        "Profit": -265,
        "Profit before tax": -9901,
        "Present corporate income tax expenses": "N/A",
        "Deferred income taxes expenses": "N/A",
        "The interests of minority shareholders": "N/A",
        "Total Cost of profits": 0,
        "Profit after tax corporate income": -9901,
        "Volume": 110000000,
        "Close of Quarter": 81,
        "EPS": -912,
        "Non-adjusted EPS": -912,
        "PE": -88.8,
        "Book Price": 7.9
      }
    },
    {
      "quarter": "Q1 2016",
      "income status": {
        "Net sales": 86561,
        "Cost of goods sold": 115032,
        "Gross Profit": -28470,
        "Financial expenses": 392,
        "Of which: Interest expense": 392,
        "Cost of sales": 1916,
        "Enterprise cost management": 2477,
        "Total Operating Expenses": 4785,
        "Total revenue financing activities": 56,
        "Net profit from business activities": -33200,
        "Profit": 3302,
        "Profit before tax": -29899,
        "Present corporate income tax expenses": "N/A",
        "Deferred income taxes expenses": "N/A",
        "The interests of minority shareholders": "N/A",
        "Total Cost of profits": 0,
        "Profit after tax corporate income": -29899,
        "Volume": 110000000,
        "Close of Quarter": 81,
        "EPS": -1109,
        "Non-adjusted EPS": -1109,
        "PE": -73.0,
        "Book Price": 7.9
      }
    },
    {
      "quarter": "Q4 2015",
      "income status": {
        "Net sales": 1594,
        "Cost of goods sold": 38447,
        "Gross Profit": -36854,
        "Financial expenses": 1902,
        "Of which: Interest expense": 587,
        "Cost of sales": 594,
        "Enterprise cost management": 2523,
        "Total Operating Expenses": 5019,
        "Total revenue financing activities": 3,
        "Net profit from business activities": -41869,
        "Profit": -6224,
        "Profit before tax": -48093,
        "Present corporate income tax expenses": "N/A",
        "Deferred income taxes expenses": "N/A",
        "The interests of minority shareholders": "N/A",
        "Total Cost of profits": 0,
        "Profit after tax corporate income": -48093,
        "Volume": 110000000,
        "Close of Quarter": 81,
        "EPS": -876,
        "Non-adjusted EPS": -876,
        "PE": -92.5,
        "Book Price": 8.2
      }
    },
    {
      "quarter": "Q3 2015",
      "income status": {
        "Net sales": 3043,
        "Cost of goods sold": 10513,
        "Gross Profit": -7470,
        "Financial expenses": 898,
        "Of which: Interest expense": 652,
        "Cost of sales": 1128,
        "Enterprise cost management": 2411,
        "Total Operating Expenses": 4437,
        "Total revenue financing activities": 3,
        "Net profit from business activities": -11903,
        "Profit": -527,
        "Profit before tax": -12430,
        "Present corporate income tax expenses": "N/A",
        "Deferred income taxes expenses": "N/A",
        "The interests of minority shareholders": "N/A",
        "Total Cost of profits": 0,
        "Profit after tax corporate income": -12430,
        "Volume": 110000000,
        "Close of Quarter": 81,
        "EPS": -594,
        "Non-adjusted EPS": -594,
        "PE": -136.4,
        "Book Price": 8.6
      }
    },
    {
      "quarter": "Q2 2015",
      "income status": {
        "Net sales": "N/A",
        "Cost of goods sold": 16556,
        "Gross Profit": -16556,
        "Financial expenses": 9052,
        "Of which: Interest expense": 1007,
        "Cost of sales": 827,
        "Enterprise cost management": 4297,
        "Total Operating Expenses": 14176,
        "Total revenue financing activities": 8,
        "Net profit from business activities": -30724,
        "Profit": -859,
        "Profit before tax": -31582,
        "Present corporate income tax expenses": "N/A",
        "Deferred income taxes expenses": "N/A",
        "The interests of minority shareholders": "N/A",
        "Total Cost of profits": 0,
        "Profit after tax corporate income": -31582,
        "Volume": 110000000,
        "Close of Quarter": 80,
        "EPS": -1180,
        "Non-adjusted EPS": -1180,
        "PE": -67.8,
        "Book Price": 8.7
      }
    },
    {
      "quarter": "Q1 2015",
      "income status": {
        "Net sales": 800,
        "Cost of goods sold": 920,
        "Gross Profit": -120,
        "Financial expenses": 884,
        "Of which: Interest expense": 862,
        "Cost of sales": 881,
        "Enterprise cost management": 2385,
        "Total Operating Expenses": 4150,
        "Total revenue financing activities": 8,
        "Net profit from business activities": -4262,
        "Profit": 50,
        "Profit before tax": -4212,
        "Present corporate income tax expenses": "N/A",
        "Deferred income taxes expenses": "N/A",
        "The interests of minority shareholders": "N/A",
        "Total Cost of profits": 0,
        "Profit after tax corporate income": -4212,
        "Volume": 110000000,
        "Close of Quarter": 80,
        "EPS": -1102,
        "Non-adjusted EPS": -1102,
        "PE": -72.6,
        "Book Price": 9
      }
    },
    {
      "quarter": "Q4 2014",
      "income status": {
        "Net sales": 4259,
        "Cost of goods sold": 14281,
        "Gross Profit": -10022,
        "Financial expenses": 2111,
        "Of which: Interest expense": 1624,
        "Cost of sales": 1315,
        "Enterprise cost management": 4129,
        "Total Operating Expenses": 7555,
        "Total revenue financing activities": 21,
        "Net profit from business activities": -17555,
        "Profit": 417,
        "Profit before tax": -17139,
        "Present corporate income tax expenses": "N/A",
        "Deferred income taxes expenses": "N/A",
        "The interests of minority shareholders": "N/A",
        "Total Cost of profits": 0,
        "Profit after tax corporate income": -17139,
        "Volume": 110000000,
        "Close of Quarter": 80,
        "EPS": -1169,
        "Non-adjusted EPS": -1169,
        "PE": -68.4,
        "Book Price": 9
      }
    },
    {
      "quarter": "Q3 2014",
      "income status": {
        "Net sales": 8918,
        "Cost of goods sold": 17164,
        "Gross Profit": -8246,
        "Financial expenses": 63148,
        "Of which: Interest expense": 1413,
        "Cost of sales": 1547,
        "Enterprise cost management": 4370,
        "Total Operating Expenses": 69065,
        "Total revenue financing activities": 319,
        "Net profit from business activities": -76993,
        "Profit": 202,
        "Profit before tax": -76791,
        "Present corporate income tax expenses": "N/A",
        "Deferred income taxes expenses": 93,
        "The interests of minority shareholders": "N/A",
        "Total Cost of profits": 93,
        "Profit after tax corporate income": -76884,
        "Volume": 110000000,
        "Close of Quarter": 80,
        "EPS": -1144,
        "Non-adjusted EPS": -1144,
        "PE": -69.9,
        "Book Price": 9.2
      }
    },
    {
      "quarter": "Q2 2014",
      "income status": {
        "Net sales": 8033,
        "Cost of goods sold": 15513,
        "Gross Profit": -7480,
        "Financial expenses": 8580,
        "Of which: Interest expense": 3351,
        "Cost of sales": 1334,
        "Enterprise cost management": 5038,
        "Total Operating Expenses": 14952,
        "Total revenue financing activities": 25,
        "Net profit from business activities": -22406,
        "Profit": -558,
        "Profit before tax": -22963,
        "Present corporate income tax expenses": "N/A",
        "Deferred income taxes expenses": -5,
        "The interests of minority shareholders": "N/A",
        "Total Cost of profits": -5,
        "Profit after tax corporate income": -22958,
        "Volume": 110000000,
        "Close of Quarter": 77.8,
        "EPS": -512,
        "Non-adjusted EPS": -512,
        "PE": -152.0,
        "Book Price": 10.6
      }
    },
    {
      "quarter": "Q1 2014",
      "income status": {
        "Net sales": 18019,
        "Cost of goods sold": 19769,
        "Gross Profit": -1750,
        "Financial expenses": 2725,
        "Of which: Interest expense": 2559,
        "Cost of sales": 2073,
        "Enterprise cost management": 5145,
        "Total Operating Expenses": 9943,
        "Total revenue financing activities": 42,
        "Net profit from business activities": -11651,
        "Profit": 23,
        "Profit before tax": -11628,
        "Present corporate income tax expenses": "N/A",
        "Deferred income taxes expenses": -7,
        "The interests of minority shareholders": "N/A",
        "Total Cost of profits": -7,
        "Profit after tax corporate income": -11621,
        "Volume": 110000000,
        "Close of Quarter": 78.2,
        "EPS": -295,
        "Non-adjusted EPS": -295,
        "PE": -265.1,
        "Book Price": 12
      }
    },
    {
      "quarter": "Q4 2013",
      "income status": {
        "Net sales": 37115,
        "Cost of goods sold": 45575,
        "Gross Profit": -8460,
        "Financial expenses": 3320,
        "Of which: Interest expense": 3303,
        "Cost of sales": 2536,
        "Enterprise cost management": 799,
        "Total Operating Expenses": 6655,
        "Total revenue financing activities": 706,
        "Net profit from business activities": -14409,
        "Profit": 12,
        "Profit before tax": -14398,
        "Present corporate income tax expenses": 7,
        "Deferred income taxes expenses": -7,
        "The interests of minority shareholders": "N/A",
        "Total Cost of profits": 0,
        "Profit after tax corporate income": -14398,
        "Volume": 110000000,
        "Close of Quarter": 78.2,
        "EPS": -188,
        "Non-adjusted EPS": -188,
        "PE": -416.0,
        "Book Price": 12.2
      }
    },
    {
      "quarter": "Q3 2013",
      "income status": {
        "Net sales": 27286,
        "Cost of goods sold": 25281,
        "Gross Profit": 2005,
        "Financial expenses": 2603,
        "Of which: Interest expense": 2539,
        "Cost of sales": 1494,
        "Enterprise cost management": 6042,
        "Total Operating Expenses": 10139,
        "Total revenue financing activities": 235,
        "Net profit from business activities": -7900,
        "Profit": 557,
        "Profit before tax": -7343,
        "Present corporate income tax expenses": 7,
        "Deferred income taxes expenses": -7,
        "The interests of minority shareholders": "N/A",
        "Total Cost of profits": 0,
        "Profit after tax corporate income": -7343,
        "Volume": 110000000,
        "Close of Quarter": 78.2,
        "EPS": 198,
        "Non-adjusted EPS": 198,
        "PE": 395.0,
        "Book Price": 12.3
      }
    },
    {
      "quarter": "Q2 2013",
      "income status": {
        "Net sales": 158812,
        "Cost of goods sold": 140198,
        "Gross Profit": 18613,
        "Financial expenses": 7611,
        "Of which: Interest expense": 3485,
        "Cost of sales": 7744,
        "Enterprise cost management": 7719,
        "Total Operating Expenses": 23074,
        "Total revenue financing activities": 5535,
        "Net profit from business activities": 1074,
        "Profit": -134,
        "Profit before tax": 940,
        "Present corporate income tax expenses": -7,
        "Deferred income taxes expenses": 7,
        "The interests of minority shareholders": "N/A",
        "Total Cost of profits": 0,
        "Profit after tax corporate income": 940,
        "Volume": 110000000,
        "Close of Quarter": 78.2,
        "EPS": 720,
        "Non-adjusted EPS": 720,
        "PE": 108.6,
        "Book Price": 12.4
      }
    },
    {
      "quarter": "Q1 2013",
      "income status": {
        "Net sales": 77071,
        "Cost of goods sold": 68228,
        "Gross Profit": 8843,
        "Financial expenses": 3080,
        "Of which: Interest expense": 2682,
        "Cost of sales": 1746,
        "Enterprise cost management": 4266,
        "Total Operating Expenses": 9092,
        "Total revenue financing activities": 349,
        "Net profit from business activities": 100,
        "Profit": 1,
        "Profit before tax": 101,
        "Present corporate income tax expenses": 7,
        "Deferred income taxes expenses": -7,
        "The interests of minority shareholders": "N/A",
        "Total Cost of profits": 0,
        "Profit after tax corporate income": 101,
        "Volume": 110000000,
        "Close of Quarter": 79.8,
        "EPS": 1110,
        "Non-adjusted EPS": 1110,
        "PE": 71.9,
        "Book Price": 12.4
      }
    },
    {
      "quarter": "Q4 2012",
      "income status": {
        "Net sales": 134618,
        "Cost of goods sold": 88009,
        "Gross Profit": 46609,
        "Financial expenses": 3072,
        "Of which: Interest expense": 2967,
        "Cost of sales": 804,
        "Enterprise cost management": 15491,
        "Total Operating Expenses": 19367,
        "Total revenue financing activities": 698,
        "Net profit from business activities": 27941,
        "Profit": -94,
        "Profit before tax": 27847,
        "Present corporate income tax expenses": -190,
        "Deferred income taxes expenses": -7,
        "The interests of minority shareholders": "N/A",
        "Total Cost of profits": -197,
        "Profit after tax corporate income": 28044,
        "Volume": 110000000,
        "Close of Quarter": 79.9,
        "EPS": 1489,
        "Non-adjusted EPS": 1489,
        "PE": 53.7,
        "Book Price": 12.4
      }
    },
    {
      "quarter": "Q3 2012",
      "income status": {
        "Net sales": 190488,
        "Cost of goods sold": 113445,
        "Gross Profit": 77043,
        "Financial expenses": 4251,
        "Of which: Interest expense": 4088,
        "Cost of sales": 10844,
        "Enterprise cost management": 12172,
        "Total Operating Expenses": 27267,
        "Total revenue financing activities": 841,
        "Net profit from business activities": 50617,
        "Profit": -144,
        "Profit before tax": 50473,
        "Present corporate income tax expenses": 407,
        "Deferred income taxes expenses": -7,
        "The interests of minority shareholders": "N/A",
        "Total Cost of profits": 400,
        "Profit after tax corporate income": 50074,
        "Volume": 100000000,
        "Close of Quarter": 80,
        "EPS": 1388.2,
        "Non-adjusted EPS": 1527,
        "PE": 52.4,
        "Book Price": 12.2
      }
    },
    {
      "quarter": "Q2 2012",
      "income status": {
        "Net sales": 178530,
        "Cost of goods sold": 112669,
        "Gross Profit": 65862,
        "Financial expenses": 5128,
        "Of which: Interest expense": 4963,
        "Cost of sales": 12430,
        "Enterprise cost management": 6192,
        "Total Operating Expenses": 23750,
        "Total revenue financing activities": 3558,
        "Net profit from business activities": 45669,
        "Profit": 7,
        "Profit before tax": 45676,
        "Present corporate income tax expenses": 1802,
        "Deferred income taxes expenses": -7,
        "The interests of minority shareholders": "N/A",
        "Total Cost of profits": 1795,
        "Profit after tax corporate income": 43880,
        "Volume": 100000000,
        "Close of Quarter": 84,
        "EPS": 1220.9,
        "Non-adjusted EPS": 1343,
        "PE": 62.6,
        "Book Price": 11.7
      }
    },
    {
      "quarter": "Q1 2012",
      "income status": {
        "Net sales": 140388,
        "Cost of goods sold": 83976,
        "Gross Profit": 56412,
        "Financial expenses": 5285,
        "Of which: Interest expense": 4265,
        "Cost of sales": 3988,
        "Enterprise cost management": 5320,
        "Total Operating Expenses": 14593,
        "Total revenue financing activities": 2929,
        "Net profit from business activities": 44748,
        "Profit": 8,
        "Profit before tax": 44756,
        "Present corporate income tax expenses": 2965,
        "Deferred income taxes expenses": -7,
        "The interests of minority shareholders": "N/A",
        "Total Cost of profits": 2958,
        "Profit after tax corporate income": 41798,
        "Volume": 100000000,
        "Close of Quarter": 84,
        "EPS": 993.6,
        "Non-adjusted EPS": 1093,
        "PE": 76.9,
        "Book Price": 11.4
      }
    },
    {
      "quarter": "Q4 2011",
      "income status": {
        "Net sales": 99504,
        "Cost of goods sold": 66163,
        "Gross Profit": 33341,
        "Financial expenses": 5123,
        "Of which: Interest expense": 4772,
        "Cost of sales": 7769,
        "Enterprise cost management": 6622,
        "Total Operating Expenses": 19514,
        "Total revenue financing activities": 5613,
        "Net profit from business activities": 19439,
        "Profit": -1120,
        "Profit before tax": 18318,
        "Present corporate income tax expenses": 1479,
        "Deferred income taxes expenses": -115,
        "The interests of minority shareholders": "N/A",
        "Total Cost of profits": 1364,
        "Profit after tax corporate income": 16955,
        "Volume": 100000000,
        "Close of Quarter": 83.9,
        "EPS": 733.6,
        "Non-adjusted EPS": 807,
        "PE": 104.0,
        "Book Price": 10.9
      }
    },
    {
      "quarter": "Q3 2011",
      "income status": {
        "Net sales": 85885,
        "Cost of goods sold": 49419,
        "Gross Profit": 36466,
        "Financial expenses": 2634,
        "Of which: Interest expense": 2491,
        "Cost of sales": 1020,
        "Enterprise cost management": 5180,
        "Total Operating Expenses": 8834,
        "Total revenue financing activities": 3150,
        "Net profit from business activities": 30782,
        "Profit": 1663,
        "Profit before tax": 32446,
        "Present corporate income tax expenses": 803,
        "Deferred income taxes expenses": -16,
        "The interests of minority shareholders": "N/A",
        "Total Cost of profits": 787,
        "Profit after tax corporate income": 31658,
        "Volume": 100000000,
        "Close of Quarter": 79.3,
        "EPS": 605.5,
        "Non-adjusted EPS": 666,
        "PE": 119.0,
        "Book Price": 10.8
      }
    },
    {
      "quarter": "Q2 2011",
      "income status": {
        "Net sales": 50013,
        "Cost of goods sold": 25645,
        "Gross Profit": 24367,
        "Financial expenses": 2040,
        "Of which: Interest expense": 1393,
        "Cost of sales": 827,
        "Enterprise cost management": 4637,
        "Total Operating Expenses": 7504,
        "Total revenue financing activities": 2909,
        "Net profit from business activities": 19773,
        "Profit": -50,
        "Profit before tax": 19723,
        "Present corporate income tax expenses": 931,
        "Deferred income taxes expenses": -111,
        "The interests of minority shareholders": "N/A",
        "Total Cost of profits": 820,
        "Profit after tax corporate income": 18904,
        "Volume": 100000000,
        "Close of Quarter": 78.2,
        "EPS": 339.1,
        "Non-adjusted EPS": 373,
        "PE": 209.6,
        "Book Price": 10.6
      }
    },
    {
      "quarter": "Q1 2011",
      "income status": {
        "Net sales": 69118,
        "Cost of goods sold": 51669,
        "Gross Profit": 17448,
        "Financial expenses": 1322,
        "Of which: Interest expense": 732,
        "Cost of sales": 2809,
        "Enterprise cost management": 3097,
        "Total Operating Expenses": 7228,
        "Total revenue financing activities": 4491,
        "Net profit from business activities": 14711,
        "Profit": 5,
        "Profit before tax": 14716,
        "Present corporate income tax expenses": 1971,
        "Deferred income taxes expenses": -402,
        "The interests of minority shareholders": "N/A",
        "Total Cost of profits": 1569,
        "Profit after tax corporate income": 13146,
        "Volume": 100000000,
        "Close of Quarter": 77.1,
        "EPS": 203.6,
        "Non-adjusted EPS": 224,
        "PE": 344.2,
        "Book Price": 10.4
      }
    }
  ]
}