{
  "ticker": "BBS",
  "data": [
    {
      "quarter": "Q4 2016",
      "income status": {
        "Net sales": 129690,
        "Cost of goods sold": 117897,
        "Gross Profit": 11794,
        "Financial expenses": 923,
        "Of which: Interest expense": 923,
        "Cost of sales": 3788,
        "Enterprise cost management": 4463,
        "Total Operating Expenses": 9174,
        "Total revenue financing activities": 167,
        "Net profit from business activities": 2787,
        "Profit": 55,
        "Profit before tax": 2841,
        "Present corporate income tax expenses": 589,
        "Deferred income taxes expenses": "N/A",
        "The interests of minority shareholders": "N/A",
        "Total Cost of profits": 589,
        "Profit after tax corporate income": 2253,
        "Volume": 6000000,
        "Close of Quarter": 13.6,
        "EPS": 1439,
        "Non-adjusted EPS": 1439,
        "PE": 9.5,
        "Book Price": 17.7
      }
    },
    {
      "quarter": "Q3 2016",
      "income status": {
        "Net sales": 96109,
        "Cost of goods sold": 87859,
        "Gross Profit": 8250,
        "Financial expenses": 983,
        "Of which: Interest expense": 983,
        "Cost of sales": 2255,
        "Enterprise cost management": 3511,
        "Total Operating Expenses": 6749,
        "Total revenue financing activities": 5,
        "Net profit from business activities": 1505,
        "Profit": 57,
        "Profit before tax": 1561,
        "Present corporate income tax expenses": 312,
        "Deferred income taxes expenses": "N/A",
        "The interests of minority shareholders": "N/A",
        "Total Cost of profits": 312,
        "Profit after tax corporate income": 1249,
        "Volume": 4200000,
        "Close of Quarter": 13.1,
        "EPS": 1400.7,
        "Non-adjusted EPS": 2001,
        "PE": 6.6,
        "Book Price": 13.9
      }
    },
    {
      "quarter": "Q2 2016",
      "income status": {
        "Net sales": 111234,
        "Cost of goods sold": 99713,
        "Gross Profit": 11521,
        "Financial expenses": 965,
        "Of which: Interest expense": 958,
        "Cost of sales": 3536,
        "Enterprise cost management": 3790,
        "Total Operating Expenses": 8291,
        "Total revenue financing activities": 10,
        "Net profit from business activities": 3240,
        "Profit": -835,
        "Profit before tax": 2405,
        "Present corporate income tax expenses": 498,
        "Deferred income taxes expenses": "N/A",
        "The interests of minority shareholders": "N/A",
        "Total Cost of profits": 498,
        "Profit after tax corporate income": 1907,
        "Volume": 4200000,
        "Close of Quarter": 14.7,
        "EPS": 1131.2,
        "Non-adjusted EPS": 1616,
        "PE": 9.1,
        "Book Price": 13.7
      }
    },
    {
      "quarter": "Q1 2016",
      "income status": {
        "Net sales": 87377,
        "Cost of goods sold": 77957,
        "Gross Profit": 9420,
        "Financial expenses": 1381,
        "Of which: Interest expense": 1381,
        "Cost of sales": 1818,
        "Enterprise cost management": 2292,
        "Total Operating Expenses": 5491,
        "Total revenue financing activities": 8,
        "Net profit from business activities": 3937,
        "Profit": 90,
        "Profit before tax": 4028,
        "Present corporate income tax expenses": 806,
        "Deferred income taxes expenses": "N/A",
        "The interests of minority shareholders": "N/A",
        "Total Cost of profits": 806,
        "Profit after tax corporate income": 3222,
        "Volume": 4200000,
        "Close of Quarter": 13.1,
        "EPS": 1499.4,
        "Non-adjusted EPS": 2142,
        "PE": 6.1,
        "Book Price": 14.4
      }
    },
    {
      "quarter": "Q4 2015",
      "income status": {
        "Net sales": 106581,
        "Cost of goods sold": 97754,
        "Gross Profit": 8827,
        "Financial expenses": 1248,
        "Of which: Interest expense": 1248,
        "Cost of sales": 3143,
        "Enterprise cost management": 1728,
        "Total Operating Expenses": 6119,
        "Total revenue financing activities": 46,
        "Net profit from business activities": 2754,
        "Profit": -222,
        "Profit before tax": 2532,
        "Present corporate income tax expenses": 505,
        "Deferred income taxes expenses": "N/A",
        "The interests of minority shareholders": "N/A",
        "Total Cost of profits": 505,
        "Profit after tax corporate income": 2027,
        "Volume": 4200000,
        "Close of Quarter": 14.0,
        "EPS": 1392.3,
        "Non-adjusted EPS": 1989,
        "PE": 7.1,
        "Book Price": 13.8
      }
    },
    {
      "quarter": "Q3 2015",
      "income status": {
        "Net sales": 78508,
        "Cost of goods sold": 73377,
        "Gross Profit": 5131,
        "Financial expenses": 1340,
        "Of which: Interest expense": 1340,
        "Cost of sales": 1872,
        "Enterprise cost management": 2454,
        "Total Operating Expenses": 5666,
        "Total revenue financing activities": 108,
        "Net profit from business activities": -428,
        "Profit": 58,
        "Profit before tax": -370,
        "Present corporate income tax expenses": "N/A",
        "Deferred income taxes expenses": "N/A",
        "The interests of minority shareholders": "N/A",
        "Total Cost of profits": 0,
        "Profit after tax corporate income": -370,
        "Volume": 4200000,
        "Close of Quarter": 13.0,
        "EPS": 1417.5,
        "Non-adjusted EPS": 2025,
        "PE": 6.4,
        "Book Price": 13.5
      }
    },
    {
      "quarter": "Q2 2015",
      "income status": {
        "Net sales": 111420,
        "Cost of goods sold": 99663,
        "Gross Profit": 11757,
        "Financial expenses": 1199,
        "Of which: Interest expense": 1199,
        "Cost of sales": 3071,
        "Enterprise cost management": 2320,
        "Total Operating Expenses": 6590,
        "Total revenue financing activities": 226,
        "Net profit from business activities": 5394,
        "Profit": -93,
        "Profit before tax": 5300,
        "Present corporate income tax expenses": 1182,
        "Deferred income taxes expenses": "N/A",
        "The interests of minority shareholders": "N/A",
        "Total Cost of profits": 1182,
        "Profit after tax corporate income": 4118,
        "Volume": 4200000,
        "Close of Quarter": 12.7,
        "EPS": 1818.6,
        "Non-adjusted EPS": 2598,
        "PE": 4.9,
        "Book Price": 13.5
      }
    },
    {
      "quarter": "Q1 2015",
      "income status": {
        "Net sales": 92577,
        "Cost of goods sold": 83408,
        "Gross Profit": 9168,
        "Financial expenses": 1377,
        "Of which: Interest expense": 1377,
        "Cost of sales": 2056,
        "Enterprise cost management": 2541,
        "Total Operating Expenses": 5974,
        "Total revenue financing activities": 44,
        "Net profit from business activities": 3239,
        "Profit": 60,
        "Profit before tax": 3298,
        "Present corporate income tax expenses": 720,
        "Deferred income taxes expenses": "N/A",
        "The interests of minority shareholders": "N/A",
        "Total Cost of profits": 720,
        "Profit after tax corporate income": 2578,
        "Volume": 4200000,
        "Close of Quarter": 15.3,
        "EPS": 1482.6,
        "Non-adjusted EPS": 2118,
        "PE": 7.2,
        "Book Price": 13.9
      }
    },
    {
      "quarter": "Q4 2014",
      "income status": {
        "Net sales": 148004,
        "Cost of goods sold": 137003,
        "Gross Profit": 11001,
        "Financial expenses": 1307,
        "Of which: Interest expense": 1307,
        "Cost of sales": 3060,
        "Enterprise cost management": 4053,
        "Total Operating Expenses": 8420,
        "Total revenue financing activities": 149,
        "Net profit from business activities": 2730,
        "Profit": 97,
        "Profit before tax": 2827,
        "Present corporate income tax expenses": 647,
        "Deferred income taxes expenses": "N/A",
        "The interests of minority shareholders": "N/A",
        "Total Cost of profits": 647,
        "Profit after tax corporate income": 2180,
        "Volume": 4200000,
        "Close of Quarter": 12.7,
        "EPS": 1385.3,
        "Non-adjusted EPS": 1979,
        "PE": 6.4,
        "Book Price": 13.4
      }
    },
    {
      "quarter": "Q3 2014",
      "income status": {
        "Net sales": 113088,
        "Cost of goods sold": 104677,
        "Gross Profit": 8411,
        "Financial expenses": 929,
        "Of which: Interest expense": 929,
        "Cost of sales": 2500,
        "Enterprise cost management": 2703,
        "Total Operating Expenses": 6132,
        "Total revenue financing activities": 241,
        "Net profit from business activities": 2520,
        "Profit": 91,
        "Profit before tax": 2611,
        "Present corporate income tax expenses": 574,
        "Deferred income taxes expenses": "N/A",
        "The interests of minority shareholders": "N/A",
        "Total Cost of profits": 574,
        "Profit after tax corporate income": 2037,
        "Volume": 4200000,
        "Close of Quarter": 11.7,
        "EPS": 1386.7,
        "Non-adjusted EPS": 1981,
        "PE": 5.9,
        "Book Price": 13.2
      }
    },
    {
      "quarter": "Q2 2014",
      "income status": {
        "Net sales": 124134,
        "Cost of goods sold": 114966,
        "Gross Profit": 9167,
        "Financial expenses": 1150,
        "Of which: Interest expense": 1150,
        "Cost of sales": 2856,
        "Enterprise cost management": 2996,
        "Total Operating Expenses": 7002,
        "Total revenue financing activities": 134,
        "Net profit from business activities": 2300,
        "Profit": 392,
        "Profit before tax": 2692,
        "Present corporate income tax expenses": 592,
        "Deferred income taxes expenses": "N/A",
        "The interests of minority shareholders": "N/A",
        "Total Cost of profits": 592,
        "Profit after tax corporate income": 2100,
        "Volume": 4000000,
        "Close of Quarter": 12.1,
        "EPS": 1412,
        "Non-adjusted EPS": 2118,
        "PE": 5.7,
        "Book Price": 12.8
      }
    },
    {
      "quarter": "Q1 2014",
      "income status": {
        "Net sales": 104759,
        "Cost of goods sold": 95223,
        "Gross Profit": 9536,
        "Financial expenses": 1771,
        "Of which: Interest expense": 1771,
        "Cost of sales": 2548,
        "Enterprise cost management": 2696,
        "Total Operating Expenses": 7015,
        "Total revenue financing activities": 28,
        "Net profit from business activities": 2548,
        "Profit": 9,
        "Profit before tax": 2557,
        "Present corporate income tax expenses": 563,
        "Deferred income taxes expenses": "N/A",
        "The interests of minority shareholders": "N/A",
        "Total Cost of profits": 563,
        "Profit after tax corporate income": 1995,
        "Volume": 4000000,
        "Close of Quarter": 11.1,
        "EPS": 1360,
        "Non-adjusted EPS": 2040,
        "PE": 5.4,
        "Book Price": 13.1
      }
    },
    {
      "quarter": "Q4 2013",
      "income status": {
        "Net sales": 116176,
        "Cost of goods sold": 104623,
        "Gross Profit": 11553,
        "Financial expenses": 1818,
        "Of which: Interest expense": 1818,
        "Cost of sales": 2646,
        "Enterprise cost management": 4558,
        "Total Operating Expenses": 9022,
        "Total revenue financing activities": 254,
        "Net profit from business activities": 2785,
        "Profit": 160,
        "Profit before tax": 2944,
        "Present corporate income tax expenses": 755,
        "Deferred income taxes expenses": "N/A",
        "The interests of minority shareholders": "N/A",
        "Total Cost of profits": 755,
        "Profit after tax corporate income": 2189,
        "Volume": 4000000,
        "Close of Quarter": 9.8,
        "EPS": 1322.7,
        "Non-adjusted EPS": 1984,
        "PE": 5.0,
        "Book Price": 12.8
      }
    },
    {
      "quarter": "Q3 2013",
      "income status": {
        "Net sales": 99607,
        "Cost of goods sold": 88788,
        "Gross Profit": 10819,
        "Financial expenses": 1883,
        "Of which: Interest expense": 1883,
        "Cost of sales": 2135,
        "Enterprise cost management": 4218,
        "Total Operating Expenses": 8236,
        "Total revenue financing activities": 12,
        "Net profit from business activities": 2595,
        "Profit": 324,
        "Profit before tax": 2919,
        "Present corporate income tax expenses": 730,
        "Deferred income taxes expenses": "N/A",
        "The interests of minority shareholders": "N/A",
        "Total Cost of profits": 730,
        "Profit after tax corporate income": 2189,
        "Volume": 4000000,
        "Close of Quarter": 6.5,
        "EPS": 1506.7,
        "Non-adjusted EPS": 2260,
        "PE": 2.9,
        "Book Price": 12.4
      }
    },
    {
      "quarter": "Q2 2013",
      "income status": {
        "Net sales": 109702,
        "Cost of goods sold": 100207,
        "Gross Profit": 9496,
        "Financial expenses": 2105,
        "Of which: Interest expense": 2105,
        "Cost of sales": 2225,
        "Enterprise cost management": 2975,
        "Total Operating Expenses": 7305,
        "Total revenue financing activities": 21,
        "Net profit from business activities": 2212,
        "Profit": 167,
        "Profit before tax": 2379,
        "Present corporate income tax expenses": 595,
        "Deferred income taxes expenses": "N/A",
        "The interests of minority shareholders": "N/A",
        "Total Cost of profits": 595,
        "Profit after tax corporate income": 1785,
        "Volume": 4000000,
        "Close of Quarter": 6.1,
        "EPS": 1486.7,
        "Non-adjusted EPS": 2230,
        "PE": 2.7,
        "Book Price": 12.1
      }
    },
    {
      "quarter": "Q1 2013",
      "income status": {
        "Net sales": 93519,
        "Cost of goods sold": 85323,
        "Gross Profit": 8196,
        "Financial expenses": 2215,
        "Of which: Interest expense": 2215,
        "Cost of sales": 1307,
        "Enterprise cost management": 2354,
        "Total Operating Expenses": 5876,
        "Total revenue financing activities": 13,
        "Net profit from business activities": 2332,
        "Profit": 33,
        "Profit before tax": 2365,
        "Present corporate income tax expenses": 591,
        "Deferred income taxes expenses": "N/A",
        "The interests of minority shareholders": "N/A",
        "Total Cost of profits": 591,
        "Profit after tax corporate income": 1774,
        "Volume": 4000000,
        "Close of Quarter": 5.5,
        "EPS": 1439.3,
        "Non-adjusted EPS": 2159,
        "PE": 2.5,
        "Book Price": 11.7
      }
    },
    {
      "quarter": "Q4 2012",
      "income status": {
        "Net sales": 95666,
        "Cost of goods sold": 83946,
        "Gross Profit": 11720,
        "Financial expenses": 1687,
        "Of which: Interest expense": 1687,
        "Cost of sales": 2049,
        "Enterprise cost management": 4803,
        "Total Operating Expenses": 8539,
        "Total revenue financing activities": 27,
        "Net profit from business activities": 3208,
        "Profit": 205,
        "Profit before tax": 3413,
        "Present corporate income tax expenses": 123,
        "Deferred income taxes expenses": "N/A",
        "The interests of minority shareholders": "N/A",
        "Total Cost of profits": 123,
        "Profit after tax corporate income": 3290,
        "Volume": 4000000,
        "Close of Quarter": 5.1,
        "EPS": 1429.3,
        "Non-adjusted EPS": 2144,
        "PE": 2.4,
        "Book Price": 12.5
      }
    },
    {
      "quarter": "Q3 2012",
      "income status": {
        "Net sales": 68254,
        "Cost of goods sold": 59605,
        "Gross Profit": 8649,
        "Financial expenses": 2149,
        "Of which: Interest expense": 2149,
        "Cost of sales": 1640,
        "Enterprise cost management": 1992,
        "Total Operating Expenses": 5781,
        "Total revenue financing activities": 12,
        "Net profit from business activities": 2880,
        "Profit": -121,
        "Profit before tax": 2758,
        "Present corporate income tax expenses": 690,
        "Deferred income taxes expenses": "N/A",
        "The interests of minority shareholders": "N/A",
        "Total Cost of profits": 690,
        "Profit after tax corporate income": 2069,
        "Volume": 4000000,
        "Close of Quarter": 4.2,
        "EPS": 1162.7,
        "Non-adjusted EPS": 1744,
        "PE": 2.4,
        "Book Price": 11.9
      }
    },
    {
      "quarter": "Q2 2012",
      "income status": {
        "Net sales": 89512,
        "Cost of goods sold": 80389,
        "Gross Profit": 9123,
        "Financial expenses": 3157,
        "Of which: Interest expense": 3157,
        "Cost of sales": 1704,
        "Enterprise cost management": 2411,
        "Total Operating Expenses": 7272,
        "Total revenue financing activities": 16,
        "Net profit from business activities": 1868,
        "Profit": 133,
        "Profit before tax": 2001,
        "Present corporate income tax expenses": 500,
        "Deferred income taxes expenses": "N/A",
        "The interests of minority shareholders": "N/A",
        "Total Cost of profits": 500,
        "Profit after tax corporate income": 1501,
        "Volume": 4000000,
        "Close of Quarter": 4.5,
        "EPS": 1010,
        "Non-adjusted EPS": 1515,
        "PE": 3.0,
        "Book Price": 11.5
      }
    },
    {
      "quarter": "Q1 2012",
      "income status": {
        "Net sales": 82525,
        "Cost of goods sold": 73699,
        "Gross Profit": 8826,
        "Financial expenses": 2600,
        "Of which: Interest expense": 2600,
        "Cost of sales": 1324,
        "Enterprise cost management": 2161,
        "Total Operating Expenses": 6085,
        "Total revenue financing activities": 16,
        "Net profit from business activities": 2757,
        "Profit": -468,
        "Profit before tax": 2289,
        "Present corporate income tax expenses": 572,
        "Deferred income taxes expenses": "N/A",
        "The interests of minority shareholders": "N/A",
        "Total Cost of profits": 572,
        "Profit after tax corporate income": 1717,
        "Volume": 4000000,
        "Close of Quarter": 4.3,
        "EPS": 1341.3,
        "Non-adjusted EPS": 2012,
        "PE": 2.1,
        "Book Price": 11.3
      }
    },
    {
      "quarter": "Q4 2011",
      "income status": {
        "Net sales": 87452,
        "Cost of goods sold": 77842,
        "Gross Profit": 9610,
        "Financial expenses": 2338,
        "Of which: Interest expense": 2338,
        "Cost of sales": 1636,
        "Enterprise cost management": 3466,
        "Total Operating Expenses": 7440,
        "Total revenue financing activities": 41,
        "Net profit from business activities": 2212,
        "Profit": 61,
        "Profit before tax": 2273,
        "Present corporate income tax expenses": 583,
        "Deferred income taxes expenses": "N/A",
        "The interests of minority shareholders": "N/A",
        "Total Cost of profits": 583,
        "Profit after tax corporate income": 1690,
        "Volume": 4000000,
        "Close of Quarter": 3.8,
        "EPS": 1277.3,
        "Non-adjusted EPS": 1916,
        "PE": 2.0,
        "Book Price": 12
      }
    },
    {
      "quarter": "Q3 2011",
      "income status": {
        "Net sales": 67712,
        "Cost of goods sold": 60254,
        "Gross Profit": 7458,
        "Financial expenses": 2700,
        "Of which: Interest expense": 2700,
        "Cost of sales": 1473,
        "Enterprise cost management": 1800,
        "Total Operating Expenses": 5973,
        "Total revenue financing activities": 28,
        "Net profit from business activities": 1513,
        "Profit": 23,
        "Profit before tax": 1536,
        "Present corporate income tax expenses": 384,
        "Deferred income taxes expenses": "N/A",
        "The interests of minority shareholders": "N/A",
        "Total Cost of profits": 384,
        "Profit after tax corporate income": 1152,
        "Volume": 4000000,
        "Close of Quarter": 4.4,
        "EPS": 1238.7,
        "Non-adjusted EPS": 1858,
        "PE": 2.4,
        "Book Price": 11.7
      }
    },
    {
      "quarter": "Q2 2011",
      "income status": {
        "Net sales": 99226,
        "Cost of goods sold": 87709,
        "Gross Profit": 11517,
        "Financial expenses": 2049,
        "Of which: Interest expense": 2049,
        "Cost of sales": 1962,
        "Enterprise cost management": 2912,
        "Total Operating Expenses": 6923,
        "Total revenue financing activities": 56,
        "Net profit from business activities": 4650,
        "Profit": 3,
        "Profit before tax": 4653,
        "Present corporate income tax expenses": 1163,
        "Deferred income taxes expenses": "N/A",
        "The interests of minority shareholders": "N/A",
        "Total Cost of profits": 1163,
        "Profit after tax corporate income": 3490,
        "Volume": 4000000,
        "Close of Quarter": 6.2,
        "EPS": 1341.3,
        "Non-adjusted EPS": 2012,
        "PE": 3.1,
        "Book Price": 11.5
      }
    },
    {
      "quarter": "Q1 2011",
      "income status": {
        "Net sales": 59036,
        "Cost of goods sold": 52494,
        "Gross Profit": 6542,
        "Financial expenses": 1740,
        "Of which: Interest expense": 1740,
        "Cost of sales": 1154,
        "Enterprise cost management": 1897,
        "Total Operating Expenses": 4791,
        "Total revenue financing activities": 49,
        "Net profit from business activities": 1800,
        "Profit": -26,
        "Profit before tax": 1774,
        "Present corporate income tax expenses": 444,
        "Deferred income taxes expenses": "N/A",
        "The interests of minority shareholders": "N/A",
        "Total Cost of profits": 444,
        "Profit after tax corporate income": 1331,
        "Volume": 4000000,
        "Close of Quarter": 7.7,
        "EPS": 1217.3,
        "Non-adjusted EPS": 1826,
        "PE": 4.2,
        "Book Price": 10.9
      }
    }
  ]
}