{
  "ticker": "BFC",
  "data": [
    {
      "quarter": "Q4 2016",
      "income status": {
        "Net sales": 1450208,
        "Cost of goods sold": 1208367,
        "Gross Profit": 241841,
        "Financial expenses": 41993,
        "Of which: Interest expense": 28435,
        "Cost of sales": 54398,
        "Enterprise cost management": 35453,
        "Total Operating Expenses": 131844,
        "Total revenue financing activities": 4034,
        "Net profit from business activities": 114031,
        "Profit": -1068,
        "Profit before tax": 112963,
        "Present corporate income tax expenses": 18326,
        "Deferred income taxes expenses": "N/A",
        "The interests of minority shareholders": 13772,
        "Total Cost of profits": 32098,
        "Profit after tax corporate income": 80865,
        "Volume": 57167993,
        "Close of Quarter": 28.8,
        "EPS": 3961,
        "Non-adjusted EPS": 3961,
        "PE": 7.3,
        "Book Price": 19.7
      }
    },
    {
      "quarter": "Q3 2016",
      "income status": {
        "Net sales": 1464480,
        "Cost of goods sold": 1219965,
        "Gross Profit": 244515,
        "Financial expenses": 24489,
        "Of which: Interest expense": 16577,
        "Cost of sales": 84399,
        "Enterprise cost management": 32533,
        "Total Operating Expenses": 141421,
        "Total revenue financing activities": 1245,
        "Net profit from business activities": 104339,
        "Profit": -589,
        "Profit before tax": 103750,
        "Present corporate income tax expenses": 20320,
        "Deferred income taxes expenses": "N/A",
        "The interests of minority shareholders": 66929,
        "Total Cost of profits": 87249,
        "Profit after tax corporate income": 16501,
        "Volume": 57167993,
        "Close of Quarter": 35.8,
        "EPS": 3621,
        "Non-adjusted EPS": 3621,
        "PE": 9.9,
        "Book Price": 20.2
      }
    },
    {
      "quarter": "Q2 2016",
      "income status": {
        "Net sales": 2037152,
        "Cost of goods sold": 1740984,
        "Gross Profit": 296168,
        "Financial expenses": 38724,
        "Of which: Interest expense": 23303,
        "Cost of sales": 76768,
        "Enterprise cost management": 28550,
        "Total Operating Expenses": 144042,
        "Total revenue financing activities": 657,
        "Net profit from business activities": 152783,
        "Profit": -12,
        "Profit before tax": 152771,
        "Present corporate income tax expenses": 24401,
        "Deferred income taxes expenses": "N/A",
        "The interests of minority shareholders": 33391,
        "Total Cost of profits": 57792,
        "Profit after tax corporate income": 94979,
        "Volume": 47640000,
        "Close of Quarter": 24.6,
        "EPS": 4438.3,
        "Non-adjusted EPS": 5326,
        "PE": 4.6,
        "Book Price": 18.3
      }
    },
    {
      "quarter": "Q1 2016",
      "income status": {
        "Net sales": 992457,
        "Cost of goods sold": 866683,
        "Gross Profit": 125774,
        "Financial expenses": 19931,
        "Of which: Interest expense": 18150,
        "Cost of sales": 38664,
        "Enterprise cost management": 19053,
        "Total Operating Expenses": 77648,
        "Total revenue financing activities": 955,
        "Net profit from business activities": 49081,
        "Profit": 1755,
        "Profit before tax": 50836,
        "Present corporate income tax expenses": 7304,
        "Deferred income taxes expenses": "N/A",
        "The interests of minority shareholders": 9429,
        "Total Cost of profits": 16733,
        "Profit after tax corporate income": 34102,
        "Volume": 47640000,
        "Close of Quarter": 21.1,
        "EPS": 4098.3,
        "Non-adjusted EPS": 4918,
        "PE": 4.3,
        "Book Price": 19.6
      }
    },
    {
      "quarter": "Q4 2015",
      "income status": {
        "Net sales": 1417975,
        "Cost of goods sold": 1219350,
        "Gross Profit": 198626,
        "Financial expenses": 31385,
        "Of which: Interest expense": 27181,
        "Cost of sales": 51885,
        "Enterprise cost management": 27686,
        "Total Operating Expenses": 110956,
        "Total revenue financing activities": 1125,
        "Net profit from business activities": 88794,
        "Profit": 4956,
        "Profit before tax": 93750,
        "Present corporate income tax expenses": 14021,
        "Deferred income taxes expenses": "N/A",
        "The interests of minority shareholders": 18290,
        "Total Cost of profits": 32311,
        "Profit after tax corporate income": 61438,
        "Volume": 47640000,
        "Close of Quarter": 19.1,
        "EPS": 4013.3,
        "Non-adjusted EPS": 4816,
        "PE": 4.0,
        "Book Price": 19.4
      }
    },
    {
      "quarter": "Q3 2015",
      "income status": {
        "Net sales": 1569041,
        "Cost of goods sold": 1374583,
        "Gross Profit": 194458,
        "Financial expenses": 25784,
        "Of which: Interest expense": 25329,
        "Cost of sales": 45672,
        "Enterprise cost management": 26325,
        "Total Operating Expenses": 97781,
        "Total revenue financing activities": 429,
        "Net profit from business activities": 97106,
        "Profit": 4759,
        "Profit before tax": 101865,
        "Present corporate income tax expenses": 24182,
        "Deferred income taxes expenses": "N/A",
        "The interests of minority shareholders": 14478,
        "Total Cost of profits": 38660,
        "Profit after tax corporate income": 63205,
        "Volume": 47640000,
        "Close of Quarter": "N/A",
        "EPS": 4588.3,
        "Non-adjusted EPS": 5506,
        "PE": "N/A",
        "Book Price": 18.1
      }
    },
    {
      "quarter": "Q2 2015",
      "income status": {
        "Net sales": 2028212,
        "Cost of goods sold": 1783372,
        "Gross Profit": 244839,
        "Financial expenses": 27834,
        "Of which: Interest expense": 23517,
        "Cost of sales": 86012,
        "Enterprise cost management": 23395,
        "Total Operating Expenses": 137241,
        "Total revenue financing activities": 337,
        "Net profit from business activities": 107936,
        "Profit": 3662,
        "Profit before tax": 111598,
        "Present corporate income tax expenses": 23038,
        "Deferred income taxes expenses": "N/A",
        "The interests of minority shareholders": 13025,
        "Total Cost of profits": 36063,
        "Profit after tax corporate income": 75534,
        "Volume": 47640000,
        "Close of Quarter": "N/A",
        "EPS": 4257.5,
        "Non-adjusted EPS": 5109,
        "PE": "N/A",
        "Book Price": 16.7
      }
    },
    {
      "quarter": "Q1 2015",
      "income status": {
        "Net sales": 1076417,
        "Cost of goods sold": 952587,
        "Gross Profit": 123830,
        "Financial expenses": 18007,
        "Of which: Interest expense": 16718,
        "Cost of sales": 47675,
        "Enterprise cost management": 15145,
        "Total Operating Expenses": 80827,
        "Total revenue financing activities": 463,
        "Net profit from business activities": 43465,
        "Profit": 1199,
        "Profit before tax": 44664,
        "Present corporate income tax expenses": 9729,
        "Deferred income taxes expenses": "N/A",
        "The interests of minority shareholders": 5664,
        "Total Cost of profits": 15393,
        "Profit after tax corporate income": 29271,
        "Volume": 47640000,
        "Close of Quarter": "N/A",
        "EPS": 2935.8,
        "Non-adjusted EPS": 3523,
        "PE": "N/A",
        "Book Price": 17.3
      }
    },
    {
      "quarter": "Q2 2014",
      "income status": {
        "Net sales": 2166103,
        "Cost of goods sold": 1955759,
        "Gross Profit": 210345,
        "Financial expenses": 35184,
        "Of which: Interest expense": 32440,
        "Cost of sales": 54430,
        "Enterprise cost management": 17469,
        "Total Operating Expenses": 107083,
        "Total revenue financing activities": 4018,
        "Net profit from business activities": 107279,
        "Profit": 5947,
        "Profit before tax": 113227,
        "Present corporate income tax expenses": 18730,
        "Deferred income taxes expenses": 222,
        "The interests of minority shareholders": "N/A",
        "Total Cost of profits": 18952,
        "Profit after tax corporate income": 94275,
        "Volume": 47640000,
        "Close of Quarter": "N/A",
        "EPS": 2424.2,
        "Non-adjusted EPS": 2909,
        "PE": "N/A",
        "Book Price": 13.3
      }
    },
    {
      "quarter": "Q1 2014",
      "income status": {
        "Net sales": 1254891,
        "Cost of goods sold": 1136637,
        "Gross Profit": 118255,
        "Financial expenses": 28105,
        "Of which: Interest expense": 24382,
        "Cost of sales": 29030,
        "Enterprise cost management": 8126,
        "Total Operating Expenses": 65261,
        "Total revenue financing activities": 1620,
        "Net profit from business activities": 54614,
        "Profit": 1741,
        "Profit before tax": 56355,
        "Present corporate income tax expenses": 11221,
        "Deferred income taxes expenses": 828,
        "The interests of minority shareholders": "N/A",
        "Total Cost of profits": 12049,
        "Profit after tax corporate income": 44306,
        "Volume": 47640000,
        "Close of Quarter": "N/A",
        "EPS": 775,
        "Non-adjusted EPS": 930,
        "PE": "N/A",
        "Book Price": "N/A"
      }
    }
  ]
}