{
  "ticker": "DXG",
  "data": [
    {
      "quarter": "Q4 2016",
      "income status": {
        "Net sales": 1185627,
        "Cost of goods sold": 576775,
        "Gross Profit": 608852,
        "Financial expenses": 8103,
        "Of which: Interest expense": 7595,
        "Cost of sales": 94304,
        "Enterprise cost management": 62645,
        "Total Operating Expenses": 165052,
        "Total revenue financing activities": 86714,
        "Net profit from business activities": 574913,
        "Profit": 30346,
        "Profit before tax": 605260,
        "Present corporate income tax expenses": 112870,
        "Deferred income taxes expenses": 1626,
        "The interests of minority shareholders": 97585,
        "Total Cost of profits": 212081,
        "Profit after tax corporate income": 393179,
        "Volume": 252991068,
        "Close of Quarter": 10.8,
        "EPS": 2123,
        "Non-adjusted EPS": 2123,
        "PE": 5.1,
        "Book Price": 14
      }
    },
    {
      "quarter": "Q3 2016",
      "income status": {
        "Net sales": 233986,
        "Cost of goods sold": 136169,
        "Gross Profit": 97816,
        "Financial expenses": 5697,
        "Of which: Interest expense": 5697,
        "Cost of sales": 43324,
        "Enterprise cost management": 35897,
        "Total Operating Expenses": 84918,
        "Total revenue financing activities": 3435,
        "Net profit from business activities": 8394,
        "Profit": 6163,
        "Profit before tax": 14557,
        "Present corporate income tax expenses": 6564,
        "Deferred income taxes expenses": -544,
        "The interests of minority shareholders": 13510,
        "Total Cost of profits": 19530,
        "Profit after tax corporate income": -4974,
        "Volume": 117205570,
        "Close of Quarter": 9.7,
        "EPS": 925.2,
        "Non-adjusted EPS": 1997,
        "PE": 4.9,
        "Book Price": 7.4
      }
    },
    {
      "quarter": "Q2 2016",
      "income status": {
        "Net sales": 771818,
        "Cost of goods sold": 527127,
        "Gross Profit": 244692,
        "Financial expenses": 10586,
        "Of which: Interest expense": 9027,
        "Cost of sales": 56703,
        "Enterprise cost management": 38013,
        "Total Operating Expenses": 105302,
        "Total revenue financing activities": 7414,
        "Net profit from business activities": 168230,
        "Profit": -2588,
        "Profit before tax": 165642,
        "Present corporate income tax expenses": 26458,
        "Deferred income taxes expenses": 3263,
        "The interests of minority shareholders": 16360,
        "Total Cost of profits": 46081,
        "Profit after tax corporate income": 119561,
        "Volume": 117205570,
        "Close of Quarter": 10.2,
        "EPS": 1313.9,
        "Non-adjusted EPS": 2836,
        "PE": 3.6,
        "Book Price": 7.3
      }
    },
    {
      "quarter": "Q1 2016",
      "income status": {
        "Net sales": 315086,
        "Cost of goods sold": 214809,
        "Gross Profit": 100278,
        "Financial expenses": 8318,
        "Of which: Interest expense": 8318,
        "Cost of sales": 41422,
        "Enterprise cost management": 36245,
        "Total Operating Expenses": 85985,
        "Total revenue financing activities": 7097,
        "Net profit from business activities": 35548,
        "Profit": 232,
        "Profit before tax": 35780,
        "Present corporate income tax expenses": 6254,
        "Deferred income taxes expenses": 323,
        "The interests of minority shareholders": -235,
        "Total Cost of profits": 6342,
        "Profit after tax corporate income": 29438,
        "Volume": 117205570,
        "Close of Quarter": 10.9,
        "EPS": 1302.3,
        "Non-adjusted EPS": 2811,
        "PE": 3.9,
        "Book Price": 6.8
      }
    },
    {
      "quarter": "Q4 2015",
      "income status": {
        "Net sales": 485325,
        "Cost of goods sold": 278660,
        "Gross Profit": 206665,
        "Financial expenses": 3480,
        "Of which: Interest expense": 3480,
        "Cost of sales": 58532,
        "Enterprise cost management": 43464,
        "Total Operating Expenses": 105476,
        "Total revenue financing activities": 10579,
        "Net profit from business activities": 137006,
        "Profit": 5968,
        "Profit before tax": 142974,
        "Present corporate income tax expenses": 28162,
        "Deferred income taxes expenses": -637,
        "The interests of minority shareholders": 25457,
        "Total Cost of profits": 52982,
        "Profit after tax corporate income": 89992,
        "Volume": 117205570,
        "Close of Quarter": 12.6,
        "EPS": 1330.5,
        "Non-adjusted EPS": 2872,
        "PE": 4.4,
        "Book Price": 7
      }
    },
    {
      "quarter": "Q3 2015",
      "income status": {
        "Net sales": 525266,
        "Cost of goods sold": 314608,
        "Gross Profit": 210658,
        "Financial expenses": 1318,
        "Of which: Interest expense": 1318,
        "Cost of sales": 42683,
        "Enterprise cost management": 26654,
        "Total Operating Expenses": 70655,
        "Total revenue financing activities": 7756,
        "Net profit from business activities": 164696,
        "Profit": -3058,
        "Profit before tax": 161637,
        "Present corporate income tax expenses": 34738,
        "Deferred income taxes expenses": -797,
        "The interests of minority shareholders": 34238,
        "Total Cost of profits": 68179,
        "Profit after tax corporate income": 93458,
        "Volume": 116863570,
        "Close of Quarter": 11.9,
        "EPS": 1426.4,
        "Non-adjusted EPS": 3088,
        "PE": 3.9,
        "Book Price": 6.7
      }
    },
    {
      "quarter": "Q2 2015",
      "income status": {
        "Net sales": 212314,
        "Cost of goods sold": 70650,
        "Gross Profit": 141664,
        "Financial expenses": 3671,
        "Of which: Interest expense": 86,
        "Cost of sales": 28567,
        "Enterprise cost management": 30084,
        "Total Operating Expenses": 62322,
        "Total revenue financing activities": 9655,
        "Net profit from business activities": 109032,
        "Profit": 55285,
        "Profit before tax": 164317,
        "Present corporate income tax expenses": 22740,
        "Deferred income taxes expenses": -1635,
        "The interests of minority shareholders": 26629,
        "Total Cost of profits": 47734,
        "Profit after tax corporate income": 116583,
        "Volume": 106245469,
        "Close of Quarter": 10.9,
        "EPS": 1060.8,
        "Non-adjusted EPS": 2526,
        "PE": 4.3,
        "Book Price": 6.1
      }
    },
    {
      "quarter": "Q1 2015",
      "income status": {
        "Net sales": 171600,
        "Cost of goods sold": 71342,
        "Gross Profit": 100258,
        "Financial expenses": 25,
        "Of which: Interest expense": 25,
        "Cost of sales": 14572,
        "Enterprise cost management": 24896,
        "Total Operating Expenses": 39493,
        "Total revenue financing activities": 8854,
        "Net profit from business activities": 73999,
        "Profit": -2538,
        "Profit before tax": 71461,
        "Present corporate income tax expenses": 12293,
        "Deferred income taxes expenses": -92,
        "The interests of minority shareholders": 22665,
        "Total Cost of profits": 34866,
        "Profit after tax corporate income": 36595,
        "Volume": 75000000,
        "Close of Quarter": 10.3,
        "EPS": 723.6,
        "Non-adjusted EPS": 2441,
        "PE": 4.2,
        "Book Price": 5.4
      }
    },
    {
      "quarter": "Q4 2014",
      "income status": {
        "Net sales": 238693,
        "Cost of goods sold": 106952,
        "Gross Profit": 131741,
        "Financial expenses": 25,
        "Of which: Interest expense": 25,
        "Cost of sales": 24579,
        "Enterprise cost management": 30561,
        "Total Operating Expenses": 55165,
        "Total revenue financing activities": 72124,
        "Net profit from business activities": 164653,
        "Profit": 184,
        "Profit before tax": 164837,
        "Present corporate income tax expenses": 31683,
        "Deferred income taxes expenses": -2160,
        "The interests of minority shareholders": 21095,
        "Total Cost of profits": 50618,
        "Profit after tax corporate income": 114219,
        "Volume": 75000000,
        "Close of Quarter": 8.0,
        "EPS": 663.5,
        "Non-adjusted EPS": 2238,
        "PE": 3.6,
        "Book Price": 4.2
      }
    },
    {
      "quarter": "Q3 2014",
      "income status": {
        "Net sales": 57465,
        "Cost of goods sold": 20105,
        "Gross Profit": 37360,
        "Financial expenses": 10,
        "Of which: Interest expense": 10,
        "Cost of sales": 10398,
        "Enterprise cost management": 17675,
        "Total Operating Expenses": 28083,
        "Total revenue financing activities": 5498,
        "Net profit from business activities": 13296,
        "Profit": 1981,
        "Profit before tax": 15276,
        "Present corporate income tax expenses": 4485,
        "Deferred income taxes expenses": "N/A",
        "The interests of minority shareholders": 9823,
        "Total Cost of profits": 14308,
        "Profit after tax corporate income": 968,
        "Volume": 75000000,
        "Close of Quarter": 8.7,
        "EPS": 367.3,
        "Non-adjusted EPS": 1239,
        "PE": 7.1,
        "Book Price": 3.7
      }
    },
    {
      "quarter": "Q2 2014",
      "income status": {
        "Net sales": 117633,
        "Cost of goods sold": 34341,
        "Gross Profit": 83292,
        "Financial expenses": 11,
        "Of which: Interest expense": 11,
        "Cost of sales": 12496,
        "Enterprise cost management": 19022,
        "Total Operating Expenses": 31529,
        "Total revenue financing activities": 5030,
        "Net profit from business activities": 57983,
        "Profit": -555,
        "Profit before tax": 57429,
        "Present corporate income tax expenses": 12663,
        "Deferred income taxes expenses": "N/A",
        "The interests of minority shareholders": 13436,
        "Total Cost of profits": 26099,
        "Profit after tax corporate income": 31330,
        "Volume": 75000000,
        "Close of Quarter": 8.5,
        "EPS": 482.6,
        "Non-adjusted EPS": 1628,
        "PE": 5.2,
        "Book Price": 3.7
      }
    },
    {
      "quarter": "Q1 2014",
      "income status": {
        "Net sales": 92390,
        "Cost of goods sold": 42967,
        "Gross Profit": 49423,
        "Financial expenses": 34,
        "Of which: Interest expense": 34,
        "Cost of sales": 6829,
        "Enterprise cost management": 15070,
        "Total Operating Expenses": 21933,
        "Total revenue financing activities": 1251,
        "Net profit from business activities": 28722,
        "Profit": 105,
        "Profit before tax": 28827,
        "Present corporate income tax expenses": 6650,
        "Deferred income taxes expenses": "N/A",
        "The interests of minority shareholders": 860,
        "Total Cost of profits": 7510,
        "Profit after tax corporate income": 21317,
        "Volume": 75000000,
        "Close of Quarter": 9.3,
        "EPS": 437.9,
        "Non-adjusted EPS": 1477,
        "PE": 6.3,
        "Book Price": 3.6
      }
    },
    {
      "quarter": "Q4 2013",
      "income status": {
        "Net sales": 123439,
        "Cost of goods sold": 46117,
        "Gross Profit": 77322,
        "Financial expenses": 210,
        "Of which: Interest expense": 210,
        "Cost of sales": 14560,
        "Enterprise cost management": 25384,
        "Total Operating Expenses": 40154,
        "Total revenue financing activities": 6907,
        "Net profit from business activities": 44075,
        "Profit": 1246,
        "Profit before tax": 48635,
        "Present corporate income tax expenses": 9293,
        "Deferred income taxes expenses": "N/A",
        "The interests of minority shareholders": "N/A",
        "Total Cost of profits": 9293,
        "Profit after tax corporate income": 39341,
        "Volume": 52799681,
        "Close of Quarter": 7.1,
        "EPS": 359.4,
        "Non-adjusted EPS": 1722,
        "PE": 4.1,
        "Book Price": 2.5
      }
    },
    {
      "quarter": "Q3 2013",
      "income status": {
        "Net sales": 31324,
        "Cost of goods sold": 5599,
        "Gross Profit": 25725,
        "Financial expenses": 32,
        "Of which: Interest expense": 32,
        "Cost of sales": 10077,
        "Enterprise cost management": 20002,
        "Total Operating Expenses": 30111,
        "Total revenue financing activities": 44153,
        "Net profit from business activities": 39766,
        "Profit": 121,
        "Profit before tax": 39319,
        "Present corporate income tax expenses": 9491,
        "Deferred income taxes expenses": "N/A",
        "The interests of minority shareholders": -251,
        "Total Cost of profits": 9240,
        "Profit after tax corporate income": 30079,
        "Volume": 52499681,
        "Close of Quarter": 4.9,
        "EPS": 299.2,
        "Non-adjusted EPS": 1442,
        "PE": 3.4,
        "Book Price": 2.4
      }
    },
    {
      "quarter": "Q2 2013",
      "income status": {
        "Net sales": 139055,
        "Cost of goods sold": 65363,
        "Gross Profit": 73692,
        "Financial expenses": 55,
        "Of which: Interest expense": 55,
        "Cost of sales": 26213,
        "Enterprise cost management": 18225,
        "Total Operating Expenses": 44493,
        "Total revenue financing activities": 1951,
        "Net profit from business activities": 31150,
        "Profit": -5,
        "Profit before tax": 30683,
        "Present corporate income tax expenses": 10032,
        "Deferred income taxes expenses": "N/A",
        "The interests of minority shareholders": 576,
        "Total Cost of profits": 10608,
        "Profit after tax corporate income": 20075,
        "Volume": 52499681,
        "Close of Quarter": 5.2,
        "EPS": 281.0,
        "Non-adjusted EPS": 1354,
        "PE": 3.8,
        "Book Price": 2.3
      }
    },
    {
      "quarter": "Q1 2013",
      "income status": {
        "Net sales": 48773,
        "Cost of goods sold": 19581,
        "Gross Profit": 29192,
        "Financial expenses": 46,
        "Of which: Interest expense": 46,
        "Cost of sales": 11644,
        "Enterprise cost management": 17636,
        "Total Operating Expenses": 29326,
        "Total revenue financing activities": 1943,
        "Net profit from business activities": 1810,
        "Profit": 204,
        "Profit before tax": 1849,
        "Present corporate income tax expenses": 1940,
        "Deferred income taxes expenses": "N/A",
        "The interests of minority shareholders": -1495,
        "Total Cost of profits": 445,
        "Profit after tax corporate income": 1404,
        "Volume": 42000000,
        "Close of Quarter": 5.0,
        "EPS": 224.1,
        "Non-adjusted EPS": 1350,
        "PE": 3.7,
        "Book Price": 2.2
      }
    },
    {
      "quarter": "Q4 2012",
      "income status": {
        "Net sales": 120957,
        "Cost of goods sold": 71096,
        "Gross Profit": 49861,
        "Financial expenses": 63,
        "Of which: Interest expense": 57,
        "Cost of sales": 12305,
        "Enterprise cost management": 21186,
        "Total Operating Expenses": 33554,
        "Total revenue financing activities": 992,
        "Net profit from business activities": 17299,
        "Profit": 855,
        "Profit before tax": 28361,
        "Present corporate income tax expenses": 4482,
        "Deferred income taxes expenses": "N/A",
        "The interests of minority shareholders": -245,
        "Total Cost of profits": 4237,
        "Profit after tax corporate income": 24124,
        "Volume": 32000000,
        "Close of Quarter": 4.8,
        "EPS": 228.7,
        "Non-adjusted EPS": 1808,
        "PE": 2.6,
        "Book Price": 2.2
      }
    },
    {
      "quarter": "Q3 2012",
      "income status": {
        "Net sales": 152942,
        "Cost of goods sold": 89322,
        "Gross Profit": 63621,
        "Financial expenses": 1073,
        "Of which: Interest expense": 1073,
        "Cost of sales": 11822,
        "Enterprise cost management": 18828,
        "Total Operating Expenses": 31723,
        "Total revenue financing activities": 515,
        "Net profit from business activities": 32412,
        "Profit": 764,
        "Profit before tax": 34255,
        "Present corporate income tax expenses": 7039,
        "Deferred income taxes expenses": "N/A",
        "The interests of minority shareholders": 1722,
        "Total Cost of profits": 8761,
        "Profit after tax corporate income": 25494,
        "Volume": 32000000,
        "Close of Quarter": 3.4,
        "EPS": 63.1,
        "Non-adjusted EPS": 499,
        "PE": 6.7,
        "Book Price": 1.7
      }
    },
    {
      "quarter": "Q2 2012",
      "income status": {
        "Net sales": 94878,
        "Cost of goods sold": 46379,
        "Gross Profit": 48499,
        "Financial expenses": 1777,
        "Of which: Interest expense": 1777,
        "Cost of sales": 13200,
        "Enterprise cost management": 19337,
        "Total Operating Expenses": 34314,
        "Total revenue financing activities": 580,
        "Net profit from business activities": 14765,
        "Profit": -1470,
        "Profit before tax": 13787,
        "Present corporate income tax expenses": 4466,
        "Deferred income taxes expenses": "N/A",
        "The interests of minority shareholders": 3634,
        "Total Cost of profits": 8100,
        "Profit after tax corporate income": 5688,
        "Volume": 32000000,
        "Close of Quarter": 4.2,
        "EPS": 9.4,
        "Non-adjusted EPS": 74,
        "PE": 56.8,
        "Book Price": 1.6
      }
    },
    {
      "quarter": "Q1 2012",
      "income status": {
        "Net sales": 34726,
        "Cost of goods sold": 3821,
        "Gross Profit": 30904,
        "Financial expenses": 3710,
        "Of which: Interest expense": 3710,
        "Cost of sales": 6719,
        "Enterprise cost management": 19319,
        "Total Operating Expenses": 29748,
        "Total revenue financing activities": 1173,
        "Net profit from business activities": 2329,
        "Profit": 1185,
        "Profit before tax": 2711,
        "Present corporate income tax expenses": 4032,
        "Deferred income taxes expenses": "N/A",
        "The interests of minority shareholders": -3876,
        "Total Cost of profits": 156,
        "Profit after tax corporate income": 2554,
        "Volume": 32000000,
        "Close of Quarter": 3.8,
        "EPS": 26.7,
        "Non-adjusted EPS": 211,
        "PE": 18.0,
        "Book Price": 1.6
      }
    },
    {
      "quarter": "Q4 2011",
      "income status": {
        "Net sales": 45977,
        "Cost of goods sold": 4822,
        "Gross Profit": 41154,
        "Financial expenses": 14047,
        "Of which: Interest expense": 14047,
        "Cost of sales": 15882,
        "Enterprise cost management": 29181,
        "Total Operating Expenses": 59110,
        "Total revenue financing activities": 2840,
        "Net profit from business activities": -15115,
        "Profit": -567,
        "Profit before tax": 55394,
        "Present corporate income tax expenses": 1148,
        "Deferred income taxes expenses": 49,
        "The interests of minority shareholders": 413,
        "Total Cost of profits": 1610,
        "Profit after tax corporate income": -17764,
        "Volume": 16000000,
        "Close of Quarter": 3.1,
        "EPS": 97.2,
        "Non-adjusted EPS": 1537,
        "PE": 2.0,
        "Book Price": 1.6
      }
    },
    {
      "quarter": "Q3 2011",
      "income status": {
        "Net sales": 75488,
        "Cost of goods sold": 6751,
        "Gross Profit": 68737,
        "Financial expenses": 20840,
        "Of which: Interest expense": 20840,
        "Cost of sales": 11098,
        "Enterprise cost management": 18867,
        "Total Operating Expenses": 50805,
        "Total revenue financing activities": 5196,
        "Net profit from business activities": 23128,
        "Profit": 1157,
        "Profit before tax": 71548,
        "Present corporate income tax expenses": 6415,
        "Deferred income taxes expenses": "N/A",
        "The interests of minority shareholders": 5595,
        "Total Cost of profits": 12010,
        "Profit after tax corporate income": 11900,
        "Volume": 16000000,
        "Close of Quarter": 6.9,
        "EPS": 211.9,
        "Non-adjusted EPS": 3351,
        "PE": 2.0,
        "Book Price": 1.1
      }
    },
    {
      "quarter": "Q2 2011",
      "income status": {
        "Net sales": 69196,
        "Cost of goods sold": 22225,
        "Gross Profit": 46971,
        "Financial expenses": 2361,
        "Of which: Interest expense": 2361,
        "Cost of sales": 10608,
        "Enterprise cost management": 20138,
        "Total Operating Expenses": 33107,
        "Total revenue financing activities": 5544,
        "Net profit from business activities": 19408,
        "Profit": 145,
        "Profit before tax": 19255,
        "Present corporate income tax expenses": 6212,
        "Deferred income taxes expenses": "N/A",
        "The interests of minority shareholders": 2972,
        "Total Cost of profits": 9184,
        "Profit after tax corporate income": 10071,
        "Volume": 16000000,
        "Close of Quarter": 7.2,
        "EPS": 204.7,
        "Non-adjusted EPS": 3237,
        "PE": 2.2,
        "Book Price": 1.1
      }
    },
    {
      "quarter": "Q1 2011",
      "income status": {
        "Net sales": 95726,
        "Cost of goods sold": 46505,
        "Gross Profit": 49221,
        "Financial expenses": 1307,
        "Of which: Interest expense": 1370,
        "Cost of sales": 7633,
        "Enterprise cost management": 15550,
        "Total Operating Expenses": 24490,
        "Total revenue financing activities": 3883,
        "Net profit from business activities": 28615,
        "Profit": 111,
        "Profit before tax": 28383,
        "Present corporate income tax expenses": 8510,
        "Deferred income taxes expenses": "N/A",
        "The interests of minority shareholders": -512,
        "Total Cost of profits": 7998,
        "Profit after tax corporate income": 20385,
        "Volume": 16000000,
        "Close of Quarter": 7.3,
        "EPS": 285.8,
        "Non-adjusted EPS": 4519,
        "PE": 1.6,
        "Book Price": 1.0
      }
    }
  ]
}