{
  "ticker": "NAV",
  "data": [
    {
      "quarter": "Q4 2016",
      "income status": {
        "Net sales": 11671,
        "Cost of goods sold": 15425,
        "Gross Profit": -3754,
        "Financial expenses": 188,
        "Of which: Interest expense": 473,
        "Cost of sales": 1805,
        "Enterprise cost management": 1268,
        "Total Operating Expenses": 3261,
        "Total revenue financing activities": 3499,
        "Net profit from business activities": -3516,
        "Profit": -53,
        "Profit before tax": -3569,
        "Present corporate income tax expenses": "N/A",
        "Deferred income taxes expenses": "N/A",
        "The interests of minority shareholders": "N/A",
        "Total Cost of profits": 0,
        "Profit after tax corporate income": -3569,
        "Volume": 8000000,
        "Close of Quarter": 6.2,
        "EPS": -960,
        "Non-adjusted EPS": -960,
        "PE": -6.5,
        "Book Price": 10.5
      }
    },
    {
      "quarter": "Q3 2016",
      "income status": {
        "Net sales": 24011,
        "Cost of goods sold": 22001,
        "Gross Profit": 2011,
        "Financial expenses": 568,
        "Of which: Interest expense": 555,
        "Cost of sales": 953,
        "Enterprise cost management": 2785,
        "Total Operating Expenses": 4306,
        "Total revenue financing activities": 11,
        "Net profit from business activities": -2284,
        "Profit": 136,
        "Profit before tax": -2148,
        "Present corporate income tax expenses": "N/A",
        "Deferred income taxes expenses": "N/A",
        "The interests of minority shareholders": "N/A",
        "Total Cost of profits": 0,
        "Profit after tax corporate income": -2148,
        "Volume": 8000000,
        "Close of Quarter": 10.1,
        "EPS": -387,
        "Non-adjusted EPS": -387,
        "PE": -26.0,
        "Book Price": 11.1
      }
    },
    {
      "quarter": "Q2 2016",
      "income status": {
        "Net sales": 33190,
        "Cost of goods sold": 30258,
        "Gross Profit": 2932,
        "Financial expenses": 783,
        "Of which: Interest expense": 736,
        "Cost of sales": 2809,
        "Enterprise cost management": 2376,
        "Total Operating Expenses": 5968,
        "Total revenue financing activities": 968,
        "Net profit from business activities": -2068,
        "Profit": 1346,
        "Profit before tax": -722,
        "Present corporate income tax expenses": "N/A",
        "Deferred income taxes expenses": "N/A",
        "The interests of minority shareholders": "N/A",
        "Total Cost of profits": 0,
        "Profit after tax corporate income": -722,
        "Volume": 8000000,
        "Close of Quarter": 8.7,
        "EPS": -65,
        "Non-adjusted EPS": -65,
        "PE": -133.9,
        "Book Price": 11.3
      }
    },
    {
      "quarter": "Q1 2016",
      "income status": {
        "Net sales": 23756,
        "Cost of goods sold": 20942,
        "Gross Profit": 2814,
        "Financial expenses": 740,
        "Of which: Interest expense": 727,
        "Cost of sales": 980,
        "Enterprise cost management": 2364,
        "Total Operating Expenses": 4084,
        "Total revenue financing activities": 43,
        "Net profit from business activities": -1226,
        "Profit": -13,
        "Profit before tax": -1239,
        "Present corporate income tax expenses": "N/A",
        "Deferred income taxes expenses": "N/A",
        "The interests of minority shareholders": "N/A",
        "Total Cost of profits": 0,
        "Profit after tax corporate income": -1239,
        "Volume": 8000000,
        "Close of Quarter": 8.8,
        "EPS": 501,
        "Non-adjusted EPS": 501,
        "PE": 17.6,
        "Book Price": 11.4
      }
    },
    {
      "quarter": "Q4 2015",
      "income status": {
        "Net sales": 43167,
        "Cost of goods sold": 37940,
        "Gross Profit": 5226,
        "Financial expenses": 1194,
        "Of which: Interest expense": "N/A",
        "Cost of sales": 2391,
        "Enterprise cost management": 4023,
        "Total Operating Expenses": 7608,
        "Total revenue financing activities": 2933,
        "Net profit from business activities": 552,
        "Profit": 37,
        "Profit before tax": 589,
        "Present corporate income tax expenses": -426,
        "Deferred income taxes expenses": "N/A",
        "The interests of minority shareholders": "N/A",
        "Total Cost of profits": -426,
        "Profit after tax corporate income": 1015,
        "Volume": 8000000,
        "Close of Quarter": 9.0,
        "EPS": 796,
        "Non-adjusted EPS": 796,
        "PE": 11.3,
        "Book Price": 12.5
      }
    },
    {
      "quarter": "Q3 2015",
      "income status": {
        "Net sales": 41543,
        "Cost of goods sold": 35371,
        "Gross Profit": 6172,
        "Financial expenses": 906,
        "Of which: Interest expense": 758,
        "Cost of sales": 2352,
        "Enterprise cost management": 3056,
        "Total Operating Expenses": 6314,
        "Total revenue financing activities": 269,
        "Net profit from business activities": 128,
        "Profit": 421,
        "Profit before tax": 549,
        "Present corporate income tax expenses": 121,
        "Deferred income taxes expenses": "N/A",
        "The interests of minority shareholders": "N/A",
        "Total Cost of profits": 121,
        "Profit after tax corporate income": 428,
        "Volume": 8000000,
        "Close of Quarter": 7.8,
        "EPS": 904,
        "Non-adjusted EPS": 904,
        "PE": 8.6,
        "Book Price": 12.4
      }
    },
    {
      "quarter": "Q2 2015",
      "income status": {
        "Net sales": 57060,
        "Cost of goods sold": 46868,
        "Gross Profit": 10192,
        "Financial expenses": 1458,
        "Of which: Interest expense": 853,
        "Cost of sales": 2626,
        "Enterprise cost management": 1668,
        "Total Operating Expenses": 5752,
        "Total revenue financing activities": 78,
        "Net profit from business activities": 4519,
        "Profit": 368,
        "Profit before tax": 4887,
        "Present corporate income tax expenses": 1083,
        "Deferred income taxes expenses": "N/A",
        "The interests of minority shareholders": "N/A",
        "Total Cost of profits": 1083,
        "Profit after tax corporate income": 3804,
        "Volume": 8000000,
        "Close of Quarter": 6.5,
        "EPS": 1013,
        "Non-adjusted EPS": 1013,
        "PE": 6.4,
        "Book Price": 12.3
      }
    },
    {
      "quarter": "Q1 2015",
      "income status": {
        "Net sales": 36492,
        "Cost of goods sold": 31498,
        "Gross Profit": 4994,
        "Financial expenses": 659,
        "Of which: Interest expense": 642,
        "Cost of sales": 1347,
        "Enterprise cost management": 2953,
        "Total Operating Expenses": 4959,
        "Total revenue financing activities": 1123,
        "Net profit from business activities": 1158,
        "Profit": -13,
        "Profit before tax": 1144,
        "Present corporate income tax expenses": 24,
        "Deferred income taxes expenses": "N/A",
        "The interests of minority shareholders": "N/A",
        "Total Cost of profits": 24,
        "Profit after tax corporate income": 1120,
        "Volume": 8000000,
        "Close of Quarter": 6.3,
        "EPS": 926,
        "Non-adjusted EPS": 926,
        "PE": 6.9,
        "Book Price": 11.9
      }
    },
    {
      "quarter": "Q4 2014",
      "income status": {
        "Net sales": 61980,
        "Cost of goods sold": 51382,
        "Gross Profit": 10598,
        "Financial expenses": 1029,
        "Of which: Interest expense": 728,
        "Cost of sales": 3253,
        "Enterprise cost management": 5332,
        "Total Operating Expenses": 9614,
        "Total revenue financing activities": 1116,
        "Net profit from business activities": 2100,
        "Profit": 19,
        "Profit before tax": 2120,
        "Present corporate income tax expenses": 239,
        "Deferred income taxes expenses": "N/A",
        "The interests of minority shareholders": "N/A",
        "Total Cost of profits": 239,
        "Profit after tax corporate income": 1881,
        "Volume": 8000000,
        "Close of Quarter": 5.8,
        "EPS": 964,
        "Non-adjusted EPS": 964,
        "PE": 6.0,
        "Book Price": 12.3
      }
    },
    {
      "quarter": "Q3 2014",
      "income status": {
        "Net sales": 47301,
        "Cost of goods sold": 38383,
        "Gross Profit": 8918,
        "Financial expenses": 828,
        "Of which: Interest expense": 701,
        "Cost of sales": 1945,
        "Enterprise cost management": 4501,
        "Total Operating Expenses": 7274,
        "Total revenue financing activities": 21,
        "Net profit from business activities": 1666,
        "Profit": "N/A",
        "Profit before tax": 1666,
        "Present corporate income tax expenses": 366,
        "Deferred income taxes expenses": "N/A",
        "The interests of minority shareholders": "N/A",
        "Total Cost of profits": 366,
        "Profit after tax corporate income": 1299,
        "Volume": 8000000,
        "Close of Quarter": 6.2,
        "EPS": 600,
        "Non-adjusted EPS": 600,
        "PE": 10.3,
        "Book Price": 12.1
      }
    },
    {
      "quarter": "Q2 2014",
      "income status": {
        "Net sales": 54367,
        "Cost of goods sold": 43984,
        "Gross Profit": 10383,
        "Financial expenses": 1003,
        "Of which: Interest expense": 911,
        "Cost of sales": 2618,
        "Enterprise cost management": 4140,
        "Total Operating Expenses": 7761,
        "Total revenue financing activities": 1051,
        "Net profit from business activities": 3672,
        "Profit": 21,
        "Profit before tax": 3694,
        "Present corporate income tax expenses": 585,
        "Deferred income taxes expenses": "N/A",
        "The interests of minority shareholders": "N/A",
        "Total Cost of profits": 585,
        "Profit after tax corporate income": 3109,
        "Volume": 8000000,
        "Close of Quarter": 5.2,
        "EPS": 662,
        "Non-adjusted EPS": 662,
        "PE": 7.9,
        "Book Price": 12
      }
    },
    {
      "quarter": "Q1 2014",
      "income status": {
        "Net sales": 44932,
        "Cost of goods sold": 37513,
        "Gross Profit": 7419,
        "Financial expenses": 1011,
        "Of which: Interest expense": 968,
        "Cost of sales": 1787,
        "Enterprise cost management": 2865,
        "Total Operating Expenses": 5663,
        "Total revenue financing activities": 48,
        "Net profit from business activities": 1804,
        "Profit": 25,
        "Profit before tax": 1829,
        "Present corporate income tax expenses": 402,
        "Deferred income taxes expenses": "N/A",
        "The interests of minority shareholders": "N/A",
        "Total Cost of profits": 402,
        "Profit after tax corporate income": 1426,
        "Volume": 8000000,
        "Close of Quarter": 5.7,
        "EPS": 505,
        "Non-adjusted EPS": 505,
        "PE": 11.3,
        "Book Price": 12.3
      }
    },
    {
      "quarter": "Q4 2013",
      "income status": {
        "Net sales": 39574,
        "Cost of goods sold": 34812,
        "Gross Profit": 4762,
        "Financial expenses": 1108,
        "Of which: Interest expense": 1068,
        "Cost of sales": 1011,
        "Enterprise cost management": 5486,
        "Total Operating Expenses": 7605,
        "Total revenue financing activities": 1099,
        "Net profit from business activities": -1744,
        "Profit": 22,
        "Profit before tax": -1722,
        "Present corporate income tax expenses": -689,
        "Deferred income taxes expenses": "N/A",
        "The interests of minority shareholders": "N/A",
        "Total Cost of profits": -689,
        "Profit after tax corporate income": -1033,
        "Volume": 8000000,
        "Close of Quarter": 5.2,
        "EPS": 475,
        "Non-adjusted EPS": 475,
        "PE": 11.0,
        "Book Price": 12
      }
    },
    {
      "quarter": "Q3 2013",
      "income status": {
        "Net sales": 51177,
        "Cost of goods sold": 43884,
        "Gross Profit": 7294,
        "Financial expenses": 1313,
        "Of which: Interest expense": 1192,
        "Cost of sales": 1274,
        "Enterprise cost management": 2367,
        "Total Operating Expenses": 4954,
        "Total revenue financing activities": 56,
        "Net profit from business activities": 2396,
        "Profit": "N/A",
        "Profit before tax": 2396,
        "Present corporate income tax expenses": 599,
        "Deferred income taxes expenses": "N/A",
        "The interests of minority shareholders": "N/A",
        "Total Cost of profits": 599,
        "Profit after tax corporate income": 1797,
        "Volume": 8000000,
        "Close of Quarter": 4.5,
        "EPS": 270,
        "Non-adjusted EPS": 270,
        "PE": 16.5,
        "Book Price": 12.2
      }
    },
    {
      "quarter": "Q2 2013",
      "income status": {
        "Net sales": 53321,
        "Cost of goods sold": 44878,
        "Gross Profit": 8443,
        "Financial expenses": 1424,
        "Of which: Interest expense": 1317,
        "Cost of sales": 2381,
        "Enterprise cost management": 2222,
        "Total Operating Expenses": 6027,
        "Total revenue financing activities": 22,
        "Net profit from business activities": 2437,
        "Profit": 30,
        "Profit before tax": 2466,
        "Present corporate income tax expenses": 617,
        "Deferred income taxes expenses": "N/A",
        "The interests of minority shareholders": "N/A",
        "Total Cost of profits": 617,
        "Profit after tax corporate income": 1850,
        "Volume": 8000000,
        "Close of Quarter": 5.1,
        "EPS": 325,
        "Non-adjusted EPS": 325,
        "PE": 15.6,
        "Book Price": 12.1
      }
    },
    {
      "quarter": "Q1 2013",
      "income status": {
        "Net sales": 42865,
        "Cost of goods sold": 36803,
        "Gross Profit": 6062,
        "Financial expenses": 1357,
        "Of which: Interest expense": 1311,
        "Cost of sales": 1775,
        "Enterprise cost management": 1717,
        "Total Operating Expenses": 4849,
        "Total revenue financing activities": 57,
        "Net profit from business activities": 1271,
        "Profit": 307,
        "Profit before tax": 1577,
        "Present corporate income tax expenses": 394,
        "Deferred income taxes expenses": "N/A",
        "The interests of minority shareholders": "N/A",
        "Total Cost of profits": 394,
        "Profit after tax corporate income": 1183,
        "Volume": 8000000,
        "Close of Quarter": 4.9,
        "EPS": 483,
        "Non-adjusted EPS": 483,
        "PE": 10.2,
        "Book Price": 11.9
      }
    },
    {
      "quarter": "Q4 2012",
      "income status": {
        "Net sales": 39677,
        "Cost of goods sold": 37896,
        "Gross Profit": 1781,
        "Financial expenses": 1168,
        "Of which: Interest expense": 1148,
        "Cost of sales": 1646,
        "Enterprise cost management": 4424,
        "Total Operating Expenses": 7238,
        "Total revenue financing activities": 1431,
        "Net profit from business activities": -4026,
        "Profit": 2,
        "Profit before tax": -4023,
        "Present corporate income tax expenses": -1351,
        "Deferred income taxes expenses": "N/A",
        "The interests of minority shareholders": "N/A",
        "Total Cost of profits": -1351,
        "Profit after tax corporate income": -2673,
        "Volume": 8000000,
        "Close of Quarter": 4.8,
        "EPS": 708,
        "Non-adjusted EPS": 708,
        "PE": 6.7,
        "Book Price": 11.9
      }
    },
    {
      "quarter": "Q3 2012",
      "income status": {
        "Net sales": 46100,
        "Cost of goods sold": 37508,
        "Gross Profit": 8592,
        "Financial expenses": 954,
        "Of which: Interest expense": 913,
        "Cost of sales": 2309,
        "Enterprise cost management": 2492,
        "Total Operating Expenses": 5755,
        "Total revenue financing activities": 43,
        "Net profit from business activities": 2880,
        "Profit": 105,
        "Profit before tax": 2985,
        "Present corporate income tax expenses": 746,
        "Deferred income taxes expenses": "N/A",
        "The interests of minority shareholders": "N/A",
        "Total Cost of profits": 746,
        "Profit after tax corporate income": 2238,
        "Volume": 8000000,
        "Close of Quarter": 4.3,
        "EPS": 1368,
        "Non-adjusted EPS": 1368,
        "PE": 3.2,
        "Book Price": 13.1
      }
    },
    {
      "quarter": "Q2 2012",
      "income status": {
        "Net sales": 45972,
        "Cost of goods sold": 37559,
        "Gross Profit": 8413,
        "Financial expenses": 868,
        "Of which: Interest expense": 796,
        "Cost of sales": 2004,
        "Enterprise cost management": 2440,
        "Total Operating Expenses": 5312,
        "Total revenue financing activities": 86,
        "Net profit from business activities": 3187,
        "Profit": 967,
        "Profit before tax": 4154,
        "Present corporate income tax expenses": 1039,
        "Deferred income taxes expenses": "N/A",
        "The interests of minority shareholders": "N/A",
        "Total Cost of profits": 1039,
        "Profit after tax corporate income": 3116,
        "Volume": 8000000,
        "Close of Quarter": 4.8,
        "EPS": 1566,
        "Non-adjusted EPS": 1566,
        "PE": 3.0,
        "Book Price": 12.9
      }
    },
    {
      "quarter": "Q1 2012",
      "income status": {
        "Net sales": 39972,
        "Cost of goods sold": 32385,
        "Gross Profit": 7587,
        "Financial expenses": 964,
        "Of which: Interest expense": 885,
        "Cost of sales": 2521,
        "Enterprise cost management": 2434,
        "Total Operating Expenses": 5919,
        "Total revenue financing activities": 1689,
        "Net profit from business activities": 3357,
        "Profit": 163,
        "Profit before tax": 3519,
        "Present corporate income tax expenses": 535,
        "Deferred income taxes expenses": "N/A",
        "The interests of minority shareholders": "N/A",
        "Total Cost of profits": 535,
        "Profit after tax corporate income": 2984,
        "Volume": 8000000,
        "Close of Quarter": 4.8,
        "EPS": 1604,
        "Non-adjusted EPS": 1604,
        "PE": 3.0,
        "Book Price": 12.5
      }
    },
    {
      "quarter": "Q4 2011",
      "income status": {
        "Net sales": 46619,
        "Cost of goods sold": 36834,
        "Gross Profit": 9785,
        "Financial expenses": 1016,
        "Of which: Interest expense": 667,
        "Cost of sales": 2300,
        "Enterprise cost management": 3222,
        "Total Operating Expenses": 6538,
        "Total revenue financing activities": 229,
        "Net profit from business activities": 3477,
        "Profit": 11,
        "Profit before tax": 3488,
        "Present corporate income tax expenses": 882,
        "Deferred income taxes expenses": "N/A",
        "The interests of minority shareholders": "N/A",
        "Total Cost of profits": 882,
        "Profit after tax corporate income": 2606,
        "Volume": 8000000,
        "Close of Quarter": 5.0,
        "EPS": 1495,
        "Non-adjusted EPS": 1495,
        "PE": 3.3,
        "Book Price": 12.1
      }
    },
    {
      "quarter": "Q3 2011",
      "income status": {
        "Net sales": 58075,
        "Cost of goods sold": 44648,
        "Gross Profit": 13427,
        "Financial expenses": 1005,
        "Of which: Interest expense": 706,
        "Cost of sales": 5659,
        "Enterprise cost management": 2326,
        "Total Operating Expenses": 8990,
        "Total revenue financing activities": 707,
        "Net profit from business activities": 5144,
        "Profit": -54,
        "Profit before tax": 5090,
        "Present corporate income tax expenses": 1273,
        "Deferred income taxes expenses": "N/A",
        "The interests of minority shareholders": "N/A",
        "Total Cost of profits": 1273,
        "Profit after tax corporate income": 3818,
        "Volume": 8000000,
        "Close of Quarter": 4.0,
        "EPS": 1716,
        "Non-adjusted EPS": 1716,
        "PE": 2.3,
        "Book Price": 13.1
      }
    },
    {
      "quarter": "Q2 2011",
      "income status": {
        "Net sales": 42208,
        "Cost of goods sold": 33113,
        "Gross Profit": 9096,
        "Financial expenses": 986,
        "Of which: Interest expense": 531,
        "Cost of sales": 1381,
        "Enterprise cost management": 2546,
        "Total Operating Expenses": 4913,
        "Total revenue financing activities": 333,
        "Net profit from business activities": 4515,
        "Profit": 53,
        "Profit before tax": 4568,
        "Present corporate income tax expenses": 1142,
        "Deferred income taxes expenses": "N/A",
        "The interests of minority shareholders": "N/A",
        "Total Cost of profits": 1142,
        "Profit after tax corporate income": 3426,
        "Volume": 8000000,
        "Close of Quarter": 4.2,
        "EPS": 1585,
        "Non-adjusted EPS": 1585,
        "PE": 2.7,
        "Book Price": 12.8
      }
    },
    {
      "quarter": "Q1 2011",
      "income status": {
        "Net sales": 35987,
        "Cost of goods sold": 29399,
        "Gross Profit": 6587,
        "Financial expenses": 1148,
        "Of which: Interest expense": 561,
        "Cost of sales": 1284,
        "Enterprise cost management": 1669,
        "Total Operating Expenses": 4101,
        "Total revenue financing activities": 277,
        "Net profit from business activities": 2764,
        "Profit": 46,
        "Profit before tax": 2809,
        "Present corporate income tax expenses": 702,
        "Deferred income taxes expenses": "N/A",
        "The interests of minority shareholders": "N/A",
        "Total Cost of profits": 702,
        "Profit after tax corporate income": 2107,
        "Volume": 8000000,
        "Close of Quarter": 4.9,
        "EPS": 1518,
        "Non-adjusted EPS": 1518,
        "PE": 3.2,
        "Book Price": 12.2
      }
    }
  ]
}