{
  "ticker": "CMT",
  "data": [
    {
      "quarter": "Q4 2016",
      "income status": {
        "Net sales": 159698,
        "Cost of goods sold": 144583,
        "Gross Profit": 15114,
        "Financial expenses": 3389,
        "Of which: Interest expense": 1719,
        "Cost of sales": 1243,
        "Enterprise cost management": 7246,
        "Total Operating Expenses": 11878,
        "Total revenue financing activities": 871,
        "Net profit from business activities": 4108,
        "Profit": -4,
        "Profit before tax": 4104,
        "Present corporate income tax expenses": 727,
        "Deferred income taxes expenses": "N/A",
        "The interests of minority shareholders": "N/A",
        "Total Cost of profits": 727,
        "Profit after tax corporate income": 3377,
        "Volume": 7283370,
        "Close of Quarter": 12.6,
        "EPS": 1184,
        "Non-adjusted EPS": 1184,
        "PE": 10.6,
        "Book Price": 18.8
      }
    },
    {
      "quarter": "Q3 2016",
      "income status": {
        "Net sales": 90058,
        "Cost of goods sold": 82375,
        "Gross Profit": 7684,
        "Financial expenses": 1558,
        "Of which: Interest expense": 1361,
        "Cost of sales": 715,
        "Enterprise cost management": 4901,
        "Total Operating Expenses": 7174,
        "Total revenue financing activities": 2784,
        "Net profit from business activities": 3294,
        "Profit": -286,
        "Profit before tax": 3009,
        "Present corporate income tax expenses": 660,
        "Deferred income taxes expenses": "N/A",
        "The interests of minority shareholders": "N/A",
        "Total Cost of profits": 660,
        "Profit after tax corporate income": 2349,
        "Volume": 7283370,
        "Close of Quarter": 10.6,
        "EPS": 993,
        "Non-adjusted EPS": 993,
        "PE": 10.6,
        "Book Price": 18.4
      }
    },
    {
      "quarter": "Q2 2016",
      "income status": {
        "Net sales": 114718,
        "Cost of goods sold": 100402,
        "Gross Profit": 14316,
        "Financial expenses": 1781,
        "Of which: Interest expense": 1252,
        "Cost of sales": 1495,
        "Enterprise cost management": 5307,
        "Total Operating Expenses": 8583,
        "Total revenue financing activities": 493,
        "Net profit from business activities": 6226,
        "Profit": -212,
        "Profit before tax": 6014,
        "Present corporate income tax expenses": 653,
        "Deferred income taxes expenses": "N/A",
        "The interests of minority shareholders": "N/A",
        "Total Cost of profits": 653,
        "Profit after tax corporate income": 5361,
        "Volume": 7283370,
        "Close of Quarter": 13,
        "EPS": 1095,
        "Non-adjusted EPS": 1095,
        "PE": 11.9,
        "Book Price": 17.9
      }
    },
    {
      "quarter": "Q1 2016",
      "income status": {
        "Net sales": 81531,
        "Cost of goods sold": 77696,
        "Gross Profit": 3835,
        "Financial expenses": 905,
        "Of which: Interest expense": 820,
        "Cost of sales": 1260,
        "Enterprise cost management": 6208,
        "Total Operating Expenses": 8373,
        "Total revenue financing activities": 2078,
        "Net profit from business activities": -2461,
        "Profit": "N/A",
        "Profit before tax": -2461,
        "Present corporate income tax expenses": 6,
        "Deferred income taxes expenses": "N/A",
        "The interests of minority shareholders": "N/A",
        "Total Cost of profits": 6,
        "Profit after tax corporate income": -2467,
        "Volume": 7283370,
        "Close of Quarter": 12.9,
        "EPS": 824,
        "Non-adjusted EPS": 824,
        "PE": 15.7,
        "Book Price": 17.6
      }
    },
    {
      "quarter": "Q4 2015",
      "income status": {
        "Net sales": 126288,
        "Cost of goods sold": 105553,
        "Gross Profit": 20735,
        "Financial expenses": 4594,
        "Of which: Interest expense": 1835,
        "Cost of sales": 835,
        "Enterprise cost management": 11776,
        "Total Operating Expenses": 17205,
        "Total revenue financing activities": 383,
        "Net profit from business activities": 3913,
        "Profit": 152,
        "Profit before tax": 4065,
        "Present corporate income tax expenses": 2075,
        "Deferred income taxes expenses": "N/A",
        "The interests of minority shareholders": "N/A",
        "Total Cost of profits": 2075,
        "Profit after tax corporate income": 1991,
        "Volume": 7283370,
        "Close of Quarter": 15.8,
        "EPS": 1183,
        "Non-adjusted EPS": 1183,
        "PE": 13.4,
        "Book Price": 18
      }
    },
    {
      "quarter": "Q3 2015",
      "income status": {
        "Net sales": 233521,
        "Cost of goods sold": 208261,
        "Gross Profit": 25260,
        "Financial expenses": 12062,
        "Of which: Interest expense": 1307,
        "Cost of sales": 928,
        "Enterprise cost management": 6333,
        "Total Operating Expenses": 19323,
        "Total revenue financing activities": 37,
        "Net profit from business activities": 5975,
        "Profit": -1947,
        "Profit before tax": 4028,
        "Present corporate income tax expenses": 940,
        "Deferred income taxes expenses": "N/A",
        "The interests of minority shareholders": "N/A",
        "Total Cost of profits": 940,
        "Profit after tax corporate income": 3088,
        "Volume": 7283370,
        "Close of Quarter": 14,
        "EPS": 1047,
        "Non-adjusted EPS": 1047,
        "PE": 13.4,
        "Book Price": 17.4
      }
    },
    {
      "quarter": "Q2 2015",
      "income status": {
        "Net sales": 83973,
        "Cost of goods sold": 70257,
        "Gross Profit": 13716,
        "Financial expenses": 5352,
        "Of which: Interest expense": 1277,
        "Cost of sales": 635,
        "Enterprise cost management": 3447,
        "Total Operating Expenses": 9434,
        "Total revenue financing activities": 267,
        "Net profit from business activities": 4548,
        "Profit": "N/A",
        "Profit before tax": 4548,
        "Present corporate income tax expenses": 426,
        "Deferred income taxes expenses": 732,
        "The interests of minority shareholders": "N/A",
        "Total Cost of profits": 1158,
        "Profit after tax corporate income": 3389,
        "Volume": 7283370,
        "Close of Quarter": 13,
        "EPS": 1406,
        "Non-adjusted EPS": 1406,
        "PE": 9.3,
        "Book Price": 16.9
      }
    },
    {
      "quarter": "Q1 2015",
      "income status": {
        "Net sales": 43214,
        "Cost of goods sold": 37099,
        "Gross Profit": 6115,
        "Financial expenses": 530,
        "Of which: Interest expense": 511,
        "Cost of sales": 675,
        "Enterprise cost management": 4707,
        "Total Operating Expenses": 5912,
        "Total revenue financing activities": 100,
        "Net profit from business activities": 304,
        "Profit": "N/A",
        "Profit before tax": 304,
        "Present corporate income tax expenses": 154,
        "Deferred income taxes expenses": "N/A",
        "The interests of minority shareholders": "N/A",
        "Total Cost of profits": 154,
        "Profit after tax corporate income": 150,
        "Volume": 7283370,
        "Close of Quarter": 11,
        "EPS": 1073,
        "Non-adjusted EPS": 1073,
        "PE": 10.3,
        "Book Price": 16.6
      }
    },
    {
      "quarter": "Q4 2014",
      "income status": {
        "Net sales": 185746,
        "Cost of goods sold": 175357,
        "Gross Profit": 10388,
        "Financial expenses": 1398,
        "Of which: Interest expense": 1063,
        "Cost of sales": 505,
        "Enterprise cost management": 7695,
        "Total Operating Expenses": 9598,
        "Total revenue financing activities": 493,
        "Net profit from business activities": 1284,
        "Profit": 39,
        "Profit before tax": 1322,
        "Present corporate income tax expenses": 323,
        "Deferred income taxes expenses": "N/A",
        "The interests of minority shareholders": "N/A",
        "Total Cost of profits": 323,
        "Profit after tax corporate income": 999,
        "Volume": 7283370,
        "Close of Quarter": 10.5,
        "EPS": 1100,
        "Non-adjusted EPS": 1100,
        "PE": 9.6,
        "Book Price": 16.6
      }
    },
    {
      "quarter": "Q3 2014",
      "income status": {
        "Net sales": 67604,
        "Cost of goods sold": 53053,
        "Gross Profit": 14551,
        "Financial expenses": 843,
        "Of which: Interest expense": 739,
        "Cost of sales": 559,
        "Enterprise cost management": 5653,
        "Total Operating Expenses": 7055,
        "Total revenue financing activities": 50,
        "Net profit from business activities": 7546,
        "Profit": "N/A",
        "Profit before tax": 7547,
        "Present corporate income tax expenses": 1848,
        "Deferred income taxes expenses": "N/A",
        "The interests of minority shareholders": "N/A",
        "Total Cost of profits": 1848,
        "Profit after tax corporate income": 5699,
        "Volume": 7283370,
        "Close of Quarter": 10.5,
        "EPS": 1516,
        "Non-adjusted EPS": 1516,
        "PE": 6.9,
        "Book Price": 16.5
      }
    },
    {
      "quarter": "Q2 2014",
      "income status": {
        "Net sales": 82112,
        "Cost of goods sold": 73152,
        "Gross Profit": 8960,
        "Financial expenses": 1980,
        "Of which: Interest expense": "N/A",
        "Cost of sales": 594,
        "Enterprise cost management": 5322,
        "Total Operating Expenses": 7896,
        "Total revenue financing activities": 317,
        "Net profit from business activities": 1380,
        "Profit": "N/A",
        "Profit before tax": 1380,
        "Present corporate income tax expenses": 410,
        "Deferred income taxes expenses": "N/A",
        "The interests of minority shareholders": "N/A",
        "Total Cost of profits": 410,
        "Profit after tax corporate income": 970,
        "Volume": 7283370,
        "Close of Quarter": 10.2,
        "EPS": 1185,
        "Non-adjusted EPS": 1185,
        "PE": 8.6,
        "Book Price": 15.7
      }
    },
    {
      "quarter": "Q1 2014",
      "income status": {
        "Net sales": 16196,
        "Cost of goods sold": 10531,
        "Gross Profit": 5665,
        "Financial expenses": 283,
        "Of which: Interest expense": 278,
        "Cost of sales": 379,
        "Enterprise cost management": 4748,
        "Total Operating Expenses": 5410,
        "Total revenue financing activities": 241,
        "Net profit from business activities": 495,
        "Profit": "N/A",
        "Profit before tax": 495,
        "Present corporate income tax expenses": 148,
        "Deferred income taxes expenses": "N/A",
        "The interests of minority shareholders": "N/A",
        "Total Cost of profits": 148,
        "Profit after tax corporate income": 347,
        "Volume": 7283370,
        "Close of Quarter": 10.7,
        "EPS": 1218,
        "Non-adjusted EPS": 1218,
        "PE": 8.8,
        "Book Price": 16
      }
    },
    {
      "quarter": "Q4 2013",
      "income status": {
        "Net sales": 160778,
        "Cost of goods sold": 143506,
        "Gross Profit": 17272,
        "Financial expenses": 2975,
        "Of which: Interest expense": 1829,
        "Cost of sales": 612,
        "Enterprise cost management": 7641,
        "Total Operating Expenses": 11228,
        "Total revenue financing activities": 273,
        "Net profit from business activities": 6317,
        "Profit": -685,
        "Profit before tax": 5632,
        "Present corporate income tax expenses": 1607,
        "Deferred income taxes expenses": "N/A",
        "The interests of minority shareholders": "N/A",
        "Total Cost of profits": 1607,
        "Profit after tax corporate income": 4025,
        "Volume": 7283370,
        "Close of Quarter": 6,
        "EPS": 1092,
        "Non-adjusted EPS": 1092,
        "PE": 5.5,
        "Book Price": 15.8
      }
    },
    {
      "quarter": "Q3 2013",
      "income status": {
        "Net sales": 76432,
        "Cost of goods sold": 64000,
        "Gross Profit": 12432,
        "Financial expenses": 2307,
        "Of which: Interest expense": 2225,
        "Cost of sales": 725,
        "Enterprise cost management": 4530,
        "Total Operating Expenses": 7562,
        "Total revenue financing activities": 233,
        "Net profit from business activities": 5103,
        "Profit": -637,
        "Profit before tax": 4466,
        "Present corporate income tax expenses": 1180,
        "Deferred income taxes expenses": -3,
        "The interests of minority shareholders": "N/A",
        "Total Cost of profits": 1177,
        "Profit after tax corporate income": 3289,
        "Volume": 7283370,
        "Close of Quarter": 5.7,
        "EPS": 1270,
        "Non-adjusted EPS": 1270,
        "PE": 4.5,
        "Book Price": 15.2
      }
    },
    {
      "quarter": "Q2 2013",
      "income status": {
        "Net sales": 65808,
        "Cost of goods sold": 56728,
        "Gross Profit": 9080,
        "Financial expenses": 1862,
        "Of which: Interest expense": 995,
        "Cost of sales": 441,
        "Enterprise cost management": 5522,
        "Total Operating Expenses": 7825,
        "Total revenue financing activities": 294,
        "Net profit from business activities": 1549,
        "Profit": -7,
        "Profit before tax": 1542,
        "Present corporate income tax expenses": 334,
        "Deferred income taxes expenses": "N/A",
        "The interests of minority shareholders": "N/A",
        "Total Cost of profits": 334,
        "Profit after tax corporate income": 1208,
        "Volume": 7283370,
        "Close of Quarter": 5.1,
        "EPS": 920,
        "Non-adjusted EPS": 920,
        "PE": 5.5,
        "Book Price": 14.8
      }
    },
    {
      "quarter": "Q1 2013",
      "income status": {
        "Net sales": 26492,
        "Cost of goods sold": 19284,
        "Gross Profit": 7208,
        "Financial expenses": 1865,
        "Of which: Interest expense": 1760,
        "Cost of sales": 1201,
        "Enterprise cost management": 4961,
        "Total Operating Expenses": 8027,
        "Total revenue financing activities": 247,
        "Net profit from business activities": -572,
        "Profit": "N/A",
        "Profit before tax": -572,
        "Present corporate income tax expenses": "N/A",
        "Deferred income taxes expenses": "N/A",
        "The interests of minority shareholders": "N/A",
        "Total Cost of profits": 0,
        "Profit after tax corporate income": -572,
        "Volume": 7283370,
        "Close of Quarter": 5.2,
        "EPS": 790,
        "Non-adjusted EPS": 790,
        "PE": 6.6,
        "Book Price": 14.8
      }
    },
    {
      "quarter": "Q4 2012",
      "income status": {
        "Net sales": 115723,
        "Cost of goods sold": 100392,
        "Gross Profit": 15331,
        "Financial expenses": 2146,
        "Of which: Interest expense": 1933,
        "Cost of sales": 840,
        "Enterprise cost management": 5990,
        "Total Operating Expenses": 8976,
        "Total revenue financing activities": 924,
        "Net profit from business activities": 7279,
        "Profit": -51,
        "Profit before tax": 7228,
        "Present corporate income tax expenses": 1905,
        "Deferred income taxes expenses": "N/A",
        "The interests of minority shareholders": "N/A",
        "Total Cost of profits": 1905,
        "Profit after tax corporate income": 5323,
        "Volume": 7283370,
        "Close of Quarter": 5.5,
        "EPS": 556,
        "Non-adjusted EPS": 556,
        "PE": 9.9,
        "Book Price": 14.8
      }
    },
    {
      "quarter": "Q3 2012",
      "income status": {
        "Net sales": 36045,
        "Cost of goods sold": 28672,
        "Gross Profit": 7373,
        "Financial expenses": 1570,
        "Of which: Interest expense": 1531,
        "Cost of sales": 292,
        "Enterprise cost management": 4491,
        "Total Operating Expenses": 6353,
        "Total revenue financing activities": 61,
        "Net profit from business activities": 1082,
        "Profit": -19,
        "Profit before tax": 1063,
        "Present corporate income tax expenses": 322,
        "Deferred income taxes expenses": "N/A",
        "The interests of minority shareholders": "N/A",
        "Total Cost of profits": 322,
        "Profit after tax corporate income": 741,
        "Volume": 7283370,
        "Close of Quarter": 5.4,
        "EPS": -16,
        "Non-adjusted EPS": -16,
        "PE": -337.5,
        "Book Price": 14.1
      }
    },
    {
      "quarter": "Q2 2012",
      "income status": {
        "Net sales": 43825,
        "Cost of goods sold": 36025,
        "Gross Profit": 7799,
        "Financial expenses": 2833,
        "Of which: Interest expense": 2165,
        "Cost of sales": 138,
        "Enterprise cost management": 5111,
        "Total Operating Expenses": 8082,
        "Total revenue financing activities": 599,
        "Net profit from business activities": 316,
        "Profit": -49,
        "Profit before tax": 267,
        "Present corporate income tax expenses": "N/A",
        "Deferred income taxes expenses": 4,
        "The interests of minority shareholders": "N/A",
        "Total Cost of profits": 4,
        "Profit after tax corporate income": 264,
        "Volume": 7283370,
        "Close of Quarter": 5.9,
        "EPS": -107,
        "Non-adjusted EPS": -107,
        "PE": -55.1,
        "Book Price": 14
      }
    },
    {
      "quarter": "Q1 2012",
      "income status": {
        "Net sales": 16375,
        "Cost of goods sold": 12454,
        "Gross Profit": 3921,
        "Financial expenses": 2968,
        "Of which: Interest expense": 2892,
        "Cost of sales": 234,
        "Enterprise cost management": 3238,
        "Total Operating Expenses": 6440,
        "Total revenue financing activities": 626,
        "Net profit from business activities": -1892,
        "Profit": -382,
        "Profit before tax": -2275,
        "Present corporate income tax expenses": "N/A",
        "Deferred income taxes expenses": "N/A",
        "The interests of minority shareholders": "N/A",
        "Total Cost of profits": 0,
        "Profit after tax corporate income": -2275,
        "Volume": 7283370,
        "Close of Quarter": 7.1,
        "EPS": -5,
        "Non-adjusted EPS": -5,
        "PE": -1420,
        "Book Price": 14
      }
    },
    {
      "quarter": "Q4 2011",
      "income status": {
        "Net sales": 173560,
        "Cost of goods sold": 156116,
        "Gross Profit": 17444,
        "Financial expenses": 9799,
        "Of which: Interest expense": 3561,
        "Cost of sales": 489,
        "Enterprise cost management": 6447,
        "Total Operating Expenses": 16735,
        "Total revenue financing activities": 1038,
        "Net profit from business activities": 1747,
        "Profit": "N/A",
        "Profit before tax": 1747,
        "Present corporate income tax expenses": 391,
        "Deferred income taxes expenses": 199,
        "The interests of minority shareholders": "N/A",
        "Total Cost of profits": 590,
        "Profit after tax corporate income": 1157,
        "Volume": 7444770,
        "Close of Quarter": 7.7,
        "EPS": 790.1,
        "Non-adjusted EPS": 773,
        "PE": 10.0,
        "Book Price": 15.0
      }
    },
    {
      "quarter": "Q3 2011",
      "income status": {
        "Net sales": 40491,
        "Cost of goods sold": 27805,
        "Gross Profit": 12685,
        "Financial expenses": 6381,
        "Of which: Interest expense": 2769,
        "Cost of sales": 55,
        "Enterprise cost management": 6712,
        "Total Operating Expenses": 13148,
        "Total revenue financing activities": 710,
        "Net profit from business activities": 247,
        "Profit": -6,
        "Profit before tax": 241,
        "Present corporate income tax expenses": 240,
        "Deferred income taxes expenses": -75,
        "The interests of minority shareholders": "N/A",
        "Total Cost of profits": 165,
        "Profit after tax corporate income": 76,
        "Volume": 8000000,
        "Close of Quarter": 6.4,
        "EPS": 15.4,
        "Non-adjusted EPS": 14,
        "PE": 454.3,
        "Book Price": 15.4
      }
    },
    {
      "quarter": "Q2 2011",
      "income status": {
        "Net sales": 42031,
        "Cost of goods sold": 32291,
        "Gross Profit": 9740,
        "Financial expenses": 4843,
        "Of which: Interest expense": 2667,
        "Cost of sales": 82,
        "Enterprise cost management": 4273,
        "Total Operating Expenses": 9198,
        "Total revenue financing activities": 421,
        "Net profit from business activities": 963,
        "Profit": 117,
        "Profit before tax": 1080,
        "Present corporate income tax expenses": 278,
        "Deferred income taxes expenses": -200,
        "The interests of minority shareholders": "N/A",
        "Total Cost of profits": 78,
        "Profit after tax corporate income": 1002,
        "Volume": 8000000,
        "Close of Quarter": 7.3,
        "EPS": 20.9,
        "Non-adjusted EPS": 19,
        "PE": 385.3,
        "Book Price": 15.5
      }
    },
    {
      "quarter": "Q1 2011",
      "income status": {
        "Net sales": 41409,
        "Cost of goods sold": 28238,
        "Gross Profit": 13171,
        "Financial expenses": 2595,
        "Of which: Interest expense": 1826,
        "Cost of sales": 125,
        "Enterprise cost management": 6118,
        "Total Operating Expenses": 8838,
        "Total revenue financing activities": 68,
        "Net profit from business activities": 4401,
        "Profit": 455,
        "Profit before tax": 4856,
        "Present corporate income tax expenses": 1349,
        "Deferred income taxes expenses": -13,
        "The interests of minority shareholders": "N/A",
        "Total Cost of profits": 1336,
        "Profit after tax corporate income": 3520,
        "Volume": 8000000,
        "Close of Quarter": 16.4,
        "EPS": 337.2,
        "Non-adjusted EPS": 307,
        "PE": 53.4,
        "Book Price": 15.3
      }
    }
  ]
}