{
  "ticker": "PDB",
  "data": [
    {
      "quarter": "Q4 2016",
      "income status": {
        "Net sales": 101693,
        "Cost of goods sold": 90375,
        "Gross Profit": 11318,
        "Financial expenses": 1326,
        "Of which: Interest expense": 1326,
        "Cost of sales": "N/A",
        "Enterprise cost management": 3683,
        "Total Operating Expenses": 5009,
        "Total revenue financing activities": 133,
        "Net profit from business activities": 6441,
        "Profit": -188,
        "Profit before tax": 6253,
        "Present corporate income tax expenses": 1164,
        "Deferred income taxes expenses": "N/A",
        "The interests of minority shareholders": -3,
        "Total Cost of profits": 1161,
        "Profit after tax corporate income": 5092,
        "Volume": 8100000,
        "Close of Quarter": 20,
        "EPS": 3481,
        "Non-adjusted EPS": 3481,
        "PE": 5.8,
        "Book Price": 15
      }
    },
    {
      "quarter": "Q3 2016",
      "income status": {
        "Net sales": 110387,
        "Cost of goods sold": 96488,
        "Gross Profit": 13899,
        "Financial expenses": 1082,
        "Of which: Interest expense": 1082,
        "Cost of sales": "N/A",
        "Enterprise cost management": 2528,
        "Total Operating Expenses": 3610,
        "Total revenue financing activities": 94,
        "Net profit from business activities": 10383,
        "Profit": -13,
        "Profit before tax": 10370,
        "Present corporate income tax expenses": 1993,
        "Deferred income taxes expenses": "N/A",
        "The interests of minority shareholders": 317,
        "Total Cost of profits": 2310,
        "Profit after tax corporate income": 8060,
        "Volume": 8100000,
        "Close of Quarter": 22.8,
        "EPS": 3457,
        "Non-adjusted EPS": 3457,
        "PE": 6.6,
        "Book Price": 14.4
      }
    },
    {
      "quarter": "Q2 2016",
      "income status": {
        "Net sales": 101819,
        "Cost of goods sold": 87720,
        "Gross Profit": 14099,
        "Financial expenses": 772,
        "Of which: Interest expense": 772,
        "Cost of sales": "N/A",
        "Enterprise cost management": 2561,
        "Total Operating Expenses": 3333,
        "Total revenue financing activities": 242,
        "Net profit from business activities": 11008,
        "Profit": -39,
        "Profit before tax": 10969,
        "Present corporate income tax expenses": 1989,
        "Deferred income taxes expenses": "N/A",
        "The interests of minority shareholders": 370,
        "Total Cost of profits": 2359,
        "Profit after tax corporate income": 8610,
        "Volume": 8100000,
        "Close of Quarter": 24.6,
        "EPS": 3233,
        "Non-adjusted EPS": 3233,
        "PE": 7.6,
        "Book Price": 15.3
      }
    },
    {
      "quarter": "Q1 2016",
      "income status": {
        "Net sales": 67357,
        "Cost of goods sold": 56900,
        "Gross Profit": 10457,
        "Financial expenses": 693,
        "Of which: Interest expense": 693,
        "Cost of sales": "N/A",
        "Enterprise cost management": 1349,
        "Total Operating Expenses": 2042,
        "Total revenue financing activities": 108,
        "Net profit from business activities": 8524,
        "Profit": -99,
        "Profit before tax": 8426,
        "Present corporate income tax expenses": 1659,
        "Deferred income taxes expenses": "N/A",
        "The interests of minority shareholders": 331,
        "Total Cost of profits": 1990,
        "Profit after tax corporate income": 6435,
        "Volume": 8100000,
        "Close of Quarter": 21.2,
        "EPS": 3550,
        "Non-adjusted EPS": 3550,
        "PE": 6.0,
        "Book Price": 14.6
      }
    },
    {
      "quarter": "Q4 2015",
      "income status": {
        "Net sales": 83212,
        "Cost of goods sold": 73290,
        "Gross Profit": 9922,
        "Financial expenses": 644,
        "Of which: Interest expense": 644,
        "Cost of sales": "N/A",
        "Enterprise cost management": 2765,
        "Total Operating Expenses": 3409,
        "Total revenue financing activities": 100,
        "Net profit from business activities": 6613,
        "Profit": "N/A",
        "Profit before tax": 6612,
        "Present corporate income tax expenses": 1231,
        "Deferred income taxes expenses": "N/A",
        "The interests of minority shareholders": 487,
        "Total Cost of profits": 1718,
        "Profit after tax corporate income": 4894,
        "Volume": 8100000,
        "Close of Quarter": 18.6,
        "EPS": 2918,
        "Non-adjusted EPS": 2918,
        "PE": 6.4,
        "Book Price": 13.8
      }
    },
    {
      "quarter": "Q3 2015",
      "income status": {
        "Net sales": 89151,
        "Cost of goods sold": 77760,
        "Gross Profit": 11391,
        "Financial expenses": 530,
        "Of which: Interest expense": 530,
        "Cost of sales": "N/A",
        "Enterprise cost management": 2776,
        "Total Operating Expenses": 3306,
        "Total revenue financing activities": 19,
        "Net profit from business activities": 8104,
        "Profit": 13,
        "Profit before tax": 8116,
        "Present corporate income tax expenses": 1467,
        "Deferred income taxes expenses": "N/A",
        "The interests of minority shareholders": 398,
        "Total Cost of profits": 1865,
        "Profit after tax corporate income": 6251,
        "Volume": 8100000,
        "Close of Quarter": 16.8,
        "EPS": 2314,
        "Non-adjusted EPS": 2314,
        "PE": 7.2,
        "Book Price": 14.2
      }
    },
    {
      "quarter": "Q2 2015",
      "income status": {
        "Net sales": 102193,
        "Cost of goods sold": 84969,
        "Gross Profit": 17223,
        "Financial expenses": 428,
        "Of which: Interest expense": 428,
        "Cost of sales": "N/A",
        "Enterprise cost management": 3364,
        "Total Operating Expenses": 3792,
        "Total revenue financing activities": 55,
        "Net profit from business activities": 13486,
        "Profit": 537,
        "Profit before tax": 14023,
        "Present corporate income tax expenses": 2230,
        "Deferred income taxes expenses": "N/A",
        "The interests of minority shareholders": 621,
        "Total Cost of profits": 2851,
        "Profit after tax corporate income": 11172,
        "Volume": 8100000,
        "Close of Quarter": "N/A",
        "EPS": 1542,
        "Non-adjusted EPS": 1542,
        "PE": "N/A",
        "Book Price": 13.4
      }
    },
    {
      "quarter": "Q2 2014",
      "income status": {
        "Net sales": 54211,
        "Cost of goods sold": 50665,
        "Gross Profit": 3546,
        "Financial expenses": 463,
        "Of which: Interest expense": 463,
        "Cost of sales": "N/A",
        "Enterprise cost management": 1366,
        "Total Operating Expenses": 1829,
        "Total revenue financing activities": 46,
        "Net profit from business activities": 1762,
        "Profit": -49,
        "Profit before tax": 1713,
        "Present corporate income tax expenses": 393,
        "Deferred income taxes expenses": "N/A",
        "The interests of minority shareholders": "N/A",
        "Total Cost of profits": 393,
        "Profit after tax corporate income": 1320,
        "Volume": 8100000,
        "Close of Quarter": "N/A",
        "EPS": 163,
        "Non-adjusted EPS": 163,
        "PE": "N/A",
        "Book Price": "N/A"
      }
    }
  ]
}