{
  "ticker": "VNC",
  "data": [
    {
      "quarter": "Q4 2016",
      "income status": {
        "Net sales": 138971,
        "Cost of goods sold": 114055,
        "Gross Profit": 24916,
        "Financial expenses": 511,
        "Of which: Interest expense": 333,
        "Cost of sales": 6597,
        "Enterprise cost management": 7647,
        "Total Operating Expenses": 14755,
        "Total revenue financing activities": 1413,
        "Net profit from business activities": 11821,
        "Profit": -201,
        "Profit before tax": 11620,
        "Present corporate income tax expenses": 2203,
        "Deferred income taxes expenses": "N/A",
        "The interests of minority shareholders": 550,
        "Total Cost of profits": 2753,
        "Profit after tax corporate income": 8867,
        "Volume": 10499955,
        "Close of Quarter": 34.2,
        "EPS": 3044,
        "Non-adjusted EPS": 3044,
        "PE": 11.3,
        "Book Price": 17.4
      }
    },
    {
      "quarter": "Q3 2016",
      "income status": {
        "Net sales": 130578,
        "Cost of goods sold": 101233,
        "Gross Profit": 29345,
        "Financial expenses": 418,
        "Of which: Interest expense": 326,
        "Cost of sales": 4932,
        "Enterprise cost management": 13746,
        "Total Operating Expenses": 19096,
        "Total revenue financing activities": 167,
        "Net profit from business activities": 10476,
        "Profit": 317,
        "Profit before tax": 10793,
        "Present corporate income tax expenses": 1987,
        "Deferred income taxes expenses": "N/A",
        "The interests of minority shareholders": 990,
        "Total Cost of profits": 2977,
        "Profit after tax corporate income": 7816,
        "Volume": 10499955,
        "Close of Quarter": 38.8,
        "EPS": 2960,
        "Non-adjusted EPS": 2960,
        "PE": 13.1,
        "Book Price": 17.3
      }
    },
    {
      "quarter": "Q2 2016",
      "income status": {
        "Net sales": 125576,
        "Cost of goods sold": 100166,
        "Gross Profit": 25409,
        "Financial expenses": 360,
        "Of which: Interest expense": 326,
        "Cost of sales": 5894,
        "Enterprise cost management": 8894,
        "Total Operating Expenses": 15148,
        "Total revenue financing activities": 548,
        "Net profit from business activities": 10990,
        "Profit": 9,
        "Profit before tax": 10999,
        "Present corporate income tax expenses": 2122,
        "Deferred income taxes expenses": "N/A",
        "The interests of minority shareholders": 770,
        "Total Cost of profits": 2892,
        "Profit after tax corporate income": 8108,
        "Volume": 10499955,
        "Close of Quarter": 31.6,
        "EPS": 2862,
        "Non-adjusted EPS": 2862,
        "PE": 11.0,
        "Book Price": 16.5
      }
    },
    {
      "quarter": "Q1 2016",
      "income status": {
        "Net sales": 98102,
        "Cost of goods sold": 76160,
        "Gross Profit": 21943,
        "Financial expenses": 435,
        "Of which: Interest expense": 328,
        "Cost of sales": 4965,
        "Enterprise cost management": 9317,
        "Total Operating Expenses": 14717,
        "Total revenue financing activities": 658,
        "Net profit from business activities": 7909,
        "Profit": 343,
        "Profit before tax": 8252,
        "Present corporate income tax expenses": 1804,
        "Deferred income taxes expenses": "N/A",
        "The interests of minority shareholders": -723,
        "Total Cost of profits": 1081,
        "Profit after tax corporate income": 7171,
        "Volume": 10499955,
        "Close of Quarter": 32.2,
        "EPS": 2766,
        "Non-adjusted EPS": 2766,
        "PE": 11.6,
        "Book Price": 15.7
      }
    },
    {
      "quarter": "Q4 2015",
      "income status": {
        "Net sales": 135579,
        "Cost of goods sold": 109816,
        "Gross Profit": 25763,
        "Financial expenses": -790,
        "Of which: Interest expense": 132,
        "Cost of sales": 7379,
        "Enterprise cost management": 9146,
        "Total Operating Expenses": 15735,
        "Total revenue financing activities": 565,
        "Net profit from business activities": 10660,
        "Profit": 366,
        "Profit before tax": 11026,
        "Present corporate income tax expenses": 2090,
        "Deferred income taxes expenses": "N/A",
        "The interests of minority shareholders": 951,
        "Total Cost of profits": 3041,
        "Profit after tax corporate income": 7985,
        "Volume": 10499955,
        "Close of Quarter": 30.1,
        "EPS": 2639,
        "Non-adjusted EPS": 2639,
        "PE": 11.4,
        "Book Price": 16.7
      }
    },
    {
      "quarter": "Q3 2015",
      "income status": {
        "Net sales": 112493,
        "Cost of goods sold": 85263,
        "Gross Profit": 27231,
        "Financial expenses": 245,
        "Of which: Interest expense": 18,
        "Cost of sales": 7566,
        "Enterprise cost management": 11811,
        "Total Operating Expenses": 19622,
        "Total revenue financing activities": 179,
        "Net profit from business activities": 7916,
        "Profit": 1197,
        "Profit before tax": 9112,
        "Present corporate income tax expenses": 2161,
        "Deferred income taxes expenses": "N/A",
        "The interests of minority shareholders": 163,
        "Total Cost of profits": 2324,
        "Profit after tax corporate income": 6788,
        "Volume": 10499955,
        "Close of Quarter": 25.8,
        "EPS": 2478,
        "Non-adjusted EPS": 2478,
        "PE": 10.4,
        "Book Price": 15.9
      }
    },
    {
      "quarter": "Q2 2015",
      "income status": {
        "Net sales": 103357,
        "Cost of goods sold": 83676,
        "Gross Profit": 19681,
        "Financial expenses": 914,
        "Of which: Interest expense": 12,
        "Cost of sales": 3337,
        "Enterprise cost management": 7728,
        "Total Operating Expenses": 11979,
        "Total revenue financing activities": 1154,
        "Net profit from business activities": 8886,
        "Profit": -1,
        "Profit before tax": 8885,
        "Present corporate income tax expenses": 1877,
        "Deferred income taxes expenses": "N/A",
        "The interests of minority shareholders": -96,
        "Total Cost of profits": 1781,
        "Profit after tax corporate income": 7104,
        "Volume": 10499955,
        "Close of Quarter": 22.9,
        "EPS": 2619,
        "Non-adjusted EPS": 2619,
        "PE": 8.7,
        "Book Price": 15.9
      }
    },
    {
      "quarter": "Q1 2015",
      "income status": {
        "Net sales": 86195,
        "Cost of goods sold": 67053,
        "Gross Profit": 19142,
        "Financial expenses": 24,
        "Of which: Interest expense": 13,
        "Cost of sales": 4143,
        "Enterprise cost management": 7836,
        "Total Operating Expenses": 12003,
        "Total revenue financing activities": 315,
        "Net profit from business activities": 7457,
        "Profit": -111,
        "Profit before tax": 7346,
        "Present corporate income tax expenses": 1932,
        "Deferred income taxes expenses": "N/A",
        "The interests of minority shareholders": -419,
        "Total Cost of profits": 1513,
        "Profit after tax corporate income": 5833,
        "Volume": 10499955,
        "Close of Quarter": 17.6,
        "EPS": 2396,
        "Non-adjusted EPS": 2396,
        "PE": 7.3,
        "Book Price": 16.9
      }
    },
    {
      "quarter": "Q4 2014",
      "income status": {
        "Net sales": 113597,
        "Cost of goods sold": 92962,
        "Gross Profit": 20635,
        "Financial expenses": 489,
        "Of which: Interest expense": 11,
        "Cost of sales": 5801,
        "Enterprise cost management": 7105,
        "Total Operating Expenses": 13395,
        "Total revenue financing activities": 868,
        "Net profit from business activities": 8200,
        "Profit": 335,
        "Profit before tax": 8535,
        "Present corporate income tax expenses": 1724,
        "Deferred income taxes expenses": "N/A",
        "The interests of minority shareholders": 513,
        "Total Cost of profits": 2237,
        "Profit after tax corporate income": 6299,
        "Volume": 10499955,
        "Close of Quarter": 16.6,
        "EPS": 2352,
        "Non-adjusted EPS": 2352,
        "PE": 7.1,
        "Book Price": 16.4
      }
    },
    {
      "quarter": "Q3 2014",
      "income status": {
        "Net sales": 98468,
        "Cost of goods sold": 75794,
        "Gross Profit": 22673,
        "Financial expenses": -399,
        "Of which: Interest expense": 12,
        "Cost of sales": 4548,
        "Enterprise cost management": 9054,
        "Total Operating Expenses": 13203,
        "Total revenue financing activities": 1255,
        "Net profit from business activities": 10835,
        "Profit": -26,
        "Profit before tax": 10809,
        "Present corporate income tax expenses": 2270,
        "Deferred income taxes expenses": "N/A",
        "The interests of minority shareholders": 275,
        "Total Cost of profits": 2545,
        "Profit after tax corporate income": 8264,
        "Volume": 10499955,
        "Close of Quarter": 16.1,
        "EPS": 1825,
        "Non-adjusted EPS": 1825,
        "PE": 8.8,
        "Book Price": 16.3
      }
    },
    {
      "quarter": "Q2 2014",
      "income status": {
        "Net sales": 84155,
        "Cost of goods sold": 65894,
        "Gross Profit": 18261,
        "Financial expenses": 29,
        "Of which: Interest expense": 20,
        "Cost of sales": 3759,
        "Enterprise cost management": 9236,
        "Total Operating Expenses": 13024,
        "Total revenue financing activities": 737,
        "Net profit from business activities": 5940,
        "Profit": 13,
        "Profit before tax": 5953,
        "Present corporate income tax expenses": 1393,
        "Deferred income taxes expenses": "N/A",
        "The interests of minority shareholders": -201,
        "Total Cost of profits": 1192,
        "Profit after tax corporate income": 4761,
        "Volume": 10499955,
        "Close of Quarter": 11.7,
        "EPS": 1506,
        "Non-adjusted EPS": 1506,
        "PE": 7.7,
        "Book Price": 15.6
      }
    },
    {
      "quarter": "Q1 2014",
      "income status": {
        "Net sales": 67314,
        "Cost of goods sold": 51285,
        "Gross Profit": 16029,
        "Financial expenses": 10,
        "Of which: Interest expense": "N/A",
        "Cost of sales": 3236,
        "Enterprise cost management": 6215,
        "Total Operating Expenses": 9461,
        "Total revenue financing activities": 157,
        "Net profit from business activities": 6701,
        "Profit": 16,
        "Profit before tax": 6717,
        "Present corporate income tax expenses": 1579,
        "Deferred income taxes expenses": "N/A",
        "The interests of minority shareholders": -238,
        "Total Cost of profits": 1341,
        "Profit after tax corporate income": 5376,
        "Volume": 10499955,
        "Close of Quarter": 12.6,
        "EPS": 1605,
        "Non-adjusted EPS": 1605,
        "PE": 7.9,
        "Book Price": 15.1
      }
    },
    {
      "quarter": "Q4 2013",
      "income status": {
        "Net sales": 95546,
        "Cost of goods sold": 74650,
        "Gross Profit": 20896,
        "Financial expenses": -1046,
        "Of which: Interest expense": "N/A",
        "Cost of sales": 5177,
        "Enterprise cost management": 16255,
        "Total Operating Expenses": 20386,
        "Total revenue financing activities": 777,
        "Net profit from business activities": 1287,
        "Profit": 297,
        "Profit before tax": 1701,
        "Present corporate income tax expenses": 252,
        "Deferred income taxes expenses": "N/A",
        "The interests of minority shareholders": 688,
        "Total Cost of profits": 940,
        "Profit after tax corporate income": 761,
        "Volume": 10499955,
        "Close of Quarter": 10.2,
        "EPS": 1534,
        "Non-adjusted EPS": 1534,
        "PE": 6.7,
        "Book Price": 15.3
      }
    },
    {
      "quarter": "Q3 2013",
      "income status": {
        "Net sales": 70274,
        "Cost of goods sold": 55917,
        "Gross Profit": 14357,
        "Financial expenses": 7,
        "Of which: Interest expense": -1,
        "Cost of sales": 2428,
        "Enterprise cost management": 5720,
        "Total Operating Expenses": 8155,
        "Total revenue financing activities": 198,
        "Net profit from business activities": 6401,
        "Profit": 104,
        "Profit before tax": 6512,
        "Present corporate income tax expenses": 1872,
        "Deferred income taxes expenses": "N/A",
        "The interests of minority shareholders": -270,
        "Total Cost of profits": 1602,
        "Profit after tax corporate income": 4911,
        "Volume": 10499955,
        "Close of Quarter": 9.8,
        "EPS": 2073,
        "Non-adjusted EPS": 2073,
        "PE": 4.7,
        "Book Price": 15.3
      }
    },
    {
      "quarter": "Q2 2013",
      "income status": {
        "Net sales": 78665,
        "Cost of goods sold": 58847,
        "Gross Profit": 19817,
        "Financial expenses": 16,
        "Of which: Interest expense": 14,
        "Cost of sales": 4737,
        "Enterprise cost management": 8579,
        "Total Operating Expenses": 13332,
        "Total revenue financing activities": 810,
        "Net profit from business activities": 7295,
        "Profit": 179,
        "Profit before tax": 7546,
        "Present corporate income tax expenses": 1730,
        "Deferred income taxes expenses": "N/A",
        "The interests of minority shareholders": 8,
        "Total Cost of profits": 1738,
        "Profit after tax corporate income": 5808,
        "Volume": 10499955,
        "Close of Quarter": 9.7,
        "EPS": 2202,
        "Non-adjusted EPS": 2202,
        "PE": 4.4,
        "Book Price": 15.5
      }
    },
    {
      "quarter": "Q1 2013",
      "income status": {
        "Net sales": 55252,
        "Cost of goods sold": 41988,
        "Gross Profit": 13263,
        "Financial expenses": 4,
        "Of which: Interest expense": "N/A",
        "Cost of sales": 1922,
        "Enterprise cost management": 5242,
        "Total Operating Expenses": 7168,
        "Total revenue financing activities": 278,
        "Net profit from business activities": 6372,
        "Profit": -2,
        "Profit before tax": 6231,
        "Present corporate income tax expenses": 1726,
        "Deferred income taxes expenses": "N/A",
        "The interests of minority shareholders": -122,
        "Total Cost of profits": 1604,
        "Profit after tax corporate income": 4626,
        "Volume": 7875000,
        "Close of Quarter": 8.1,
        "EPS": 2217.0,
        "Non-adjusted EPS": 2956,
        "PE": 2.8,
        "Book Price": 14.9
      }
    },
    {
      "quarter": "Q4 2012",
      "income status": {
        "Net sales": 81195,
        "Cost of goods sold": 63812,
        "Gross Profit": 17382,
        "Financial expenses": -223,
        "Of which: Interest expense": 10,
        "Cost of sales": 2976,
        "Enterprise cost management": 8993,
        "Total Operating Expenses": 11746,
        "Total revenue financing activities": 865,
        "Net profit from business activities": 6502,
        "Profit": 790,
        "Profit before tax": 7617,
        "Present corporate income tax expenses": 1083,
        "Deferred income taxes expenses": "N/A",
        "The interests of minority shareholders": 109,
        "Total Cost of profits": 1192,
        "Profit after tax corporate income": 6425,
        "Volume": 7875000,
        "Close of Quarter": 7.6,
        "EPS": 2335.5,
        "Non-adjusted EPS": 3114,
        "PE": 2.4,
        "Book Price": 15.4
      }
    },
    {
      "quarter": "Q3 2012",
      "income status": {
        "Net sales": 64351,
        "Cost of goods sold": 49493,
        "Gross Profit": 14858,
        "Financial expenses": 149,
        "Of which: Interest expense": 5,
        "Cost of sales": 2595,
        "Enterprise cost management": 5537,
        "Total Operating Expenses": 8281,
        "Total revenue financing activities": 361,
        "Net profit from business activities": 6937,
        "Profit": 99,
        "Profit before tax": 7269,
        "Present corporate income tax expenses": 964,
        "Deferred income taxes expenses": "N/A",
        "The interests of minority shareholders": 42,
        "Total Cost of profits": 1006,
        "Profit after tax corporate income": 6263,
        "Volume": 7875000,
        "Close of Quarter": 7.0,
        "EPS": 2126.3,
        "Non-adjusted EPS": 2835,
        "PE": 2.5,
        "Book Price": 14.7
      }
    },
    {
      "quarter": "Q2 2012",
      "income status": {
        "Net sales": 64457,
        "Cost of goods sold": 50753,
        "Gross Profit": 13703,
        "Financial expenses": 283,
        "Of which: Interest expense": 3,
        "Cost of sales": 2630,
        "Enterprise cost management": 5892,
        "Total Operating Expenses": 8805,
        "Total revenue financing activities": 1474,
        "Net profit from business activities": 6373,
        "Profit": 9,
        "Profit before tax": 6543,
        "Present corporate income tax expenses": 779,
        "Deferred income taxes expenses": -173,
        "The interests of minority shareholders": -24,
        "Total Cost of profits": 582,
        "Profit after tax corporate income": 5961,
        "Volume": 7875000,
        "Close of Quarter": 7.0,
        "EPS": 2100.0,
        "Non-adjusted EPS": 2800,
        "PE": 2.5,
        "Book Price": 14.8
      }
    },
    {
      "quarter": "Q1 2012",
      "income status": {
        "Net sales": 52434,
        "Cost of goods sold": 40714,
        "Gross Profit": 11720,
        "Financial expenses": 389,
        "Of which: Interest expense": "N/A",
        "Cost of sales": 2097,
        "Enterprise cost management": 3506,
        "Total Operating Expenses": 5992,
        "Total revenue financing activities": 1014,
        "Net profit from business activities": 6743,
        "Profit": 45,
        "Profit before tax": 6788,
        "Present corporate income tax expenses": 915,
        "Deferred income taxes expenses": "N/A",
        "The interests of minority shareholders": "N/A",
        "Total Cost of profits": 915,
        "Profit after tax corporate income": 5873,
        "Volume": 7875000,
        "Close of Quarter": 7.3,
        "EPS": 2136.0,
        "Non-adjusted EPS": 2848,
        "PE": 2.6,
        "Book Price": 14.3
      }
    },
    {
      "quarter": "Q4 2011",
      "income status": {
        "Net sales": 65696,
        "Cost of goods sold": 47031,
        "Gross Profit": 18666,
        "Financial expenses": 1335,
        "Of which: Interest expense": "N/A",
        "Cost of sales": 2961,
        "Enterprise cost management": 11027,
        "Total Operating Expenses": 15323,
        "Total revenue financing activities": 1553,
        "Net profit from business activities": 4897,
        "Profit": 50,
        "Profit before tax": 4947,
        "Present corporate income tax expenses": 720,
        "Deferred income taxes expenses": "N/A",
        "The interests of minority shareholders": "N/A",
        "Total Cost of profits": 720,
        "Profit after tax corporate income": 4227,
        "Volume": 7875000,
        "Close of Quarter": 5.8,
        "EPS": 2102.3,
        "Non-adjusted EPS": 2803,
        "PE": 2.1,
        "Book Price": 14.7
      }
    },
    {
      "quarter": "Q3 2011",
      "income status": {
        "Net sales": 63001,
        "Cost of goods sold": 43557,
        "Gross Profit": 19444,
        "Financial expenses": 764,
        "Of which: Interest expense": "N/A",
        "Cost of sales": 2266,
        "Enterprise cost management": 10253,
        "Total Operating Expenses": 13283,
        "Total revenue financing activities": 574,
        "Net profit from business activities": 6736,
        "Profit": 16,
        "Profit before tax": 6752,
        "Present corporate income tax expenses": 760,
        "Deferred income taxes expenses": "N/A",
        "The interests of minority shareholders": "N/A",
        "Total Cost of profits": 760,
        "Profit after tax corporate income": 5992,
        "Volume": 7875000,
        "Close of Quarter": 6.6,
        "EPS": 2464.5,
        "Non-adjusted EPS": 3286,
        "PE": 2,
        "Book Price": 14.3
      }
    },
    {
      "quarter": "Q2 2011",
      "income status": {
        "Net sales": 57533,
        "Cost of goods sold": 41105,
        "Gross Profit": 16428,
        "Financial expenses": 311,
        "Of which: Interest expense": "N/A",
        "Cost of sales": 2400,
        "Enterprise cost management": 7149,
        "Total Operating Expenses": 9860,
        "Total revenue financing activities": 640,
        "Net profit from business activities": 7208,
        "Profit": 10,
        "Profit before tax": 7218,
        "Present corporate income tax expenses": 878,
        "Deferred income taxes expenses": "N/A",
        "The interests of minority shareholders": "N/A",
        "Total Cost of profits": 878,
        "Profit after tax corporate income": 6339,
        "Volume": 7875000,
        "Close of Quarter": 6,
        "EPS": 3172.5,
        "Non-adjusted EPS": 4230,
        "PE": 1.4,
        "Book Price": 14.2
      }
    },
    {
      "quarter": "Q1 2011",
      "income status": {
        "Net sales": 47089,
        "Cost of goods sold": 33094,
        "Gross Profit": 13995,
        "Financial expenses": 399,
        "Of which: Interest expense": "N/A",
        "Cost of sales": 2040,
        "Enterprise cost management": 6833,
        "Total Operating Expenses": 9272,
        "Total revenue financing activities": 1494,
        "Net profit from business activities": 6217,
        "Profit": 76,
        "Profit before tax": 6293,
        "Present corporate income tax expenses": 777,
        "Deferred income taxes expenses": "N/A",
        "The interests of minority shareholders": "N/A",
        "Total Cost of profits": 777,
        "Profit after tax corporate income": 5516,
        "Volume": 7875000,
        "Close of Quarter": 7.5,
        "EPS": 3186.8,
        "Non-adjusted EPS": 4249,
        "PE": 1.8,
        "Book Price": 13.6
      }
    }
  ]
}