{
  "ticker": "KAC",
  "data": [
    {
      "quarter": "Q4 2016",
      "income status": {
        "Net sales": 160155,
        "Cost of goods sold": 134550,
        "Gross Profit": 25605,
        "Financial expenses": 1561,
        "Of which: Interest expense": 56,
        "Cost of sales": "N/A",
        "Enterprise cost management": 3222,
        "Total Operating Expenses": 4783,
        "Total revenue financing activities": 322,
        "Net profit from business activities": 21144,
        "Profit": -12211,
        "Profit before tax": 8933,
        "Present corporate income tax expenses": 1340,
        "Deferred income taxes expenses": "N/A",
        "The interests of minority shareholders": "N/A",
        "Total Cost of profits": 1340,
        "Profit after tax corporate income": 7593,
        "Volume": 23999999,
        "Close of Quarter": 4.3,
        "EPS": 148,
        "Non-adjusted EPS": 148,
        "PE": 28.9,
        "Book Price": 11.1
      }
    },
    {
      "quarter": "Q3 2016",
      "income status": {
        "Net sales": 1135,
        "Cost of goods sold": 1045,
        "Gross Profit": 90,
        "Financial expenses": 92,
        "Of which: Interest expense": 92,
        "Cost of sales": "N/A",
        "Enterprise cost management": 1163,
        "Total Operating Expenses": 1255,
        "Total revenue financing activities": 515,
        "Net profit from business activities": -650,
        "Profit": -84,
        "Profit before tax": -734,
        "Present corporate income tax expenses": "N/A",
        "Deferred income taxes expenses": "N/A",
        "The interests of minority shareholders": "N/A",
        "Total Cost of profits": 0,
        "Profit after tax corporate income": -734,
        "Volume": 23999999,
        "Close of Quarter": 5.0,
        "EPS": 683,
        "Non-adjusted EPS": 683,
        "PE": 7.3,
        "Book Price": 10.8
      }
    },
    {
      "quarter": "Q2 2016",
      "income status": {
        "Net sales": 4904,
        "Cost of goods sold": 4634,
        "Gross Profit": 270,
        "Financial expenses": 279,
        "Of which: Interest expense": 142,
        "Cost of sales": "N/A",
        "Enterprise cost management": 1901,
        "Total Operating Expenses": 2180,
        "Total revenue financing activities": 1,
        "Net profit from business activities": -1909,
        "Profit": 1,
        "Profit before tax": -1907,
        "Present corporate income tax expenses": "N/A",
        "Deferred income taxes expenses": "N/A",
        "The interests of minority shareholders": "N/A",
        "Total Cost of profits": 0,
        "Profit after tax corporate income": -1907,
        "Volume": 23999999,
        "Close of Quarter": 7.3,
        "EPS": 637,
        "Non-adjusted EPS": 637,
        "PE": 11.5,
        "Book Price": 10.8
      }
    },
    {
      "quarter": "Q1 2016",
      "income status": {
        "Net sales": 1961,
        "Cost of goods sold": 1826,
        "Gross Profit": 135,
        "Financial expenses": "N/A",
        "Of which: Interest expense": "N/A",
        "Cost of sales": "N/A",
        "Enterprise cost management": 1680,
        "Total Operating Expenses": 1680,
        "Total revenue financing activities": 8,
        "Net profit from business activities": -1537,
        "Profit": 147,
        "Profit before tax": -1390,
        "Present corporate income tax expenses": "N/A",
        "Deferred income taxes expenses": "N/A",
        "The interests of minority shareholders": "N/A",
        "Total Cost of profits": 0,
        "Profit after tax corporate income": -1390,
        "Volume": 23999999,
        "Close of Quarter": 8.7,
        "EPS": 807,
        "Non-adjusted EPS": 807,
        "PE": 10.8,
        "Book Price": 10.9
      }
    },
    {
      "quarter": "Q4 2015",
      "income status": {
        "Net sales": 161556,
        "Cost of goods sold": 83885,
        "Gross Profit": 77671,
        "Financial expenses": 373,
        "Of which: Interest expense": 373,
        "Cost of sales": "N/A",
        "Enterprise cost management": 1401,
        "Total Operating Expenses": 1774,
        "Total revenue financing activities": 561,
        "Net profit from business activities": 76458,
        "Profit": -51893,
        "Profit before tax": 24564,
        "Present corporate income tax expenses": 3210,
        "Deferred income taxes expenses": 922,
        "The interests of minority shareholders": "N/A",
        "Total Cost of profits": 4132,
        "Profit after tax corporate income": 20432,
        "Volume": 23999999,
        "Close of Quarter": 6.7,
        "EPS": 826,
        "Non-adjusted EPS": 826,
        "PE": 8.1,
        "Book Price": 11
      }
    },
    {
      "quarter": "Q3 2015",
      "income status": {
        "Net sales": "N/A",
        "Cost of goods sold": "N/A",
        "Gross Profit": "N/A",
        "Financial expenses": 490,
        "Of which: Interest expense": 490,
        "Cost of sales": "N/A",
        "Enterprise cost management": 1365,
        "Total Operating Expenses": 1855,
        "Total revenue financing activities": 4,
        "Net profit from business activities": -1851,
        "Profit": 15,
        "Profit before tax": -1836,
        "Present corporate income tax expenses": "N/A",
        "Deferred income taxes expenses": "N/A",
        "The interests of minority shareholders": "N/A",
        "Total Cost of profits": 0,
        "Profit after tax corporate income": -1836,
        "Volume": 23999999,
        "Close of Quarter": 8.5,
        "EPS": 6,
        "Non-adjusted EPS": 6,
        "PE": 1416.7,
        "Book Price": 10.2
      }
    },
    {
      "quarter": "Q2 2015",
      "income status": {
        "Net sales": 3993,
        "Cost of goods sold": 170,
        "Gross Profit": 3823,
        "Financial expenses": 499,
        "Of which: Interest expense": 499,
        "Cost of sales": "N/A",
        "Enterprise cost management": 1667,
        "Total Operating Expenses": 2166,
        "Total revenue financing activities": 322,
        "Net profit from business activities": 1979,
        "Profit": 725,
        "Profit before tax": 2704,
        "Present corporate income tax expenses": "N/A",
        "Deferred income taxes expenses": 547,
        "The interests of minority shareholders": "N/A",
        "Total Cost of profits": 547,
        "Profit after tax corporate income": 2157,
        "Volume": 23999999,
        "Close of Quarter": 9.3,
        "EPS": 55,
        "Non-adjusted EPS": 55,
        "PE": 169.1,
        "Book Price": 10.2
      }
    },
    {
      "quarter": "Q1 2015",
      "income status": {
        "Net sales": 1787,
        "Cost of goods sold": 1742,
        "Gross Profit": 45,
        "Financial expenses": 340,
        "Of which: Interest expense": 340,
        "Cost of sales": "N/A",
        "Enterprise cost management": 2143,
        "Total Operating Expenses": 2483,
        "Total revenue financing activities": 756,
        "Net profit from business activities": -1682,
        "Profit": 747,
        "Profit before tax": -935,
        "Present corporate income tax expenses": "N/A",
        "Deferred income taxes expenses": "N/A",
        "The interests of minority shareholders": "N/A",
        "Total Cost of profits": 0,
        "Profit after tax corporate income": -935,
        "Volume": 23999999,
        "Close of Quarter": 10.8,
        "EPS": 97,
        "Non-adjusted EPS": 97,
        "PE": 111.3,
        "Book Price": 10.1
      }
    },
    {
      "quarter": "Q4 2014",
      "income status": {
        "Net sales": 645,
        "Cost of goods sold": 600,
        "Gross Profit": 45,
        "Financial expenses": "N/A",
        "Of which: Interest expense": "N/A",
        "Cost of sales": "N/A",
        "Enterprise cost management": 3570,
        "Total Operating Expenses": 3570,
        "Total revenue financing activities": 240,
        "Net profit from business activities": -3285,
        "Profit": 4131,
        "Profit before tax": 846,
        "Present corporate income tax expenses": "N/A",
        "Deferred income taxes expenses": 85,
        "The interests of minority shareholders": "N/A",
        "Total Cost of profits": 85,
        "Profit after tax corporate income": 761,
        "Volume": 20000000,
        "Close of Quarter": 14.2,
        "EPS": 60,
        "Non-adjusted EPS": 72,
        "PE": 197.2,
        "Book Price": 10.3
      }
    },
    {
      "quarter": "Q3 2014",
      "income status": {
        "Net sales": 3427,
        "Cost of goods sold": 2653,
        "Gross Profit": 774,
        "Financial expenses": 8,
        "Of which: Interest expense": 8,
        "Cost of sales": "N/A",
        "Enterprise cost management": 1183,
        "Total Operating Expenses": 1191,
        "Total revenue financing activities": 5,
        "Net profit from business activities": -411,
        "Profit": -260,
        "Profit before tax": -671,
        "Present corporate income tax expenses": "N/A",
        "Deferred income taxes expenses": "N/A",
        "The interests of minority shareholders": "N/A",
        "Total Cost of profits": 0,
        "Profit after tax corporate income": -671,
        "Volume": 20000000,
        "Close of Quarter": 11.7,
        "EPS": 65.8,
        "Non-adjusted EPS": 79,
        "PE": 147.7,
        "Book Price": 10.3
      }
    },
    {
      "quarter": "Q2 2014",
      "income status": {
        "Net sales": 8447,
        "Cost of goods sold": 2329,
        "Gross Profit": 6119,
        "Financial expenses": 741,
        "Of which: Interest expense": 741,
        "Cost of sales": "N/A",
        "Enterprise cost management": 1302,
        "Total Operating Expenses": 2043,
        "Total revenue financing activities": 5,
        "Net profit from business activities": 4080,
        "Profit": "N/A",
        "Profit before tax": 4080,
        "Present corporate income tax expenses": 519,
        "Deferred income taxes expenses": 378,
        "The interests of minority shareholders": "N/A",
        "Total Cost of profits": 897,
        "Profit after tax corporate income": 3182,
        "Volume": 20000000,
        "Close of Quarter": 9.4,
        "EPS": 105,
        "Non-adjusted EPS": 126,
        "PE": 74.8,
        "Book Price": 10.3
      }
    },
    {
      "quarter": "Q1 2014",
      "income status": {
        "Net sales": 638,
        "Cost of goods sold": 578,
        "Gross Profit": 60,
        "Financial expenses": 889,
        "Of which: Interest expense": 889,
        "Cost of sales": "N/A",
        "Enterprise cost management": 1487,
        "Total Operating Expenses": 2376,
        "Total revenue financing activities": 5,
        "Net profit from business activities": -2311,
        "Profit": -50,
        "Profit before tax": -2361,
        "Present corporate income tax expenses": -519,
        "Deferred income taxes expenses": "N/A",
        "The interests of minority shareholders": "N/A",
        "Total Cost of profits": -519,
        "Profit after tax corporate income": -1841,
        "Volume": 20000000,
        "Close of Quarter": 8.3,
        "EPS": -85,
        "Non-adjusted EPS": -102,
        "PE": -81.7,
        "Book Price": 10.3
      }
    },
    {
      "quarter": "Q4 2013",
      "income status": {
        "Net sales": 3433,
        "Cost of goods sold": 595,
        "Gross Profit": 2838,
        "Financial expenses": 1168,
        "Of which: Interest expense": 1168,
        "Cost of sales": 12,
        "Enterprise cost management": 1153,
        "Total Operating Expenses": 2333,
        "Total revenue financing activities": 1,
        "Net profit from business activities": 507,
        "Profit": 705,
        "Profit before tax": 1211,
        "Present corporate income tax expenses": 126,
        "Deferred income taxes expenses": 176,
        "The interests of minority shareholders": "N/A",
        "Total Cost of profits": 302,
        "Profit after tax corporate income": 908,
        "Volume": 20000000,
        "Close of Quarter": 8,
        "EPS": -1828.3,
        "Non-adjusted EPS": -2194,
        "PE": -3.7,
        "Book Price": 10.4
      }
    },
    {
      "quarter": "Q3 2013",
      "income status": {
        "Net sales": 6279,
        "Cost of goods sold": 3350,
        "Gross Profit": 2930,
        "Financial expenses": 1219,
        "Of which: Interest expense": 1219,
        "Cost of sales": 51,
        "Enterprise cost management": 1044,
        "Total Operating Expenses": 2314,
        "Total revenue financing activities": 2,
        "Net profit from business activities": 617,
        "Profit": 17,
        "Profit before tax": 634,
        "Present corporate income tax expenses": 185,
        "Deferred income taxes expenses": 181,
        "The interests of minority shareholders": "N/A",
        "Total Cost of profits": 366,
        "Profit after tax corporate income": 268,
        "Volume": 20000000,
        "Close of Quarter": 5.8,
        "EPS": -2870.8,
        "Non-adjusted EPS": -3445,
        "PE": -1.7,
        "Book Price": 10.3
      }
    },
    {
      "quarter": "Q1 2013",
      "income status": {
        "Net sales": 4198,
        "Cost of goods sold": 3117,
        "Gross Profit": 1081,
        "Financial expenses": 1441,
        "Of which: Interest expense": 1441,
        "Cost of sales": "N/A",
        "Enterprise cost management": 1478,
        "Total Operating Expenses": 2919,
        "Total revenue financing activities": 1,
        "Net profit from business activities": -1837,
        "Profit": "N/A",
        "Profit before tax": -1837,
        "Present corporate income tax expenses": -459,
        "Deferred income taxes expenses": "N/A",
        "The interests of minority shareholders": "N/A",
        "Total Cost of profits": -459,
        "Profit after tax corporate income": -1378,
        "Volume": 20000000,
        "Close of Quarter": 7.9,
        "EPS": 74.2,
        "Non-adjusted EPS": 89,
        "PE": 89.0,
        "Book Price": 10.1
      }
    },
    {
      "quarter": "Q4 2012",
      "income status": {
        "Net sales": 2400,
        "Cost of goods sold": 6033,
        "Gross Profit": -3633,
        "Financial expenses": 11260,
        "Of which: Interest expense": 23891,
        "Cost of sales": 2,
        "Enterprise cost management": 3444,
        "Total Operating Expenses": 14706,
        "Total revenue financing activities": 14,
        "Net profit from business activities": -18324,
        "Profit": -39916,
        "Profit before tax": -58241,
        "Present corporate income tax expenses": -14560,
        "Deferred income taxes expenses": "N/A",
        "The interests of minority shareholders": "N/A",
        "Total Cost of profits": -14560,
        "Profit after tax corporate income": -43681,
        "Volume": 20000000,
        "Close of Quarter": 8.2,
        "EPS": -88.3,
        "Non-adjusted EPS": -106,
        "PE": -77.1,
        "Book Price": 10.1
      }
    },
    {
      "quarter": "Q3 2012",
      "income status": {
        "Net sales": 6504,
        "Cost of goods sold": 5675,
        "Gross Profit": 829,
        "Financial expenses": 3160,
        "Of which: Interest expense": 3038,
        "Cost of sales": 95,
        "Enterprise cost management": 2644,
        "Total Operating Expenses": 5899,
        "Total revenue financing activities": 95,
        "Net profit from business activities": -4975,
        "Profit": -27141,
        "Profit before tax": -32115,
        "Present corporate income tax expenses": -7998,
        "Deferred income taxes expenses": "N/A",
        "The interests of minority shareholders": "N/A",
        "Total Cost of profits": -7998,
        "Profit after tax corporate income": -24117,
        "Volume": 20000000,
        "Close of Quarter": 10,
        "EPS": 1724.2,
        "Non-adjusted EPS": 2069,
        "PE": 4.8,
        "Book Price": 11.8
      }
    },
    {
      "quarter": "Q2 2012",
      "income status": {
        "Net sales": 269555,
        "Cost of goods sold": 173174,
        "Gross Profit": 96382,
        "Financial expenses": 11564,
        "Of which: Interest expense": 6723,
        "Cost of sales": 261,
        "Enterprise cost management": 2493,
        "Total Operating Expenses": 14318,
        "Total revenue financing activities": 332,
        "Net profit from business activities": 82395,
        "Profit": 17046,
        "Profit before tax": 99441,
        "Present corporate income tax expenses": 21141,
        "Deferred income taxes expenses": 2435,
        "The interests of minority shareholders": 4908,
        "Total Cost of profits": 28484,
        "Profit after tax corporate income": 70958,
        "Volume": 20000000,
        "Close of Quarter": 10.2,
        "EPS": 2739.2,
        "Non-adjusted EPS": 3287,
        "PE": 3.1,
        "Book Price": 13.3
      }
    },
    {
      "quarter": "Q1 2012",
      "income status": {
        "Net sales": 4862,
        "Cost of goods sold": 3693,
        "Gross Profit": 1169,
        "Financial expenses": 2500,
        "Of which: Interest expense": 2500,
        "Cost of sales": 490,
        "Enterprise cost management": 3530,
        "Total Operating Expenses": 6520,
        "Total revenue financing activities": 87,
        "Net profit from business activities": -5264,
        "Profit": -15,
        "Profit before tax": -5279,
        "Present corporate income tax expenses": "N/A",
        "Deferred income taxes expenses": "N/A",
        "The interests of minority shareholders": "N/A",
        "Total Cost of profits": 0,
        "Profit after tax corporate income": -5279,
        "Volume": 20000000,
        "Close of Quarter": 8.7,
        "EPS": -216.7,
        "Non-adjusted EPS": -260,
        "PE": -33.6,
        "Book Price": 10.3
      }
    },
    {
      "quarter": "Q4 2011",
      "income status": {
        "Net sales": 12010,
        "Cost of goods sold": 5555,
        "Gross Profit": 6456,
        "Financial expenses": 3338,
        "Of which: Interest expense": "N/A",
        "Cost of sales": 229,
        "Enterprise cost management": 2575,
        "Total Operating Expenses": 6142,
        "Total revenue financing activities": 512,
        "Net profit from business activities": 826,
        "Profit": -1032,
        "Profit before tax": 817,
        "Present corporate income tax expenses": -33,
        "Deferred income taxes expenses": "N/A",
        "The interests of minority shareholders": "N/A",
        "Total Cost of profits": -33,
        "Profit after tax corporate income": -173,
        "Volume": 20000000,
        "Close of Quarter": 11.2,
        "EPS": 24.2,
        "Non-adjusted EPS": 29,
        "PE": 386.9,
        "Book Price": 10.6
      }
    },
    {
      "quarter": "Q3 2011",
      "income status": {
        "Net sales": 6714,
        "Cost of goods sold": 680,
        "Gross Profit": 6034,
        "Financial expenses": 2847,
        "Of which: Interest expense": "N/A",
        "Cost of sales": 26,
        "Enterprise cost management": 3047,
        "Total Operating Expenses": 5920,
        "Total revenue financing activities": 667,
        "Net profit from business activities": 782,
        "Profit": -459,
        "Profit before tax": 323,
        "Present corporate income tax expenses": 81,
        "Deferred income taxes expenses": "N/A",
        "The interests of minority shareholders": "N/A",
        "Total Cost of profits": 81,
        "Profit after tax corporate income": 242,
        "Volume": 20000000,
        "Close of Quarter": 13.2,
        "EPS": -242.5,
        "Non-adjusted EPS": -291,
        "PE": -45.5,
        "Book Price": 10.6
      }
    },
    {
      "quarter": "Q2 2011",
      "income status": {
        "Net sales": 5369,
        "Cost of goods sold": 4490,
        "Gross Profit": 879,
        "Financial expenses": 5336,
        "Of which: Interest expense": 5208,
        "Cost of sales": 140,
        "Enterprise cost management": 3018,
        "Total Operating Expenses": 8494,
        "Total revenue financing activities": 7632,
        "Net profit from business activities": 17,
        "Profit": "N/A",
        "Profit before tax": 17,
        "Present corporate income tax expenses": -192,
        "Deferred income taxes expenses": 198,
        "The interests of minority shareholders": "N/A",
        "Total Cost of profits": 6,
        "Profit after tax corporate income": 10,
        "Volume": 20000000,
        "Close of Quarter": 16.6,
        "EPS": 222.5,
        "Non-adjusted EPS": 267,
        "PE": 62.2,
        "Book Price": 10.8
      }
    },
    {
      "quarter": "Q1 2011",
      "income status": {
        "Net sales": 15158,
        "Cost of goods sold": 9638,
        "Gross Profit": 5521,
        "Financial expenses": 1366,
        "Of which: Interest expense": 1366,
        "Cost of sales": 223,
        "Enterprise cost management": 3580,
        "Total Operating Expenses": 5169,
        "Total revenue financing activities": 382,
        "Net profit from business activities": 733,
        "Profit": -32,
        "Profit before tax": 701,
        "Present corporate income tax expenses": 192,
        "Deferred income taxes expenses": "N/A",
        "The interests of minority shareholders": "N/A",
        "Total Cost of profits": 192,
        "Profit after tax corporate income": 509,
        "Volume": 20000000,
        "Close of Quarter": 20.7,
        "EPS": 222.5,
        "Non-adjusted EPS": 267,
        "PE": 77.5,
        "Book Price": "N/A"
      }
    }
  ]
}