{
  "ticker": "VPH",
  "data": [
    {
      "quarter": "Q4 2016",
      "income status": {
        "Net sales": 250475,
        "Cost of goods sold": 221066,
        "Gross Profit": 29409,
        "Financial expenses": 6398,
        "Of which: Interest expense": 5526,
        "Cost of sales": 283,
        "Enterprise cost management": 12041,
        "Total Operating Expenses": 18722,
        "Total revenue financing activities": 5,
        "Net profit from business activities": 10691,
        "Profit": 61472,
        "Profit before tax": 72163,
        "Present corporate income tax expenses": 17806,
        "Deferred income taxes expenses": "N/A",
        "The interests of minority shareholders": "N/A",
        "Total Cost of profits": 17806,
        "Profit after tax corporate income": 54357,
        "Volume": 52983084,
        "Close of Quarter": 6.3,
        "EPS": 1385,
        "Non-adjusted EPS": 1385,
        "PE": 4.6,
        "Book Price": 12.2
      }
    },
    {
      "quarter": "Q3 2016",
      "income status": {
        "Net sales": 47437,
        "Cost of goods sold": 38643,
        "Gross Profit": 8795,
        "Financial expenses": 2027,
        "Of which: Interest expense": 1993,
        "Cost of sales": 235,
        "Enterprise cost management": 7288,
        "Total Operating Expenses": 9550,
        "Total revenue financing activities": 2,
        "Net profit from business activities": -753,
        "Profit": 1234,
        "Profit before tax": 481,
        "Present corporate income tax expenses": 158,
        "Deferred income taxes expenses": "N/A",
        "The interests of minority shareholders": "N/A",
        "Total Cost of profits": 158,
        "Profit after tax corporate income": 324,
        "Volume": 45312675,
        "Close of Quarter": 6.7,
        "EPS": 2257.8,
        "Non-adjusted EPS": 2640,
        "PE": 2.5,
        "Book Price": 11.6
      }
    },
    {
      "quarter": "Q2 2016",
      "income status": {
        "Net sales": 92399,
        "Cost of goods sold": 82881,
        "Gross Profit": 9518,
        "Financial expenses": 1782,
        "Of which: Interest expense": 1782,
        "Cost of sales": 273,
        "Enterprise cost management": 7265,
        "Total Operating Expenses": 9320,
        "Total revenue financing activities": 106,
        "Net profit from business activities": 304,
        "Profit": 1670,
        "Profit before tax": 1975,
        "Present corporate income tax expenses": 449,
        "Deferred income taxes expenses": "N/A",
        "The interests of minority shareholders": "N/A",
        "Total Cost of profits": 449,
        "Profit after tax corporate income": 1526,
        "Volume": 45312675,
        "Close of Quarter": 8.3,
        "EPS": 2103.9,
        "Non-adjusted EPS": 2460,
        "PE": 3.4,
        "Book Price": 11.6
      }
    },
    {
      "quarter": "Q1 2016",
      "income status": {
        "Net sales": 51960,
        "Cost of goods sold": 38126,
        "Gross Profit": 13834,
        "Financial expenses": 1597,
        "Of which: Interest expense": 1597,
        "Cost of sales": 98,
        "Enterprise cost management": 7010,
        "Total Operating Expenses": 8705,
        "Total revenue financing activities": 230,
        "Net profit from business activities": 5359,
        "Profit": 16604,
        "Profit before tax": 21963,
        "Present corporate income tax expenses": 4810,
        "Deferred income taxes expenses": "N/A",
        "The interests of minority shareholders": "N/A",
        "Total Cost of profits": 4810,
        "Profit after tax corporate income": 17153,
        "Volume": 45312675,
        "Close of Quarter": 8.9,
        "EPS": 2044,
        "Non-adjusted EPS": 2390,
        "PE": 3.7,
        "Book Price": 11.6
      }
    },
    {
      "quarter": "Q4 2015",
      "income status": {
        "Net sales": 127088,
        "Cost of goods sold": 101736,
        "Gross Profit": 25351,
        "Financial expenses": 3627,
        "Of which: Interest expense": 3244,
        "Cost of sales": 2419,
        "Enterprise cost management": 14509,
        "Total Operating Expenses": 20555,
        "Total revenue financing activities": 276,
        "Net profit from business activities": 5072,
        "Profit": 131100,
        "Profit before tax": 136171,
        "Present corporate income tax expenses": 39166,
        "Deferred income taxes expenses": -3615,
        "The interests of minority shareholders": "N/A",
        "Total Cost of profits": 35551,
        "Profit after tax corporate income": 100621,
        "Volume": 45312675,
        "Close of Quarter": 8.0,
        "EPS": 1766.9,
        "Non-adjusted EPS": 2066,
        "PE": 3.9,
        "Book Price": 11.0
      }
    },
    {
      "quarter": "Q3 2015",
      "income status": {
        "Net sales": 11520,
        "Cost of goods sold": 10650,
        "Gross Profit": 870,
        "Financial expenses": 4726,
        "Of which: Interest expense": 4675,
        "Cost of sales": 584,
        "Enterprise cost management": 5040,
        "Total Operating Expenses": 10350,
        "Total revenue financing activities": 129,
        "Net profit from business activities": -9351,
        "Profit": 1499,
        "Profit before tax": -7852,
        "Present corporate income tax expenses": "N/A",
        "Deferred income taxes expenses": "N/A",
        "The interests of minority shareholders": "N/A",
        "Total Cost of profits": 0,
        "Profit after tax corporate income": -7852,
        "Volume": 45312675,
        "Close of Quarter": 6.6,
        "EPS": 188.2,
        "Non-adjusted EPS": 220,
        "PE": 29.8,
        "Book Price": 9.1
      }
    },
    {
      "quarter": "Q2 2015",
      "income status": {
        "Net sales": 62366,
        "Cost of goods sold": 48750,
        "Gross Profit": 13616,
        "Financial expenses": 7241,
        "Of which: Interest expense": 7055,
        "Cost of sales": 346,
        "Enterprise cost management": 4942,
        "Total Operating Expenses": 12529,
        "Total revenue financing activities": 9,
        "Net profit from business activities": 1096,
        "Profit": -1195,
        "Profit before tax": -99,
        "Present corporate income tax expenses": 1534,
        "Deferred income taxes expenses": "N/A",
        "The interests of minority shareholders": "N/A",
        "Total Cost of profits": 1534,
        "Profit after tax corporate income": -1632,
        "Volume": 30208684,
        "Close of Quarter": 6.9,
        "EPS": 233.2,
        "Non-adjusted EPS": 409,
        "PE": 16.9,
        "Book Price": 9.2
      }
    },
    {
      "quarter": "Q1 2015",
      "income status": {
        "Net sales": 58166,
        "Cost of goods sold": 45601,
        "Gross Profit": 12565,
        "Financial expenses": 3637,
        "Of which: Interest expense": 2505,
        "Cost of sales": 831,
        "Enterprise cost management": 4893,
        "Total Operating Expenses": 9361,
        "Total revenue financing activities": 5,
        "Net profit from business activities": 3210,
        "Profit": 111,
        "Profit before tax": 3321,
        "Present corporate income tax expenses": 850,
        "Deferred income taxes expenses": "N/A",
        "The interests of minority shareholders": "N/A",
        "Total Cost of profits": 850,
        "Profit after tax corporate income": 2471,
        "Volume": 30208684,
        "Close of Quarter": 6.9,
        "EPS": 100.4,
        "Non-adjusted EPS": 176,
        "PE": 39.2,
        "Book Price": 9.2
      }
    },
    {
      "quarter": "Q4 2014",
      "income status": {
        "Net sales": 151143,
        "Cost of goods sold": 132533,
        "Gross Profit": 18610,
        "Financial expenses": -7266,
        "Of which: Interest expense": -9217,
        "Cost of sales": 1493,
        "Enterprise cost management": 6443,
        "Total Operating Expenses": 670,
        "Total revenue financing activities": 10,
        "Net profit from business activities": 17950,
        "Profit": 845,
        "Profit before tax": 18795,
        "Present corporate income tax expenses": 1821,
        "Deferred income taxes expenses": "N/A",
        "The interests of minority shareholders": "N/A",
        "Total Cost of profits": 1821,
        "Profit after tax corporate income": 16974,
        "Volume": 30208684,
        "Close of Quarter": 5.7,
        "EPS": 70.1,
        "Non-adjusted EPS": 123,
        "PE": 46.7,
        "Book Price": 9.2
      }
    },
    {
      "quarter": "Q3 2014",
      "income status": {
        "Net sales": 22798,
        "Cost of goods sold": 20864,
        "Gross Profit": 1934,
        "Financial expenses": 3377,
        "Of which: Interest expense": 2288,
        "Cost of sales": 1165,
        "Enterprise cost management": 4140,
        "Total Operating Expenses": 8682,
        "Total revenue financing activities": 450,
        "Net profit from business activities": -6299,
        "Profit": 841,
        "Profit before tax": -5457,
        "Present corporate income tax expenses": "N/A",
        "Deferred income taxes expenses": "N/A",
        "The interests of minority shareholders": "N/A",
        "Total Cost of profits": 0,
        "Profit after tax corporate income": -5457,
        "Volume": 30208684,
        "Close of Quarter": 4.9,
        "EPS": -234.9,
        "Non-adjusted EPS": -412,
        "PE": -11.9,
        "Book Price": 8.9
      }
    },
    {
      "quarter": "Q2 2014",
      "income status": {
        "Net sales": 56445,
        "Cost of goods sold": 50322,
        "Gross Profit": 6122,
        "Financial expenses": 12196,
        "Of which: Interest expense": 14989,
        "Cost of sales": 1782,
        "Enterprise cost management": 5710,
        "Total Operating Expenses": 19688,
        "Total revenue financing activities": 2754,
        "Net profit from business activities": -10811,
        "Profit": 3676,
        "Profit before tax": -7134,
        "Present corporate income tax expenses": "N/A",
        "Deferred income taxes expenses": 1542,
        "The interests of minority shareholders": "N/A",
        "Total Cost of profits": 1542,
        "Profit after tax corporate income": -8677,
        "Volume": 30208684,
        "Close of Quarter": 4.5,
        "EPS": 53.6,
        "Non-adjusted EPS": 94,
        "PE": 48.3,
        "Book Price": 10.2
      }
    },
    {
      "quarter": "Q1 2014",
      "income status": {
        "Net sales": 49412,
        "Cost of goods sold": 41834,
        "Gross Profit": 7577,
        "Financial expenses": 3988,
        "Of which: Interest expense": 389,
        "Cost of sales": 1405,
        "Enterprise cost management": 3816,
        "Total Operating Expenses": 9209,
        "Total revenue financing activities": 2560,
        "Net profit from business activities": 928,
        "Profit": 222,
        "Profit before tax": 1150,
        "Present corporate income tax expenses": 287,
        "Deferred income taxes expenses": "N/A",
        "The interests of minority shareholders": "N/A",
        "Total Cost of profits": 287,
        "Profit after tax corporate income": 862,
        "Volume": 30208684,
        "Close of Quarter": 5.7,
        "EPS": 209.3,
        "Non-adjusted EPS": 367,
        "PE": 15.6,
        "Book Price": 10.3
      }
    },
    {
      "quarter": "Q4 2013",
      "income status": {
        "Net sales": 115411,
        "Cost of goods sold": 105666,
        "Gross Profit": 9744,
        "Financial expenses": 1839,
        "Of which: Interest expense": 1615,
        "Cost of sales": 1265,
        "Enterprise cost management": 6949,
        "Total Operating Expenses": 10053,
        "Total revenue financing activities": 2780,
        "Net profit from business activities": 2472,
        "Profit": 2043,
        "Profit before tax": 4514,
        "Present corporate income tax expenses": 1565,
        "Deferred income taxes expenses": 2133,
        "The interests of minority shareholders": "N/A",
        "Total Cost of profits": 3698,
        "Profit after tax corporate income": 816,
        "Volume": 30208684,
        "Close of Quarter": 4.7,
        "EPS": 201.3,
        "Non-adjusted EPS": 353,
        "PE": 13.2,
        "Book Price": 10.3
      }
    },
    {
      "quarter": "Q3 2013",
      "income status": {
        "Net sales": 237302,
        "Cost of goods sold": 215321,
        "Gross Profit": 21982,
        "Financial expenses": 7680,
        "Of which: Interest expense": 7332,
        "Cost of sales": 1243,
        "Enterprise cost management": 4768,
        "Total Operating Expenses": 13691,
        "Total revenue financing activities": 3491,
        "Net profit from business activities": 11781,
        "Profit": 136,
        "Profit before tax": 11918,
        "Present corporate income tax expenses": 2462,
        "Deferred income taxes expenses": -378,
        "The interests of minority shareholders": "N/A",
        "Total Cost of profits": 2084,
        "Profit after tax corporate income": 9834,
        "Volume": 30208684,
        "Close of Quarter": 2.9,
        "EPS": 412.8,
        "Non-adjusted EPS": 724,
        "PE": 4.0,
        "Book Price": 10.3
      }
    },
    {
      "quarter": "Q2 2013",
      "income status": {
        "Net sales": 21110,
        "Cost of goods sold": 10410,
        "Gross Profit": 10700,
        "Financial expenses": 8634,
        "Of which: Interest expense": 7792,
        "Cost of sales": 1318,
        "Enterprise cost management": 5600,
        "Total Operating Expenses": 15552,
        "Total revenue financing activities": 3662,
        "Net profit from business activities": -1189,
        "Profit": 1040,
        "Profit before tax": -149,
        "Present corporate income tax expenses": "N/A",
        "Deferred income taxes expenses": 272,
        "The interests of minority shareholders": "N/A",
        "Total Cost of profits": 272,
        "Profit after tax corporate income": -422,
        "Volume": 27714816,
        "Close of Quarter": 2.8,
        "EPS": 146.5,
        "Non-adjusted EPS": 280,
        "PE": 9.9,
        "Book Price": 9.1
      }
    },
    {
      "quarter": "Q1 2013",
      "income status": {
        "Net sales": 30077,
        "Cost of goods sold": 22482,
        "Gross Profit": 7595,
        "Financial expenses": 8187,
        "Of which: Interest expense": 8274,
        "Cost of sales": 1539,
        "Enterprise cost management": 3532,
        "Total Operating Expenses": 13258,
        "Total revenue financing activities": 3793,
        "Net profit from business activities": -1870,
        "Profit": 2475,
        "Profit before tax": 605,
        "Present corporate income tax expenses": 178,
        "Deferred income taxes expenses": -22,
        "The interests of minority shareholders": "N/A",
        "Total Cost of profits": 156,
        "Profit after tax corporate income": 449,
        "Volume": 27714816,
        "Close of Quarter": 2.6,
        "EPS": 114.6,
        "Non-adjusted EPS": 219,
        "PE": 11.7,
        "Book Price": 10.0
      }
    },
    {
      "quarter": "Q4 2012",
      "income status": {
        "Net sales": 39192,
        "Cost of goods sold": 36332,
        "Gross Profit": 2860,
        "Financial expenses": -8920,
        "Of which: Interest expense": -9346,
        "Cost of sales": 1511,
        "Enterprise cost management": 5710,
        "Total Operating Expenses": -1699,
        "Total revenue financing activities": 3580,
        "Net profit from business activities": 8138,
        "Profit": 5534,
        "Profit before tax": 13673,
        "Present corporate income tax expenses": 4743,
        "Deferred income taxes expenses": -3071,
        "The interests of minority shareholders": "N/A",
        "Total Cost of profits": 1672,
        "Profit after tax corporate income": 12000,
        "Volume": 27714816,
        "Close of Quarter": 2.3,
        "EPS": 154.3,
        "Non-adjusted EPS": 295,
        "PE": 7.7,
        "Book Price": "N/A"
      }
    },
    {
      "quarter": "Q3 2012",
      "income status": {
        "Net sales": 18032,
        "Cost of goods sold": 14112,
        "Gross Profit": 3920,
        "Financial expenses": 6878,
        "Of which: Interest expense": 6550,
        "Cost of sales": 1650,
        "Enterprise cost management": 3800,
        "Total Operating Expenses": 12328,
        "Total revenue financing activities": 3305,
        "Net profit from business activities": -5103,
        "Profit": 837,
        "Profit before tax": -4266,
        "Present corporate income tax expenses": "N/A",
        "Deferred income taxes expenses": "N/A",
        "The interests of minority shareholders": "N/A",
        "Total Cost of profits": 0,
        "Profit after tax corporate income": -4266,
        "Volume": 27714816,
        "Close of Quarter": 1.9,
        "EPS": 66.4,
        "Non-adjusted EPS": 127,
        "PE": 14.7,
        "Book Price": 9.9
      }
    },
    {
      "quarter": "Q2 2012",
      "income status": {
        "Net sales": 29658,
        "Cost of goods sold": 31956,
        "Gross Profit": -2299,
        "Financial expenses": 6795,
        "Of which: Interest expense": 8182,
        "Cost of sales": 1408,
        "Enterprise cost management": 4566,
        "Total Operating Expenses": 12769,
        "Total revenue financing activities": 6652,
        "Net profit from business activities": -8416,
        "Profit": 6165,
        "Profit before tax": -2251,
        "Present corporate income tax expenses": "N/A",
        "Deferred income taxes expenses": 455,
        "The interests of minority shareholders": -597,
        "Total Cost of profits": -142,
        "Profit after tax corporate income": -2109,
        "Volume": 27714816,
        "Close of Quarter": 3.0,
        "EPS": 88.4,
        "Non-adjusted EPS": 169,
        "PE": 17.5,
        "Book Price": 8.9
      }
    },
    {
      "quarter": "Q1 2012",
      "income status": {
        "Net sales": 28337,
        "Cost of goods sold": 9556,
        "Gross Profit": 18781,
        "Financial expenses": 11994,
        "Of which: Interest expense": 7708,
        "Cost of sales": 1172,
        "Enterprise cost management": 3967,
        "Total Operating Expenses": 17133,
        "Total revenue financing activities": 63,
        "Net profit from business activities": 1711,
        "Profit": 1687,
        "Profit before tax": 3399,
        "Present corporate income tax expenses": 110,
        "Deferred income taxes expenses": 739,
        "The interests of minority shareholders": "N/A",
        "Total Cost of profits": 849,
        "Profit after tax corporate income": 2549,
        "Volume": 27714816,
        "Close of Quarter": 3.2,
        "EPS": 132.3,
        "Non-adjusted EPS": 253,
        "PE": 12.7,
        "Book Price": 9.9
      }
    },
    {
      "quarter": "Q4 2011",
      "income status": {
        "Net sales": 37569,
        "Cost of goods sold": 50341,
        "Gross Profit": -12771,
        "Financial expenses": -11182,
        "Of which: Interest expense": -13922,
        "Cost of sales": 1721,
        "Enterprise cost management": 12229,
        "Total Operating Expenses": 2768,
        "Total revenue financing activities": 3262,
        "Net profit from business activities": -12276,
        "Profit": 22157,
        "Profit before tax": 9881,
        "Present corporate income tax expenses": 2737,
        "Deferred income taxes expenses": -192,
        "The interests of minority shareholders": "N/A",
        "Total Cost of profits": 2545,
        "Profit after tax corporate income": 7336,
        "Volume": 27714816,
        "Close of Quarter": 2.1,
        "EPS": 137.6,
        "Non-adjusted EPS": 263,
        "PE": 8.0,
        "Book Price": 9.9
      }
    },
    {
      "quarter": "Q3 2011",
      "income status": {
        "Net sales": 23946,
        "Cost of goods sold": 22028,
        "Gross Profit": 1918,
        "Financial expenses": 9200,
        "Of which: Interest expense": 8384,
        "Cost of sales": 484,
        "Enterprise cost management": 4926,
        "Total Operating Expenses": 14610,
        "Total revenue financing activities": 2082,
        "Net profit from business activities": -10611,
        "Profit": 7520,
        "Profit before tax": -3091,
        "Present corporate income tax expenses": "N/A",
        "Deferred income taxes expenses": "N/A",
        "The interests of minority shareholders": "N/A",
        "Total Cost of profits": 0,
        "Profit after tax corporate income": -3091,
        "Volume": 27714816,
        "Close of Quarter": 4.3,
        "EPS": -150.7,
        "Non-adjusted EPS": -288,
        "PE": -15.0,
        "Book Price": 9.8
      }
    },
    {
      "quarter": "Q2 2011",
      "income status": {
        "Net sales": 12277,
        "Cost of goods sold": -1941,
        "Gross Profit": 14218,
        "Financial expenses": 12167,
        "Of which: Interest expense": 5550,
        "Cost of sales": 8501,
        "Enterprise cost management": 8664,
        "Total Operating Expenses": 29332,
        "Total revenue financing activities": 2877,
        "Net profit from business activities": -12237,
        "Profit": 13896,
        "Profit before tax": 1659,
        "Present corporate income tax expenses": "N/A",
        "Deferred income taxes expenses": 1443,
        "The interests of minority shareholders": "N/A",
        "Total Cost of profits": 1443,
        "Profit after tax corporate income": 216,
        "Volume": 27714816,
        "Close of Quarter": 6.1,
        "EPS": -145.4,
        "Non-adjusted EPS": -278,
        "PE": -22.0,
        "Book Price": 9.8
      }
    },
    {
      "quarter": "Q1 2011",
      "income status": {
        "Net sales": 11502,
        "Cost of goods sold": 517,
        "Gross Profit": 10986,
        "Financial expenses": 5175,
        "Of which: Interest expense": 5169,
        "Cost of sales": 155,
        "Enterprise cost management": 5674,
        "Total Operating Expenses": 11004,
        "Total revenue financing activities": 309,
        "Net profit from business activities": 291,
        "Profit": 3462,
        "Profit before tax": 3753,
        "Present corporate income tax expenses": 331,
        "Deferred income taxes expenses": 607,
        "The interests of minority shareholders": "N/A",
        "Total Cost of profits": 938,
        "Profit after tax corporate income": 2815,
        "Volume": 27714816,
        "Close of Quarter": 8.3,
        "EPS": -116.7,
        "Non-adjusted EPS": -223,
        "PE": -37.1,
        "Book Price": 9.9
      }
    }
  ]
}