{
  "ticker": "NHC",
  "data": [
    {
      "quarter": "Q4 2016",
      "income status": {
        "Net sales": 30927,
        "Cost of goods sold": 23627,
        "Gross Profit": 7300,
        "Financial expenses": 985,
        "Of which: Interest expense": 142,
        "Cost of sales": 1141,
        "Enterprise cost management": 1188,
        "Total Operating Expenses": 3314,
        "Total revenue financing activities": 401,
        "Net profit from business activities": 4387,
        "Profit": -38,
        "Profit before tax": 4349,
        "Present corporate income tax expenses": 1231,
        "Deferred income taxes expenses": -191,
        "The interests of minority shareholders": -199,
        "Total Cost of profits": 841,
        "Profit after tax corporate income": 3508,
        "Volume": 3041542,
        "Close of Quarter": 37.6,
        "EPS": 4038,
        "Non-adjusted EPS": 4038,
        "PE": 9.3,
        "Book Price": 18.4
      }
    },
    {
      "quarter": "Q3 2016",
      "income status": {
        "Net sales": 29376,
        "Cost of goods sold": 24037,
        "Gross Profit": 5340,
        "Financial expenses": 357,
        "Of which: Interest expense": 248,
        "Cost of sales": 1244,
        "Enterprise cost management": 1075,
        "Total Operating Expenses": 2676,
        "Total revenue financing activities": 418,
        "Net profit from business activities": 3082,
        "Profit": -233,
        "Profit before tax": 2849,
        "Present corporate income tax expenses": 621,
        "Deferred income taxes expenses": 83,
        "The interests of minority shareholders": -224,
        "Total Cost of profits": 480,
        "Profit after tax corporate income": 2369,
        "Volume": 3041542,
        "Close of Quarter": 27.9,
        "EPS": 4652,
        "Non-adjusted EPS": 4652,
        "PE": 6,
        "Book Price": 18.4
      }
    },
    {
      "quarter": "Q2 2016",
      "income status": {
        "Net sales": 28325,
        "Cost of goods sold": 22932,
        "Gross Profit": 5393,
        "Financial expenses": 198,
        "Of which: Interest expense": 252,
        "Cost of sales": 989,
        "Enterprise cost management": 642,
        "Total Operating Expenses": 1829,
        "Total revenue financing activities": 406,
        "Net profit from business activities": 3971,
        "Profit": -78,
        "Profit before tax": 3893,
        "Present corporate income tax expenses": 751,
        "Deferred income taxes expenses": 74,
        "The interests of minority shareholders": -74,
        "Total Cost of profits": 751,
        "Profit after tax corporate income": 3142,
        "Volume": 3041542,
        "Close of Quarter": 37.5,
        "EPS": 4717,
        "Non-adjusted EPS": 4717,
        "PE": 8.0,
        "Book Price": 17.7
      }
    },
    {
      "quarter": "Q1 2016",
      "income status": {
        "Net sales": 27022,
        "Cost of goods sold": 21648,
        "Gross Profit": 5375,
        "Financial expenses": 226,
        "Of which: Interest expense": "N/A",
        "Cost of sales": 976,
        "Enterprise cost management": 697,
        "Total Operating Expenses": 1899,
        "Total revenue financing activities": 591,
        "Net profit from business activities": 4066,
        "Profit": 15,
        "Profit before tax": 4081,
        "Present corporate income tax expenses": 818,
        "Deferred income taxes expenses": "N/A",
        "The interests of minority shareholders": "N/A",
        "Total Cost of profits": 818,
        "Profit after tax corporate income": 3262,
        "Volume": 3041542,
        "Close of Quarter": 30.7,
        "EPS": 4905,
        "Non-adjusted EPS": 4905,
        "PE": 6.3,
        "Book Price": 15.1
      }
    },
    {
      "quarter": "Q4 2015",
      "income status": {
        "Net sales": 45102,
        "Cost of goods sold": 35112,
        "Gross Profit": 9990,
        "Financial expenses": 151,
        "Of which: Interest expense": "N/A",
        "Cost of sales": 2482,
        "Enterprise cost management": 1155,
        "Total Operating Expenses": 3788,
        "Total revenue financing activities": 835,
        "Net profit from business activities": 7037,
        "Profit": -141,
        "Profit before tax": 6896,
        "Present corporate income tax expenses": 1679,
        "Deferred income taxes expenses": -158,
        "The interests of minority shareholders": "N/A",
        "Total Cost of profits": 1521,
        "Profit after tax corporate income": 5375,
        "Volume": 3041542,
        "Close of Quarter": 25.0,
        "EPS": 4835,
        "Non-adjusted EPS": 4835,
        "PE": 5.2,
        "Book Price": 15.1
      }
    },
    {
      "quarter": "Q3 2015",
      "income status": {
        "Net sales": 29582,
        "Cost of goods sold": 24283,
        "Gross Profit": 5298,
        "Financial expenses": 465,
        "Of which: Interest expense": "N/A",
        "Cost of sales": 1268,
        "Enterprise cost management": 811,
        "Total Operating Expenses": 2544,
        "Total revenue financing activities": 652,
        "Net profit from business activities": 3407,
        "Profit": -142,
        "Profit before tax": 3265,
        "Present corporate income tax expenses": 629,
        "Deferred income taxes expenses": 68,
        "The interests of minority shareholders": "N/A",
        "Total Cost of profits": 697,
        "Profit after tax corporate income": 2568,
        "Volume": 3041542,
        "Close of Quarter": 24.6,
        "EPS": 4035,
        "Non-adjusted EPS": 4035,
        "PE": 6.1,
        "Book Price": 13.7
      }
    },
    {
      "quarter": "Q2 2015",
      "income status": {
        "Net sales": 33648,
        "Cost of goods sold": 27105,
        "Gross Profit": 6543,
        "Financial expenses": 297,
        "Of which: Interest expense": "N/A",
        "Cost of sales": 1594,
        "Enterprise cost management": 733,
        "Total Operating Expenses": 2624,
        "Total revenue financing activities": 666,
        "Net profit from business activities": 4586,
        "Profit": 161,
        "Profit before tax": 4746,
        "Present corporate income tax expenses": 849,
        "Deferred income taxes expenses": 183,
        "The interests of minority shareholders": "N/A",
        "Total Cost of profits": 1032,
        "Profit after tax corporate income": 3714,
        "Volume": 3041542,
        "Close of Quarter": 20.5,
        "EPS": 3584,
        "Non-adjusted EPS": 3584,
        "PE": 5.7,
        "Book Price": 14.4
      }
    },
    {
      "quarter": "Q1 2015",
      "income status": {
        "Net sales": 23355,
        "Cost of goods sold": 19201,
        "Gross Profit": 4154,
        "Financial expenses": 243,
        "Of which: Interest expense": "N/A",
        "Cost of sales": 1595,
        "Enterprise cost management": 681,
        "Total Operating Expenses": 2519,
        "Total revenue financing activities": 516,
        "Net profit from business activities": 2151,
        "Profit": 1756,
        "Profit before tax": 3907,
        "Present corporate income tax expenses": 860,
        "Deferred income taxes expenses": "N/A",
        "The interests of minority shareholders": "N/A",
        "Total Cost of profits": 860,
        "Profit after tax corporate income": 3048,
        "Volume": 3041542,
        "Close of Quarter": 21.2,
        "EPS": 3324,
        "Non-adjusted EPS": 3324,
        "PE": 6.4,
        "Book Price": 13.3
      }
    },
    {
      "quarter": "Q4 2014",
      "income status": {
        "Net sales": 26408,
        "Cost of goods sold": 20495,
        "Gross Profit": 5912,
        "Financial expenses": 2,
        "Of which: Interest expense": "N/A",
        "Cost of sales": 1706,
        "Enterprise cost management": 1368,
        "Total Operating Expenses": 3076,
        "Total revenue financing activities": 804,
        "Net profit from business activities": 3641,
        "Profit": 229,
        "Profit before tax": 3869,
        "Present corporate income tax expenses": 1243,
        "Deferred income taxes expenses": -316,
        "The interests of minority shareholders": "N/A",
        "Total Cost of profits": 927,
        "Profit after tax corporate income": 2943,
        "Volume": 3041542,
        "Close of Quarter": 21.5,
        "EPS": 2610,
        "Non-adjusted EPS": 2610,
        "PE": 8.2,
        "Book Price": 13.5
      }
    },
    {
      "quarter": "Q3 2014",
      "income status": {
        "Net sales": 27453,
        "Cost of goods sold": 22458,
        "Gross Profit": 4995,
        "Financial expenses": "N/A",
        "Of which: Interest expense": "N/A",
        "Cost of sales": 1566,
        "Enterprise cost management": 2747,
        "Total Operating Expenses": 4313,
        "Total revenue financing activities": 543,
        "Net profit from business activities": 1225,
        "Profit": 308,
        "Profit before tax": 1534,
        "Present corporate income tax expenses": 257,
        "Deferred income taxes expenses": 81,
        "The interests of minority shareholders": "N/A",
        "Total Cost of profits": 338,
        "Profit after tax corporate income": 1196,
        "Volume": 1520771,
        "Close of Quarter": 27.0,
        "EPS": 2368,
        "Non-adjusted EPS": 4736,
        "PE": 5.7,
        "Book Price": 12.8
      }
    },
    {
      "quarter": "Q2 2014",
      "income status": {
        "Net sales": 35134,
        "Cost of goods sold": 29408,
        "Gross Profit": 5726,
        "Financial expenses": -9,
        "Of which: Interest expense": "N/A",
        "Cost of sales": 1962,
        "Enterprise cost management": 777,
        "Total Operating Expenses": 2730,
        "Total revenue financing activities": 754,
        "Net profit from business activities": 3749,
        "Profit": -4,
        "Profit before tax": 3746,
        "Present corporate income tax expenses": 627,
        "Deferred income taxes expenses": 196,
        "The interests of minority shareholders": "N/A",
        "Total Cost of profits": 823,
        "Profit after tax corporate income": 2922,
        "Volume": 1520771,
        "Close of Quarter": 11.6,
        "EPS": 2448.5,
        "Non-adjusted EPS": 4897,
        "PE": 2.4,
        "Book Price": 12.9
      }
    },
    {
      "quarter": "Q1 2014",
      "income status": {
        "Net sales": 21940,
        "Cost of goods sold": 19556,
        "Gross Profit": 2384,
        "Financial expenses": "N/A",
        "Of which: Interest expense": "N/A",
        "Cost of sales": 1139,
        "Enterprise cost management": 522,
        "Total Operating Expenses": 1661,
        "Total revenue financing activities": 400,
        "Net profit from business activities": 1123,
        "Profit": "N/A",
        "Profit before tax": 1123,
        "Present corporate income tax expenses": 247,
        "Deferred income taxes expenses": "N/A",
        "The interests of minority shareholders": "N/A",
        "Total Cost of profits": 247,
        "Profit after tax corporate income": 876,
        "Volume": 1520771,
        "Close of Quarter": 12.7,
        "EPS": 1682.5,
        "Non-adjusted EPS": 3365,
        "PE": 3.8,
        "Book Price": 12.3
      }
    },
    {
      "quarter": "Q4 2013",
      "income status": {
        "Net sales": 26829,
        "Cost of goods sold": 22577,
        "Gross Profit": 4253,
        "Financial expenses": -17,
        "Of which: Interest expense": "N/A",
        "Cost of sales": 1609,
        "Enterprise cost management": 877,
        "Total Operating Expenses": 2469,
        "Total revenue financing activities": 897,
        "Net profit from business activities": 2681,
        "Profit": 300,
        "Profit before tax": 2981,
        "Present corporate income tax expenses": 734,
        "Deferred income taxes expenses": 39,
        "The interests of minority shareholders": "N/A",
        "Total Cost of profits": 773,
        "Profit after tax corporate income": 2208,
        "Volume": 1520771,
        "Close of Quarter": 8.4,
        "EPS": 1572,
        "Non-adjusted EPS": 3144,
        "PE": 2.7,
        "Book Price": 12.1
      }
    },
    {
      "quarter": "Q3 2013",
      "income status": {
        "Net sales": 22014,
        "Cost of goods sold": 19037,
        "Gross Profit": 2977,
        "Financial expenses": "N/A",
        "Of which: Interest expense": "N/A",
        "Cost of sales": 1070,
        "Enterprise cost management": 458,
        "Total Operating Expenses": 1528,
        "Total revenue financing activities": 472,
        "Net profit from business activities": 1920,
        "Profit": "N/A",
        "Profit before tax": 1920,
        "Present corporate income tax expenses": 514,
        "Deferred income taxes expenses": -35,
        "The interests of minority shareholders": "N/A",
        "Total Cost of profits": 479,
        "Profit after tax corporate income": 1441,
        "Volume": 1520771,
        "Close of Quarter": 6.1,
        "EPS": 1187,
        "Non-adjusted EPS": 2374,
        "PE": 2.6,
        "Book Price": 12.1
      }
    },
    {
      "quarter": "Q2 2013",
      "income status": {
        "Net sales": 25097,
        "Cost of goods sold": 22082,
        "Gross Profit": 3015,
        "Financial expenses": -36,
        "Of which: Interest expense": "N/A",
        "Cost of sales": 1470,
        "Enterprise cost management": 1630,
        "Total Operating Expenses": 3064,
        "Total revenue financing activities": 849,
        "Net profit from business activities": 799,
        "Profit": -11,
        "Profit before tax": 788,
        "Present corporate income tax expenses": 131,
        "Deferred income taxes expenses": 64,
        "The interests of minority shareholders": "N/A",
        "Total Cost of profits": 195,
        "Profit after tax corporate income": 592,
        "Volume": 1520771,
        "Close of Quarter": 6.4,
        "EPS": 777,
        "Non-adjusted EPS": 1554,
        "PE": 4.1,
        "Book Price": 11.6
      }
    },
    {
      "quarter": "Q1 2013",
      "income status": {
        "Net sales": 14685,
        "Cost of goods sold": 13123,
        "Gross Profit": 1562,
        "Financial expenses": "N/A",
        "Of which: Interest expense": "N/A",
        "Cost of sales": 873,
        "Enterprise cost management": 401,
        "Total Operating Expenses": 1274,
        "Total revenue financing activities": 434,
        "Net profit from business activities": 722,
        "Profit": "N/A",
        "Profit before tax": 722,
        "Present corporate income tax expenses": 180,
        "Deferred income taxes expenses": "N/A",
        "The interests of minority shareholders": "N/A",
        "Total Cost of profits": 180,
        "Profit after tax corporate income": 541,
        "Volume": 1520771,
        "Close of Quarter": 6.0,
        "EPS": 769,
        "Non-adjusted EPS": 1538,
        "PE": 3.9,
        "Book Price": 12.1
      }
    },
    {
      "quarter": "Q4 2012",
      "income status": {
        "Net sales": 20599,
        "Cost of goods sold": 18743,
        "Gross Profit": 1855,
        "Financial expenses": 24,
        "Of which: Interest expense": "N/A",
        "Cost of sales": 1155,
        "Enterprise cost management": 444,
        "Total Operating Expenses": 1623,
        "Total revenue financing activities": 858,
        "Net profit from business activities": 1090,
        "Profit": 294,
        "Profit before tax": 1384,
        "Present corporate income tax expenses": 19,
        "Deferred income taxes expenses": 327,
        "The interests of minority shareholders": "N/A",
        "Total Cost of profits": 346,
        "Profit after tax corporate income": 1037,
        "Volume": 1520771,
        "Close of Quarter": 6.6,
        "EPS": 883,
        "Non-adjusted EPS": 1766,
        "PE": 3.7,
        "Book Price": 12.0
      }
    },
    {
      "quarter": "Q3 2012",
      "income status": {
        "Net sales": 18741,
        "Cost of goods sold": 17339,
        "Gross Profit": 1402,
        "Financial expenses": "N/A",
        "Of which: Interest expense": "N/A",
        "Cost of sales": 1214,
        "Enterprise cost management": 637,
        "Total Operating Expenses": 1851,
        "Total revenue financing activities": 507,
        "Net profit from business activities": 57,
        "Profit": "N/A",
        "Profit before tax": 57,
        "Present corporate income tax expenses": -136,
        "Deferred income taxes expenses": "N/A",
        "The interests of minority shareholders": "N/A",
        "Total Cost of profits": -136,
        "Profit after tax corporate income": 193,
        "Volume": 1520771,
        "Close of Quarter": 6.3,
        "EPS": 1231.5,
        "Non-adjusted EPS": 2463,
        "PE": 2.6,
        "Book Price": 11.7
      }
    },
    {
      "quarter": "Q2 2012",
      "income status": {
        "Net sales": 21251,
        "Cost of goods sold": 18830,
        "Gross Profit": 2421,
        "Financial expenses": 84,
        "Of which: Interest expense": 107,
        "Cost of sales": 1461,
        "Enterprise cost management": 1055,
        "Total Operating Expenses": 2600,
        "Total revenue financing activities": 935,
        "Net profit from business activities": 757,
        "Profit": "N/A",
        "Profit before tax": 757,
        "Present corporate income tax expenses": 189,
        "Deferred income taxes expenses": "N/A",
        "The interests of minority shareholders": "N/A",
        "Total Cost of profits": 189,
        "Profit after tax corporate income": 568,
        "Volume": 1520771,
        "Close of Quarter": 8,
        "EPS": 1878.5,
        "Non-adjusted EPS": 3757,
        "PE": 2.1,
        "Book Price": 11.6
      }
    },
    {
      "quarter": "Q1 2012",
      "income status": {
        "Net sales": 20257,
        "Cost of goods sold": 17998,
        "Gross Profit": 2259,
        "Financial expenses": "N/A",
        "Of which: Interest expense": "N/A",
        "Cost of sales": 1259,
        "Enterprise cost management": 544,
        "Total Operating Expenses": 1803,
        "Total revenue financing activities": 728,
        "Net profit from business activities": 1184,
        "Profit": "N/A",
        "Profit before tax": 1184,
        "Present corporate income tax expenses": 296,
        "Deferred income taxes expenses": "N/A",
        "The interests of minority shareholders": "N/A",
        "Total Cost of profits": 296,
        "Profit after tax corporate income": 888,
        "Volume": 1520771,
        "Close of Quarter": 8.1,
        "EPS": 2681,
        "Non-adjusted EPS": 5362,
        "PE": 1.5,
        "Book Price": 12.7
      }
    },
    {
      "quarter": "Q4 2011",
      "income status": {
        "Net sales": 22401,
        "Cost of goods sold": 19661,
        "Gross Profit": 2739,
        "Financial expenses": 31,
        "Of which: Interest expense": "N/A",
        "Cost of sales": 1711,
        "Enterprise cost management": 1026,
        "Total Operating Expenses": 2768,
        "Total revenue financing activities": 983,
        "Net profit from business activities": 954,
        "Profit": 1093,
        "Profit before tax": 2047,
        "Present corporate income tax expenses": -86,
        "Deferred income taxes expenses": 36,
        "The interests of minority shareholders": "N/A",
        "Total Cost of profits": -50,
        "Profit after tax corporate income": 2097,
        "Volume": 1520771,
        "Close of Quarter": 7.9,
        "EPS": 3028,
        "Non-adjusted EPS": 6056,
        "PE": 1.3,
        "Book Price": 12.8
      }
    },
    {
      "quarter": "Q3 2011",
      "income status": {
        "Net sales": 18735,
        "Cost of goods sold": 15568,
        "Gross Profit": 3167,
        "Financial expenses": "N/A",
        "Of which: Interest expense": "N/A",
        "Cost of sales": 996,
        "Enterprise cost management": 712,
        "Total Operating Expenses": 1708,
        "Total revenue financing activities": 1268,
        "Net profit from business activities": 2727,
        "Profit": 152,
        "Profit before tax": 2880,
        "Present corporate income tax expenses": 720,
        "Deferred income taxes expenses": "N/A",
        "The interests of minority shareholders": "N/A",
        "Total Cost of profits": 720,
        "Profit after tax corporate income": 2160,
        "Volume": 1520771,
        "Close of Quarter": 8.3,
        "EPS": 3212,
        "Non-adjusted EPS": 6424,
        "PE": 1.3,
        "Book Price": 12.2
      }
    },
    {
      "quarter": "Q2 2011",
      "income status": {
        "Net sales": 18918,
        "Cost of goods sold": 14409,
        "Gross Profit": 4509,
        "Financial expenses": 70,
        "Of which: Interest expense": "N/A",
        "Cost of sales": 1066,
        "Enterprise cost management": 543,
        "Total Operating Expenses": 1679,
        "Total revenue financing activities": 925,
        "Net profit from business activities": 3755,
        "Profit": 257,
        "Profit before tax": 4012,
        "Present corporate income tax expenses": 1003,
        "Deferred income taxes expenses": "N/A",
        "The interests of minority shareholders": "N/A",
        "Total Cost of profits": 1003,
        "Profit after tax corporate income": 3009,
        "Volume": 1520771,
        "Close of Quarter": 6.9,
        "EPS": 6248,
        "Non-adjusted EPS": 12496,
        "PE": 0.6,
        "Book Price": 12.5
      }
    },
    {
      "quarter": "Q1 2011",
      "income status": {
        "Net sales": 13835,
        "Cost of goods sold": 10808,
        "Gross Profit": 3026,
        "Financial expenses": "N/A",
        "Of which: Interest expense": "N/A",
        "Cost of sales": 929,
        "Enterprise cost management": 348,
        "Total Operating Expenses": 1277,
        "Total revenue financing activities": 843,
        "Net profit from business activities": 2592,
        "Profit": "N/A",
        "Profit before tax": 2592,
        "Present corporate income tax expenses": 648,
        "Deferred income taxes expenses": "N/A",
        "The interests of minority shareholders": "N/A",
        "Total Cost of profits": 648,
        "Profit after tax corporate income": 1944,
        "Volume": 1520771,
        "Close of Quarter": 8.7,
        "EPS": 6089.5,
        "Non-adjusted EPS": 12179,
        "PE": 0.7,
        "Book Price": 11.8
      }
    }
  ]
}