{
  "ticker": "CTD",
  "data": [
    {
      "quarter": "Q4 2016",
      "income status": {
        "Net sales": 7321030,
        "Cost of goods sold": 6712127,
        "Gross Profit": 608903,
        "Financial expenses": 260,
        "Of which: Interest expense": "N/A",
        "Cost of sales": "N/A",
        "Enterprise cost management": 121366,
        "Total Operating Expenses": 121626,
        "Total revenue financing activities": 59561,
        "Net profit from business activities": 555720,
        "Profit": 19012,
        "Profit before tax": 574732,
        "Present corporate income tax expenses": 116003,
        "Deferred income taxes expenses": -1828,
        "The interests of minority shareholders": "N/A",
        "Total Cost of profits": 114175,
        "Profit after tax corporate income": 460557,
        "Volume": 76983344,
        "Close of Quarter": 182.5,
        "EPS": 18472,
        "Non-adjusted EPS": 18472,
        "PE": 9.9,
        "Book Price": 81
      }
    },
    {
      "quarter": "Q3 2016",
      "income status": {
        "Net sales": 5316662,
        "Cost of goods sold": 4857190,
        "Gross Profit": 459471,
        "Financial expenses": 39,
        "Of which: Interest expense": "N/A",
        "Cost of sales": 68,
        "Enterprise cost management": 72209,
        "Total Operating Expenses": 72316,
        "Total revenue financing activities": 39599,
        "Net profit from business activities": 440331,
        "Profit": 15265,
        "Profit before tax": 455596,
        "Present corporate income tax expenses": 89256,
        "Deferred income taxes expenses": 353,
        "The interests of minority shareholders": "N/A",
        "Total Cost of profits": 89609,
        "Profit after tax corporate income": 365987,
        "Volume": 49130414,
        "Close of Quarter": 194.7,
        "EPS": 15766.0,
        "Non-adjusted EPS": 24704,
        "PE": 7.9,
        "Book Price": 52.3
      }
    },
    {
      "quarter": "Q2 2016",
      "income status": {
        "Net sales": 5002814,
        "Cost of goods sold": 4591474,
        "Gross Profit": 411341,
        "Financial expenses": "N/A",
        "Of which: Interest expense": "N/A",
        "Cost of sales": 717,
        "Enterprise cost management": 24659,
        "Total Operating Expenses": 25376,
        "Total revenue financing activities": 40786,
        "Net profit from business activities": 432276,
        "Profit": 10337,
        "Profit before tax": 442612,
        "Present corporate income tax expenses": 85687,
        "Deferred income taxes expenses": 2010,
        "The interests of minority shareholders": "N/A",
        "Total Cost of profits": 87697,
        "Profit after tax corporate income": 354916,
        "Volume": 46790874,
        "Close of Quarter": 144.8,
        "EPS": 13591.7,
        "Non-adjusted EPS": 22362,
        "PE": 6.5,
        "Book Price": 45.9
      }
    },
    {
      "quarter": "Q1 2016",
      "income status": {
        "Net sales": 3142215,
        "Cost of goods sold": 2822528,
        "Gross Profit": 319687,
        "Financial expenses": 36,
        "Of which: Interest expense": "N/A",
        "Cost of sales": 1103,
        "Enterprise cost management": 79019,
        "Total Operating Expenses": 80158,
        "Total revenue financing activities": 30276,
        "Net profit from business activities": 274412,
        "Profit": 15569,
        "Profit before tax": 289982,
        "Present corporate income tax expenses": 50965,
        "Deferred income taxes expenses": -1521,
        "The interests of minority shareholders": "N/A",
        "Total Cost of profits": 49444,
        "Profit after tax corporate income": 240538,
        "Volume": 43186344,
        "Close of Quarter": 136.6,
        "EPS": 10819.1,
        "Non-adjusted EPS": 19286,
        "PE": 7.1,
        "Book Price": 45.3
      }
    },
    {
      "quarter": "Q4 2015",
      "income status": {
        "Net sales": 5475900,
        "Cost of goods sold": 4989940,
        "Gross Profit": 485961,
        "Financial expenses": 339,
        "Of which: Interest expense": "N/A",
        "Cost of sales": 213125,
        "Enterprise cost management": "N/A",
        "Total Operating Expenses": 213464,
        "Total revenue financing activities": 52312,
        "Net profit from business activities": 331763,
        "Profit": 15791,
        "Profit before tax": 347555,
        "Present corporate income tax expenses": 63187,
        "Deferred income taxes expenses": 656,
        "The interests of minority shareholders": 31445,
        "Total Cost of profits": 95288,
        "Profit after tax corporate income": 252267,
        "Volume": 43186344,
        "Close of Quarter": 111.2,
        "EPS": 8652.0,
        "Non-adjusted EPS": 15423,
        "PE": 7.2,
        "Book Price": 42.1
      }
    },
    {
      "quarter": "Q3 2015",
      "income status": {
        "Net sales": 3818960,
        "Cost of goods sold": 3529292,
        "Gross Profit": 289667,
        "Financial expenses": 624,
        "Of which: Interest expense": "N/A",
        "Cost of sales": "N/A",
        "Enterprise cost management": 46650,
        "Total Operating Expenses": 47274,
        "Total revenue financing activities": 24981,
        "Net profit from business activities": 270815,
        "Profit": 5726,
        "Profit before tax": 276541,
        "Present corporate income tax expenses": 66936,
        "Deferred income taxes expenses": -636,
        "The interests of minority shareholders": 11624,
        "Total Cost of profits": 77924,
        "Profit after tax corporate income": 198617,
        "Volume": 43186344,
        "Close of Quarter": 71.6,
        "EPS": 6578.1,
        "Non-adjusted EPS": 11726,
        "PE": 6.1,
        "Book Price": 38.4
      }
    },
    {
      "quarter": "Q2 2015",
      "income status": {
        "Net sales": 2777244,
        "Cost of goods sold": 2565021,
        "Gross Profit": 212223,
        "Financial expenses": 622,
        "Of which: Interest expense": "N/A",
        "Cost of sales": "N/A",
        "Enterprise cost management": 46463,
        "Total Operating Expenses": 47085,
        "Total revenue financing activities": 24346,
        "Net profit from business activities": 192053,
        "Profit": 11430,
        "Profit before tax": 203483,
        "Present corporate income tax expenses": 45047,
        "Deferred income taxes expenses": -569,
        "The interests of minority shareholders": 17523,
        "Total Cost of profits": 62001,
        "Profit after tax corporate income": 141482,
        "Volume": 42133344,
        "Close of Quarter": 55.6,
        "EPS": 5156.2,
        "Non-adjusted EPS": 9421,
        "PE": 5.9,
        "Book Price": 35.1
      }
    },
    {
      "quarter": "Q1 2015",
      "income status": {
        "Net sales": 1596812,
        "Cost of goods sold": 1472828,
        "Gross Profit": 123985,
        "Financial expenses": 5,
        "Of which: Interest expense": "N/A",
        "Cost of sales": "N/A",
        "Enterprise cost management": 56579,
        "Total Operating Expenses": 56584,
        "Total revenue financing activities": 24465,
        "Net profit from business activities": 92762,
        "Profit": 6327,
        "Profit before tax": 99089,
        "Present corporate income tax expenses": 19228,
        "Deferred income taxes expenses": 15,
        "The interests of minority shareholders": 6131,
        "Total Cost of profits": 25374,
        "Profit after tax corporate income": 73714,
        "Volume": 42133344,
        "Close of Quarter": 48.0,
        "EPS": 4373.0,
        "Non-adjusted EPS": 7990,
        "PE": 6,
        "Book Price": 36.1
      }
    },
    {
      "quarter": "Q4 2014",
      "income status": {
        "Net sales": 2640562,
        "Cost of goods sold": 2459508,
        "Gross Profit": 181054,
        "Financial expenses": 39,
        "Of which: Interest expense": "N/A",
        "Cost of sales": "N/A",
        "Enterprise cost management": 78087,
        "Total Operating Expenses": 78126,
        "Total revenue financing activities": 35356,
        "Net profit from business activities": 142071,
        "Profit": -7737,
        "Profit before tax": 134334,
        "Present corporate income tax expenses": 32456,
        "Deferred income taxes expenses": 883,
        "The interests of minority shareholders": 8420,
        "Total Cost of profits": 41759,
        "Profit after tax corporate income": 92574,
        "Volume": 42133344,
        "Close of Quarter": 38.8,
        "EPS": 4248.2,
        "Non-adjusted EPS": 7762,
        "PE": 5.0,
        "Book Price": 35.2
      }
    },
    {
      "quarter": "Q3 2014",
      "income status": {
        "Net sales": 2144060,
        "Cost of goods sold": 1993285,
        "Gross Profit": 150775,
        "Financial expenses": 337,
        "Of which: Interest expense": "N/A",
        "Cost of sales": "N/A",
        "Enterprise cost management": 55909,
        "Total Operating Expenses": 56246,
        "Total revenue financing activities": 26713,
        "Net profit from business activities": 122523,
        "Profit": 7824,
        "Profit before tax": 130347,
        "Present corporate income tax expenses": 29323,
        "Deferred income taxes expenses": 220,
        "The interests of minority shareholders": 11637,
        "Total Cost of profits": 41180,
        "Profit after tax corporate income": 89167,
        "Volume": 42133344,
        "Close of Quarter": 44.9,
        "EPS": 3964.1,
        "Non-adjusted EPS": 7243,
        "PE": 6.2,
        "Book Price": 33.9
      }
    },
    {
      "quarter": "Q2 2014",
      "income status": {
        "Net sales": 1622409,
        "Cost of goods sold": 1501700,
        "Gross Profit": 120709,
        "Financial expenses": -41,
        "Of which: Interest expense": "N/A",
        "Cost of sales": "N/A",
        "Enterprise cost management": 39437,
        "Total Operating Expenses": 39396,
        "Total revenue financing activities": 27705,
        "Net profit from business activities": 108635,
        "Profit": 4188,
        "Profit before tax": 112822,
        "Present corporate income tax expenses": 24628,
        "Deferred income taxes expenses": 677,
        "The interests of minority shareholders": 6335,
        "Total Cost of profits": 31640,
        "Profit after tax corporate income": 81181,
        "Volume": 42133344,
        "Close of Quarter": 41.8,
        "EPS": 3647.8,
        "Non-adjusted EPS": 6665,
        "PE": 6.3,
        "Book Price": 32.6
      }
    },
    {
      "quarter": "Q1 2014",
      "income status": {
        "Net sales": 1226591,
        "Cost of goods sold": 1123209,
        "Gross Profit": 103382,
        "Financial expenses": 39,
        "Of which: Interest expense": "N/A",
        "Cost of sales": "N/A",
        "Enterprise cost management": 58830,
        "Total Operating Expenses": 58869,
        "Total revenue financing activities": 28990,
        "Net profit from business activities": 76788,
        "Profit": 9721,
        "Profit before tax": 86509,
        "Present corporate income tax expenses": 18143,
        "Deferred income taxes expenses": 514,
        "The interests of minority shareholders": 3720,
        "Total Cost of profits": 22377,
        "Profit after tax corporate income": 64132,
        "Volume": 42133344,
        "Close of Quarter": 42.2,
        "EPS": 3609.5,
        "Non-adjusted EPS": 6595,
        "PE": 6.4,
        "Book Price": 32.2
      }
    },
    {
      "quarter": "Q4 2013",
      "income status": {
        "Net sales": 2427335,
        "Cost of goods sold": 2259964,
        "Gross Profit": 167371,
        "Financial expenses": -528,
        "Of which: Interest expense": "N/A",
        "Cost of sales": "N/A",
        "Enterprise cost management": 106041,
        "Total Operating Expenses": 105513,
        "Total revenue financing activities": 39014,
        "Net profit from business activities": 100872,
        "Profit": 4797,
        "Profit before tax": 107082,
        "Present corporate income tax expenses": 27169,
        "Deferred income taxes expenses": -717,
        "The interests of minority shareholders": 9937,
        "Total Cost of profits": 36389,
        "Profit after tax corporate income": 70692,
        "Volume": 42133344,
        "Close of Quarter": 33.3,
        "EPS": 3358.8,
        "Non-adjusted EPS": 6137,
        "PE": 5.4,
        "Book Price": 29.9
      }
    },
    {
      "quarter": "Q3 2013",
      "income status": {
        "Net sales": 1503269,
        "Cost of goods sold": 1388797,
        "Gross Profit": 114472,
        "Financial expenses": -48,
        "Of which: Interest expense": "N/A",
        "Cost of sales": "N/A",
        "Enterprise cost management": 45770,
        "Total Operating Expenses": 45722,
        "Total revenue financing activities": 28460,
        "Net profit from business activities": 97210,
        "Profit": 3904,
        "Profit before tax": 102682,
        "Present corporate income tax expenses": 29115,
        "Deferred income taxes expenses": 724,
        "The interests of minority shareholders": 8048,
        "Total Cost of profits": 37887,
        "Profit after tax corporate income": 64795,
        "Volume": 42133344,
        "Close of Quarter": 24.7,
        "EPS": 3293.1,
        "Non-adjusted EPS": 6017,
        "PE": 4.1,
        "Book Price": 29.0
      }
    },
    {
      "quarter": "Q2 2013",
      "income status": {
        "Net sales": 1289765,
        "Cost of goods sold": 1178934,
        "Gross Profit": 110831,
        "Financial expenses": 291,
        "Of which: Interest expense": "N/A",
        "Cost of sales": "N/A",
        "Enterprise cost management": 27650,
        "Total Operating Expenses": 27941,
        "Total revenue financing activities": 27197,
        "Net profit from business activities": 110087,
        "Profit": 5784,
        "Profit before tax": 122415,
        "Present corporate income tax expenses": 38309,
        "Deferred income taxes expenses": -341,
        "The interests of minority shareholders": 6178,
        "Total Cost of profits": 44146,
        "Profit after tax corporate income": 78269,
        "Volume": 42133344,
        "Close of Quarter": 24.3,
        "EPS": 3108.1,
        "Non-adjusted EPS": 5679,
        "PE": 4.3,
        "Book Price": 28.2
      }
    },
    {
      "quarter": "Q1 2013",
      "income status": {
        "Net sales": 969283,
        "Cost of goods sold": 894364,
        "Gross Profit": 74919,
        "Financial expenses": -662,
        "Of which: Interest expense": "N/A",
        "Cost of sales": "N/A",
        "Enterprise cost management": 36998,
        "Total Operating Expenses": 36336,
        "Total revenue financing activities": 23629,
        "Net profit from business activities": 62211,
        "Profit": 2283,
        "Profit before tax": 64494,
        "Present corporate income tax expenses": 18307,
        "Deferred income taxes expenses": 1360,
        "The interests of minority shareholders": "N/A",
        "Total Cost of profits": 19667,
        "Profit after tax corporate income": 44827,
        "Volume": 42133344,
        "Close of Quarter": 23.7,
        "EPS": 2794.0,
        "Non-adjusted EPS": 5105,
        "PE": 4.7,
        "Book Price": 27.0
      }
    },
    {
      "quarter": "Q4 2012",
      "income status": {
        "Net sales": 1403515,
        "Cost of goods sold": 1295853,
        "Gross Profit": 107662,
        "Financial expenses": 232,
        "Of which: Interest expense": "N/A",
        "Cost of sales": "N/A",
        "Enterprise cost management": 60068,
        "Total Operating Expenses": 60300,
        "Total revenue financing activities": 42310,
        "Net profit from business activities": 89672,
        "Profit": 4243,
        "Profit before tax": 93916,
        "Present corporate income tax expenses": 29475,
        "Deferred income taxes expenses": -1178,
        "The interests of minority shareholders": "N/A",
        "Total Cost of profits": 28297,
        "Profit after tax corporate income": 65618,
        "Volume": 42133344,
        "Close of Quarter": 18.5,
        "EPS": 2841.6,
        "Non-adjusted EPS": 5192,
        "PE": 3.6,
        "Book Price": 27.0
      }
    },
    {
      "quarter": "Q3 2012",
      "income status": {
        "Net sales": 1129553,
        "Cost of goods sold": 1042046,
        "Gross Profit": 87507,
        "Financial expenses": -124,
        "Of which: Interest expense": "N/A",
        "Cost of sales": "N/A",
        "Enterprise cost management": 37349,
        "Total Operating Expenses": 37225,
        "Total revenue financing activities": 18115,
        "Net profit from business activities": 68398,
        "Profit": 2732,
        "Profit before tax": 71130,
        "Present corporate income tax expenses": 19428,
        "Deferred income taxes expenses": 1135,
        "The interests of minority shareholders": "N/A",
        "Total Cost of profits": 20563,
        "Profit after tax corporate income": 50567,
        "Volume": 42133344,
        "Close of Quarter": 18.7,
        "EPS": 2836.7,
        "Non-adjusted EPS": 5183,
        "PE": 3.6,
        "Book Price": 26.2
      }
    },
    {
      "quarter": "Q2 2012",
      "income status": {
        "Net sales": 983244,
        "Cost of goods sold": 909720,
        "Gross Profit": 73524,
        "Financial expenses": 312,
        "Of which: Interest expense": 444,
        "Cost of sales": "N/A",
        "Enterprise cost management": 29364,
        "Total Operating Expenses": 29676,
        "Total revenue financing activities": 24914,
        "Net profit from business activities": 68763,
        "Profit": 1219,
        "Profit before tax": 69982,
        "Present corporate income tax expenses": 18462,
        "Deferred income taxes expenses": -2569,
        "The interests of minority shareholders": "N/A",
        "Total Cost of profits": 15893,
        "Profit after tax corporate income": 54089,
        "Volume": 42133344,
        "Close of Quarter": 20.5,
        "EPS": 2752.4,
        "Non-adjusted EPS": 5029,
        "PE": 4.1,
        "Book Price": 25.5
      }
    },
    {
      "quarter": "Q1 2012",
      "income status": {
        "Net sales": 960965,
        "Cost of goods sold": 883051,
        "Gross Profit": 77914,
        "Financial expenses": -193,
        "Of which: Interest expense": "N/A",
        "Cost of sales": "N/A",
        "Enterprise cost management": 20014,
        "Total Operating Expenses": 19821,
        "Total revenue financing activities": 6762,
        "Net profit from business activities": 64855,
        "Profit": 130,
        "Profit before tax": 64984,
        "Present corporate income tax expenses": 16086,
        "Deferred income taxes expenses": 416,
        "The interests of minority shareholders": "N/A",
        "Total Cost of profits": 16502,
        "Profit after tax corporate income": 48482,
        "Volume": 31703344,
        "Close of Quarter": 22.3,
        "EPS": 2786.8,
        "Non-adjusted EPS": 6767,
        "PE": 3.3,
        "Book Price": 19.3
      }
    },
    {
      "quarter": "Q4 2011",
      "income status": {
        "Net sales": 1476403,
        "Cost of goods sold": 1365405,
        "Gross Profit": 110998,
        "Financial expenses": 2915,
        "Of which: Interest expense": "N/A",
        "Cost of sales": "N/A",
        "Enterprise cost management": 32619,
        "Total Operating Expenses": 35534,
        "Total revenue financing activities": 10023,
        "Net profit from business activities": 85487,
        "Profit": 932,
        "Profit before tax": 283708,
        "Present corporate income tax expenses": 21359,
        "Deferred income taxes expenses": -189,
        "The interests of minority shareholders": "N/A",
        "Total Cost of profits": 21170,
        "Profit after tax corporate income": 65249,
        "Volume": 31770000,
        "Close of Quarter": 17.7,
        "EPS": 2746.0,
        "Non-adjusted EPS": 6654,
        "PE": 2.7,
        "Book Price": 18.7
      }
    },
    {
      "quarter": "Q3 2011",
      "income status": {
        "Net sales": 1085268,
        "Cost of goods sold": 998185,
        "Gross Profit": 87084,
        "Financial expenses": 118,
        "Of which: Interest expense": "N/A",
        "Cost of sales": "N/A",
        "Enterprise cost management": 38425,
        "Total Operating Expenses": 38543,
        "Total revenue financing activities": 11083,
        "Net profit from business activities": 59623,
        "Profit": 823,
        "Profit before tax": 60446,
        "Present corporate income tax expenses": 15068,
        "Deferred income taxes expenses": 1324,
        "The interests of minority shareholders": "N/A",
        "Total Cost of profits": 16392,
        "Profit after tax corporate income": 44054,
        "Volume": 30750000,
        "Close of Quarter": 20.0,
        "EPS": 2565.6,
        "Non-adjusted EPS": 6423,
        "PE": 3.1,
        "Book Price": 17.9
      }
    },
    {
      "quarter": "Q2 2011",
      "income status": {
        "Net sales": 1085131,
        "Cost of goods sold": 1003875,
        "Gross Profit": 81255,
        "Financial expenses": 1332,
        "Of which: Interest expense": "N/A",
        "Cost of sales": "N/A",
        "Enterprise cost management": 21081,
        "Total Operating Expenses": 22413,
        "Total revenue financing activities": 15170,
        "Net profit from business activities": 74012,
        "Profit": 927,
        "Profit before tax": 74939,
        "Present corporate income tax expenses": 19461,
        "Deferred income taxes expenses": -1276,
        "The interests of minority shareholders": "N/A",
        "Total Cost of profits": 18185,
        "Profit after tax corporate income": 56754,
        "Volume": 30750000,
        "Close of Quarter": 23.6,
        "EPS": 3020.9,
        "Non-adjusted EPS": 7563,
        "PE": 3.1,
        "Book Price": 17.1
      }
    },
    {
      "quarter": "Q1 2011",
      "income status": {
        "Net sales": 862831,
        "Cost of goods sold": 795085,
        "Gross Profit": 67746,
        "Financial expenses": 4023,
        "Of which: Interest expense": "N/A",
        "Cost of sales": "N/A",
        "Enterprise cost management": 25596,
        "Total Operating Expenses": 29619,
        "Total revenue financing activities": 23298,
        "Net profit from business activities": 61425,
        "Profit": 479,
        "Profit before tax": 61904,
        "Present corporate income tax expenses": 15698,
        "Deferred income taxes expenses": 851,
        "The interests of minority shareholders": "N/A",
        "Total Cost of profits": 16549,
        "Profit after tax corporate income": 45355,
        "Volume": 30750000,
        "Close of Quarter": 29.0,
        "EPS": 3040.1,
        "Non-adjusted EPS": 7611,
        "PE": 3.8,
        "Book Price": 17.1
      }
    }
  ]
}