{
  "ticker": "TVN",
  "data": [
    {
      "quarter": "Q4 2016",
      "income status": {
        "Net sales": 4252594,
        "Cost of goods sold": 3951025,
        "Gross Profit": 301569,
        "Financial expenses": 58149,
        "Of which: Interest expense": 44509,
        "Cost of sales": 50339,
        "Enterprise cost management": 167044,
        "Total Operating Expenses": 275532,
        "Total revenue financing activities": 73286,
        "Net profit from business activities": 185972,
        "Profit": 18341,
        "Profit before tax": 204313,
        "Present corporate income tax expenses": 25600,
        "Deferred income taxes expenses": 95,
        "The interests of minority shareholders": 18578,
        "Total Cost of profits": 44273,
        "Profit after tax corporate income": 160040,
        "Volume": 678000000,
        "Close of Quarter": 7.3,
        "EPS": 1126,
        "Non-adjusted EPS": 1126,
        "PE": 6.5,
        "Book Price": 11.2
      }
    },
    {
      "quarter": "Q3 2016",
      "income status": {
        "Net sales": 4799603,
        "Cost of goods sold": 4456939,
        "Gross Profit": 342664,
        "Financial expenses": 79678,
        "Of which: Interest expense": 140603,
        "Cost of sales": 77933,
        "Enterprise cost management": 92096,
        "Total Operating Expenses": 249707,
        "Total revenue financing activities": 23541,
        "Net profit from business activities": 191694,
        "Profit": 9338,
        "Profit before tax": 201032,
        "Present corporate income tax expenses": 17167,
        "Deferred income taxes expenses": 348,
        "The interests of minority shareholders": 14085,
        "Total Cost of profits": 31600,
        "Profit after tax corporate income": 169432,
        "Volume": 678000000,
        "Close of Quarter": 5.6,
        "EPS": 760,
        "Non-adjusted EPS": 760,
        "PE": 7.4,
        "Book Price": 10.9
      }
    },
    {
      "quarter": "Q2 2016",
      "income status": {
        "Net sales": 4333133,
        "Cost of goods sold": 3811935,
        "Gross Profit": 521197,
        "Financial expenses": 63507,
        "Of which: Interest expense": 57709,
        "Cost of sales": 104271,
        "Enterprise cost management": 147369,
        "Total Operating Expenses": 315147,
        "Total revenue financing activities": 107573,
        "Net profit from business activities": 501144,
        "Profit": 16125,
        "Profit before tax": 517270,
        "Present corporate income tax expenses": 47097,
        "Deferred income taxes expenses": 2454,
        "The interests of minority shareholders": 29649,
        "Total Cost of profits": 79200,
        "Profit after tax corporate income": 438069,
        "Volume": 678000000,
        "Close of Quarter": 6.7,
        "EPS": 671,
        "Non-adjusted EPS": 671,
        "PE": 10.0,
        "Book Price": 10.5
      }
    },
    {
      "quarter": "Q1 2016",
      "income status": {
        "Net sales": 4330655,
        "Cost of goods sold": 3972012,
        "Gross Profit": 358644,
        "Financial expenses": 60349,
        "Of which: Interest expense": 55822,
        "Cost of sales": 100478,
        "Enterprise cost management": 89815,
        "Total Operating Expenses": 250642,
        "Total revenue financing activities": 80892,
        "Net profit from business activities": 38129,
        "Profit": -8172,
        "Profit before tax": 29957,
        "Present corporate income tax expenses": 19234,
        "Deferred income taxes expenses": -1039,
        "The interests of minority shareholders": 16214,
        "Total Cost of profits": 34409,
        "Profit after tax corporate income": -4452,
        "Volume": 678000000,
        "Close of Quarter": 10,
        "EPS": 345,
        "Non-adjusted EPS": 345,
        "PE": 29.0,
        "Book Price": 9.9
      }
    },
    {
      "quarter": "Q4 2015",
      "income status": {
        "Net sales": 3999848,
        "Cost of goods sold": 3770220,
        "Gross Profit": 229628,
        "Financial expenses": 102730,
        "Of which: Interest expense": 89678,
        "Cost of sales": 54398,
        "Enterprise cost management": 147560,
        "Total Operating Expenses": 304688,
        "Total revenue financing activities": 63103,
        "Net profit from business activities": -103668,
        "Profit": 41380,
        "Profit before tax": -62288,
        "Present corporate income tax expenses": 30369,
        "Deferred income taxes expenses": "N/A",
        "The interests of minority shareholders": -5078,
        "Total Cost of profits": 25291,
        "Profit after tax corporate income": -87579,
        "Volume": 678000000,
        "Close of Quarter": "N/A",
        "EPS": 198,
        "Non-adjusted EPS": 198,
        "PE": "N/A",
        "Book Price": 10
      }
    },
    {
      "quarter": "Q3 2015",
      "income status": {
        "Net sales": 4494502,
        "Cost of goods sold": 4159359,
        "Gross Profit": 335143,
        "Financial expenses": 85024,
        "Of which: Interest expense": 85024,
        "Cost of sales": 89805,
        "Enterprise cost management": 63111,
        "Total Operating Expenses": 237940,
        "Total revenue financing activities": 64926,
        "Net profit from business activities": 162930,
        "Profit": 21841,
        "Profit before tax": 184770,
        "Present corporate income tax expenses": 31191,
        "Deferred income taxes expenses": 315,
        "The interests of minority shareholders": 44104,
        "Total Cost of profits": 75610,
        "Profit after tax corporate income": 109160,
        "Volume": 678000000,
        "Close of Quarter": "N/A",
        "EPS": 327,
        "Non-adjusted EPS": 327,
        "PE": "N/A",
        "Book Price": 10
      }
    },
    {
      "quarter": "Q2 2015",
      "income status": {
        "Net sales": 5330347,
        "Cost of goods sold": 4941351,
        "Gross Profit": 388996,
        "Financial expenses": 92933,
        "Of which: Interest expense": 74475,
        "Cost of sales": 62154,
        "Enterprise cost management": 146628,
        "Total Operating Expenses": 301715,
        "Total revenue financing activities": 89475,
        "Net profit from business activities": 282030,
        "Profit": 1833,
        "Profit before tax": 283863,
        "Present corporate income tax expenses": 45821,
        "Deferred income taxes expenses": -321,
        "The interests of minority shareholders": 21674,
        "Total Cost of profits": 67174,
        "Profit after tax corporate income": 216689,
        "Volume": 678000000,
        "Close of Quarter": "N/A",
        "EPS": 166,
        "Non-adjusted EPS": 166,
        "PE": "N/A",
        "Book Price": 10
      }
    },
    {
      "quarter": "Q1 2015",
      "income status": {
        "Net sales": 4083434,
        "Cost of goods sold": 3830379,
        "Gross Profit": 253055,
        "Financial expenses": 43996,
        "Of which: Interest expense": 84339,
        "Cost of sales": 98921,
        "Enterprise cost management": 87850,
        "Total Operating Expenses": 230767,
        "Total revenue financing activities": 27850,
        "Net profit from business activities": -91946,
        "Profit": 5239,
        "Profit before tax": -86706,
        "Present corporate income tax expenses": 12305,
        "Deferred income taxes expenses": 144,
        "The interests of minority shareholders": 5136,
        "Total Cost of profits": 17585,
        "Profit after tax corporate income": -104291,
        "Volume": 678000000,
        "Close of Quarter": "N/A",
        "EPS": -154,
        "Non-adjusted EPS": -154,
        "PE": "N/A",
        "Book Price": 9.8
      }
    }
  ]
}