{
  "ticker": "BKC",
  "data": [
    {
      "quarter": "Q4 2016",
      "income status": {
        "Net sales": 56711,
        "Cost of goods sold": 47829,
        "Gross Profit": 8883,
        "Financial expenses": 3135,
        "Of which: Interest expense": 1283,
        "Cost of sales": "N/A",
        "Enterprise cost management": 2715,
        "Total Operating Expenses": 5850,
        "Total revenue financing activities": 14,
        "Net profit from business activities": 3047,
        "Profit": 1280,
        "Profit before tax": 4327,
        "Present corporate income tax expenses": 621,
        "Deferred income taxes expenses": "N/A",
        "The interests of minority shareholders": "N/A",
        "Total Cost of profits": 621,
        "Profit after tax corporate income": 3706,
        "Volume": 11541528,
        "Close of Quarter": 7.1,
        "EPS": 553,
        "Non-adjusted EPS": 553,
        "PE": 12.8,
        "Book Price": 13.5
      }
    },
    {
      "quarter": "Q3 2016",
      "income status": {
        "Net sales": 49741,
        "Cost of goods sold": 43475,
        "Gross Profit": 6266,
        "Financial expenses": 1332,
        "Of which: Interest expense": 1332,
        "Cost of sales": "N/A",
        "Enterprise cost management": 2664,
        "Total Operating Expenses": 3996,
        "Total revenue financing activities": 5,
        "Net profit from business activities": 2273,
        "Profit": 895,
        "Profit before tax": 3168,
        "Present corporate income tax expenses": 634,
        "Deferred income taxes expenses": "N/A",
        "The interests of minority shareholders": "N/A",
        "Total Cost of profits": 634,
        "Profit after tax corporate income": 2535,
        "Volume": 11541528,
        "Close of Quarter": 6,
        "EPS": 505,
        "Non-adjusted EPS": 505,
        "PE": 11.9,
        "Book Price": 13
      }
    },
    {
      "quarter": "Q2 2016",
      "income status": {
        "Net sales": 22995,
        "Cost of goods sold": 22077,
        "Gross Profit": 918,
        "Financial expenses": -841,
        "Of which: Interest expense": 1241,
        "Cost of sales": "N/A",
        "Enterprise cost management": 3036,
        "Total Operating Expenses": 2195,
        "Total revenue financing activities": 5,
        "Net profit from business activities": -1272,
        "Profit": 1390,
        "Profit before tax": 118,
        "Present corporate income tax expenses": 139,
        "Deferred income taxes expenses": "N/A",
        "The interests of minority shareholders": "N/A",
        "Total Cost of profits": 139,
        "Profit after tax corporate income": -21,
        "Volume": 11541528,
        "Close of Quarter": 9.9,
        "EPS": 613,
        "Non-adjusted EPS": 613,
        "PE": 16.2,
        "Book Price": 12.8
      }
    },
    {
      "quarter": "Q1 2016",
      "income status": {
        "Net sales": 24635,
        "Cost of goods sold": 20653,
        "Gross Profit": 3982,
        "Financial expenses": 1138,
        "Of which: Interest expense": 1138,
        "Cost of sales": "N/A",
        "Enterprise cost management": 2387,
        "Total Operating Expenses": 3525,
        "Total revenue financing activities": 4,
        "Net profit from business activities": 461,
        "Profit": -248,
        "Profit before tax": 213,
        "Present corporate income tax expenses": 47,
        "Deferred income taxes expenses": "N/A",
        "The interests of minority shareholders": "N/A",
        "Total Cost of profits": 47,
        "Profit after tax corporate income": 166,
        "Volume": 11541528,
        "Close of Quarter": 12.8,
        "EPS": 1042,
        "Non-adjusted EPS": 1042,
        "PE": 12.3,
        "Book Price": 12.8
      }
    },
    {
      "quarter": "Q4 2015",
      "income status": {
        "Net sales": 39432,
        "Cost of goods sold": 33710,
        "Gross Profit": 5722,
        "Financial expenses": -1022,
        "Of which: Interest expense": 1058,
        "Cost of sales": 2,
        "Enterprise cost management": 3327,
        "Total Operating Expenses": 2307,
        "Total revenue financing activities": 64,
        "Net profit from business activities": 3479,
        "Profit": 557,
        "Profit before tax": 4037,
        "Present corporate income tax expenses": 888,
        "Deferred income taxes expenses": "N/A",
        "The interests of minority shareholders": "N/A",
        "Total Cost of profits": 888,
        "Profit after tax corporate income": 3149,
        "Volume": 11541528,
        "Close of Quarter": 12.3,
        "EPS": 1689,
        "Non-adjusted EPS": 1689,
        "PE": 7.3,
        "Book Price": 12.8
      }
    },
    {
      "quarter": "Q3 2015",
      "income status": {
        "Net sales": 27913,
        "Cost of goods sold": 20087,
        "Gross Profit": 7826,
        "Financial expenses": 620,
        "Of which: Interest expense": 942,
        "Cost of sales": 6,
        "Enterprise cost management": 2845,
        "Total Operating Expenses": 3471,
        "Total revenue financing activities": 1,
        "Net profit from business activities": 4357,
        "Profit": 493,
        "Profit before tax": 4849,
        "Present corporate income tax expenses": 1067,
        "Deferred income taxes expenses": "N/A",
        "The interests of minority shareholders": "N/A",
        "Total Cost of profits": 1067,
        "Profit after tax corporate income": 3783,
        "Volume": 11541528,
        "Close of Quarter": 11.8,
        "EPS": 2138,
        "Non-adjusted EPS": 2138,
        "PE": 5.5,
        "Book Price": 12.5
      }
    },
    {
      "quarter": "Q2 2015",
      "income status": {
        "Net sales": 29886,
        "Cost of goods sold": 19226,
        "Gross Profit": 10660,
        "Financial expenses": 4190,
        "Of which: Interest expense": 935,
        "Cost of sales": 26,
        "Enterprise cost management": 2284,
        "Total Operating Expenses": 6500,
        "Total revenue financing activities": 13,
        "Net profit from business activities": 4174,
        "Profit": 761,
        "Profit before tax": 4934,
        "Present corporate income tax expenses": "N/A",
        "Deferred income taxes expenses": "N/A",
        "The interests of minority shareholders": "N/A",
        "Total Cost of profits": 0,
        "Profit after tax corporate income": 4934,
        "Volume": 11541528,
        "Close of Quarter": 14,
        "EPS": 2383,
        "Non-adjusted EPS": 2383,
        "PE": 5.9,
        "Book Price": 12.1
      }
    },
    {
      "quarter": "Q1 2015",
      "income status": {
        "Net sales": 29669,
        "Cost of goods sold": 21236,
        "Gross Profit": 8433,
        "Financial expenses": 847,
        "Of which: Interest expense": 847,
        "Cost of sales": 19,
        "Enterprise cost management": 1202,
        "Total Operating Expenses": 2068,
        "Total revenue financing activities": 476,
        "Net profit from business activities": 6841,
        "Profit": 791,
        "Profit before tax": 7632,
        "Present corporate income tax expenses": "N/A",
        "Deferred income taxes expenses": "N/A",
        "The interests of minority shareholders": "N/A",
        "Total Cost of profits": 0,
        "Profit after tax corporate income": 7632,
        "Volume": 11541528,
        "Close of Quarter": 14,
        "EPS": 1733,
        "Non-adjusted EPS": 1733,
        "PE": 8.1,
        "Book Price": 11.7
      }
    },
    {
      "quarter": "Q4 2014",
      "income status": {
        "Net sales": 47390,
        "Cost of goods sold": 31797,
        "Gross Profit": 15593,
        "Financial expenses": 2482,
        "Of which: Interest expense": 684,
        "Cost of sales": 120,
        "Enterprise cost management": 3050,
        "Total Operating Expenses": 5652,
        "Total revenue financing activities": 9,
        "Net profit from business activities": 9951,
        "Profit": 720,
        "Profit before tax": 10670,
        "Present corporate income tax expenses": 2347,
        "Deferred income taxes expenses": "N/A",
        "The interests of minority shareholders": "N/A",
        "Total Cost of profits": 2347,
        "Profit after tax corporate income": 8323,
        "Volume": 5838500,
        "Close of Quarter": 9.4,
        "EPS": 592.4,
        "Non-adjusted EPS": 1171,
        "PE": 8.0,
        "Book Price": 11.3
      }
    },
    {
      "quarter": "Q3 2014",
      "income status": {
        "Net sales": 23592,
        "Cost of goods sold": 12621,
        "Gross Profit": 10971,
        "Financial expenses": 302,
        "Of which: Interest expense": 302,
        "Cost of sales": "N/A",
        "Enterprise cost management": 2525,
        "Total Operating Expenses": 2827,
        "Total revenue financing activities": 4,
        "Net profit from business activities": 8148,
        "Profit": 329,
        "Profit before tax": 8478,
        "Present corporate income tax expenses": 1865,
        "Deferred income taxes expenses": "N/A",
        "The interests of minority shareholders": "N/A",
        "Total Cost of profits": 1865,
        "Profit after tax corporate income": 6613,
        "Volume": 5838500,
        "Close of Quarter": 11.5,
        "EPS": -706.2,
        "Non-adjusted EPS": -1396,
        "PE": -8.2,
        "Book Price": 5.4
      }
    },
    {
      "quarter": "Q2 2014",
      "income status": {
        "Net sales": 4207,
        "Cost of goods sold": 4463,
        "Gross Profit": -256,
        "Financial expenses": 603,
        "Of which: Interest expense": 603,
        "Cost of sales": 49,
        "Enterprise cost management": 2193,
        "Total Operating Expenses": 2845,
        "Total revenue financing activities": 1,
        "Net profit from business activities": -3100,
        "Profit": 537,
        "Profit before tax": -2563,
        "Present corporate income tax expenses": "N/A",
        "Deferred income taxes expenses": "N/A",
        "The interests of minority shareholders": "N/A",
        "Total Cost of profits": 0,
        "Profit after tax corporate income": -2563,
        "Volume": 5838500,
        "Close of Quarter": 9.5,
        "EPS": -1669.9,
        "Non-adjusted EPS": -3301,
        "PE": -2.9,
        "Book Price": 4.7
      }
    },
    {
      "quarter": "Q1 2014",
      "income status": {
        "Net sales": 87,
        "Cost of goods sold": 3440,
        "Gross Profit": -3353,
        "Financial expenses": 381,
        "Of which: Interest expense": 381,
        "Cost of sales": 65,
        "Enterprise cost management": 1798,
        "Total Operating Expenses": 2244,
        "Total revenue financing activities": 2,
        "Net profit from business activities": -5595,
        "Profit": 56,
        "Profit before tax": -5538,
        "Present corporate income tax expenses": "N/A",
        "Deferred income taxes expenses": "N/A",
        "The interests of minority shareholders": "N/A",
        "Total Cost of profits": 0,
        "Profit after tax corporate income": -5538,
        "Volume": 5838500,
        "Close of Quarter": 12.9,
        "EPS": -1905.6,
        "Non-adjusted EPS": -3767,
        "PE": -3.4,
        "Book Price": 4.9
      }
    },
    {
      "quarter": "Q4 2013",
      "income status": {
        "Net sales": 753,
        "Cost of goods sold": 4208,
        "Gross Profit": -3455,
        "Financial expenses": 1211,
        "Of which: Interest expense": 343,
        "Cost of sales": 244,
        "Enterprise cost management": 2473,
        "Total Operating Expenses": 3928,
        "Total revenue financing activities": 1025,
        "Net profit from business activities": -6358,
        "Profit": -303,
        "Profit before tax": -6661,
        "Present corporate income tax expenses": "N/A",
        "Deferred income taxes expenses": "N/A",
        "The interests of minority shareholders": "N/A",
        "Total Cost of profits": 0,
        "Profit after tax corporate income": -6661,
        "Volume": 5838500,
        "Close of Quarter": 13.5,
        "EPS": -1933.9,
        "Non-adjusted EPS": -3823,
        "PE": -3.5,
        "Book Price": 5.2
      }
    },
    {
      "quarter": "Q3 2013",
      "income status": {
        "Net sales": 699,
        "Cost of goods sold": 4180,
        "Gross Profit": -3481,
        "Financial expenses": 352,
        "Of which: Interest expense": 352,
        "Cost of sales": 19,
        "Enterprise cost management": 2032,
        "Total Operating Expenses": 2403,
        "Total revenue financing activities": 3,
        "Net profit from business activities": -5882,
        "Profit": 634,
        "Profit before tax": -5248,
        "Present corporate income tax expenses": "N/A",
        "Deferred income taxes expenses": "N/A",
        "The interests of minority shareholders": -739,
        "Total Cost of profits": -739,
        "Profit after tax corporate income": -4509,
        "Volume": 5838500,
        "Close of Quarter": 10.6,
        "EPS": -1842.9,
        "Non-adjusted EPS": -3643,
        "PE": -2.9,
        "Book Price": 5.7
      }
    },
    {
      "quarter": "Q2 2013",
      "income status": {
        "Net sales": 8542,
        "Cost of goods sold": 12294,
        "Gross Profit": -3752,
        "Financial expenses": 521,
        "Of which: Interest expense": 521,
        "Cost of sales": 16,
        "Enterprise cost management": 2567,
        "Total Operating Expenses": 3104,
        "Total revenue financing activities": 101,
        "Net profit from business activities": -6754,
        "Profit": 1411,
        "Profit before tax": -5343,
        "Present corporate income tax expenses": "N/A",
        "Deferred income taxes expenses": "N/A",
        "The interests of minority shareholders": -59,
        "Total Cost of profits": -59,
        "Profit after tax corporate income": -5284,
        "Volume": 5838500,
        "Close of Quarter": 13.6,
        "EPS": -1731.1,
        "Non-adjusted EPS": -3422,
        "PE": -4.0,
        "Book Price": 6.1
      }
    },
    {
      "quarter": "Q1 2013",
      "income status": {
        "Net sales": 4865,
        "Cost of goods sold": 8927,
        "Gross Profit": -4061,
        "Financial expenses": 221,
        "Of which: Interest expense": 221,
        "Cost of sales": 41,
        "Enterprise cost management": 1479,
        "Total Operating Expenses": 1741,
        "Total revenue financing activities": 3,
        "Net profit from business activities": -5800,
        "Profit": -65,
        "Profit before tax": -5866,
        "Present corporate income tax expenses": "N/A",
        "Deferred income taxes expenses": "N/A",
        "The interests of minority shareholders": "N/A",
        "Total Cost of profits": 0,
        "Profit after tax corporate income": -5866,
        "Volume": 5838500,
        "Close of Quarter": 12.5,
        "EPS": -1525.7,
        "Non-adjusted EPS": -3016,
        "PE": -4.1,
        "Book Price": 5.9
      }
    },
    {
      "quarter": "Q4 2012",
      "income status": {
        "Net sales": 16971,
        "Cost of goods sold": 20351,
        "Gross Profit": -3379,
        "Financial expenses": 731,
        "Of which: Interest expense": 358,
        "Cost of sales": 54,
        "Enterprise cost management": 1492,
        "Total Operating Expenses": 2277,
        "Total revenue financing activities": 2,
        "Net profit from business activities": -5653,
        "Profit": 45,
        "Profit before tax": -5608,
        "Present corporate income tax expenses": "N/A",
        "Deferred income taxes expenses": "N/A",
        "The interests of minority shareholders": "N/A",
        "Total Cost of profits": 0,
        "Profit after tax corporate income": -5608,
        "Volume": 5838500,
        "Close of Quarter": 7.8,
        "EPS": -1354.2,
        "Non-adjusted EPS": -2677,
        "PE": -2.9,
        "Book Price": 6.5
      }
    },
    {
      "quarter": "Q3 2012",
      "income status": {
        "Net sales": 15111,
        "Cost of goods sold": 15513,
        "Gross Profit": -402,
        "Financial expenses": 358,
        "Of which: Interest expense": 356,
        "Cost of sales": 57,
        "Enterprise cost management": 2399,
        "Total Operating Expenses": 2814,
        "Total revenue financing activities": 20,
        "Net profit from business activities": -3196,
        "Profit": -25,
        "Profit before tax": -3221,
        "Present corporate income tax expenses": "N/A",
        "Deferred income taxes expenses": "N/A",
        "The interests of minority shareholders": "N/A",
        "Total Cost of profits": 0,
        "Profit after tax corporate income": -3221,
        "Volume": 5838500,
        "Close of Quarter": 6.5,
        "EPS": -1020.8,
        "Non-adjusted EPS": -2018,
        "PE": -3.2,
        "Book Price": 7.0
      }
    },
    {
      "quarter": "Q2 2012",
      "income status": {
        "Net sales": 9980,
        "Cost of goods sold": 10782,
        "Gross Profit": -802,
        "Financial expenses": 668,
        "Of which: Interest expense": 309,
        "Cost of sales": 55,
        "Enterprise cost management": 1771,
        "Total Operating Expenses": 2494,
        "Total revenue financing activities": 274,
        "Net profit from business activities": -3022,
        "Profit": 108,
        "Profit before tax": -2914,
        "Present corporate income tax expenses": "N/A",
        "Deferred income taxes expenses": "N/A",
        "The interests of minority shareholders": "N/A",
        "Total Cost of profits": 0,
        "Profit after tax corporate income": -2914,
        "Volume": 5838500,
        "Close of Quarter": 11.4,
        "EPS": -698.6,
        "Non-adjusted EPS": -1381,
        "PE": -8.3,
        "Book Price": 7.2
      }
    },
    {
      "quarter": "Q1 2012",
      "income status": {
        "Net sales": 6433,
        "Cost of goods sold": 7716,
        "Gross Profit": -1284,
        "Financial expenses": 169,
        "Of which: Interest expense": 169,
        "Cost of sales": 8,
        "Enterprise cost management": 1996,
        "Total Operating Expenses": 2173,
        "Total revenue financing activities": 15,
        "Net profit from business activities": -3442,
        "Profit": -442,
        "Profit before tax": -3884,
        "Present corporate income tax expenses": "N/A",
        "Deferred income taxes expenses": "N/A",
        "The interests of minority shareholders": "N/A",
        "Total Cost of profits": 0,
        "Profit after tax corporate income": -3884,
        "Volume": 5838500,
        "Close of Quarter": 10.5,
        "EPS": 15.2,
        "Non-adjusted EPS": 30,
        "PE": 350,
        "Book Price": 7.5
      }
    },
    {
      "quarter": "Q4 2011",
      "income status": {
        "Net sales": 13887,
        "Cost of goods sold": 10518,
        "Gross Profit": 3369,
        "Financial expenses": 2645,
        "Of which: Interest expense": 18,
        "Cost of sales": 16,
        "Enterprise cost management": 1805,
        "Total Operating Expenses": 4466,
        "Total revenue financing activities": 6,
        "Net profit from business activities": -1090,
        "Profit": -676,
        "Profit before tax": 9270,
        "Present corporate income tax expenses": "N/A",
        "Deferred income taxes expenses": "N/A",
        "The interests of minority shareholders": "N/A",
        "Total Cost of profits": 0,
        "Profit after tax corporate income": -1766,
        "Volume": 5838500,
        "Close of Quarter": 7.1,
        "EPS": 706.2,
        "Non-adjusted EPS": 1396,
        "PE": 5.1,
        "Book Price": 7.9
      }
    },
    {
      "quarter": "Q3 2011",
      "income status": {
        "Net sales": 9996,
        "Cost of goods sold": 7262,
        "Gross Profit": 2733,
        "Financial expenses": "N/A",
        "Of which: Interest expense": "N/A",
        "Cost of sales": 48,
        "Enterprise cost management": 2061,
        "Total Operating Expenses": 2109,
        "Total revenue financing activities": 196,
        "Net profit from business activities": 820,
        "Profit": -252,
        "Profit before tax": 568,
        "Present corporate income tax expenses": 67,
        "Deferred income taxes expenses": "N/A",
        "The interests of minority shareholders": "N/A",
        "Total Cost of profits": 67,
        "Profit after tax corporate income": 501,
        "Volume": 5838500,
        "Close of Quarter": 11.7,
        "EPS": 1329.9,
        "Non-adjusted EPS": 2629,
        "PE": 4.5,
        "Book Price": 8.0
      }
    },
    {
      "quarter": "Q2 2011",
      "income status": {
        "Net sales": 23052,
        "Cost of goods sold": 15775,
        "Gross Profit": 7277,
        "Financial expenses": "N/A",
        "Of which: Interest expense": "N/A",
        "Cost of sales": 170,
        "Enterprise cost management": 1746,
        "Total Operating Expenses": 1916,
        "Total revenue financing activities": 615,
        "Net profit from business activities": 5976,
        "Profit": -53,
        "Profit before tax": 5922,
        "Present corporate income tax expenses": 596,
        "Deferred income taxes expenses": "N/A",
        "The interests of minority shareholders": "N/A",
        "Total Cost of profits": 596,
        "Profit after tax corporate income": 5326,
        "Volume": 5838500,
        "Close of Quarter": 10.8,
        "EPS": 1378.5,
        "Non-adjusted EPS": 2725,
        "PE": 4.0,
        "Book Price": 8.1
      }
    },
    {
      "quarter": "Q1 2011",
      "income status": {
        "Net sales": 24470,
        "Cost of goods sold": 18573,
        "Gross Profit": 5897,
        "Financial expenses": "N/A",
        "Of which: Interest expense": "N/A",
        "Cost of sales": 102,
        "Enterprise cost management": 1602,
        "Total Operating Expenses": 1704,
        "Total revenue financing activities": 356,
        "Net profit from business activities": 4550,
        "Profit": -5,
        "Profit before tax": 4545,
        "Present corporate income tax expenses": 457,
        "Deferred income taxes expenses": "N/A",
        "The interests of minority shareholders": "N/A",
        "Total Cost of profits": 457,
        "Profit after tax corporate income": 4087,
        "Volume": 5838500,
        "Close of Quarter": 12.7,
        "EPS": 1170.1,
        "Non-adjusted EPS": 2313,
        "PE": 5.5,
        "Book Price": 8.8
      }
    }
  ]
}