{
  "ticker": "VTV",
  "data": [
    {
      "quarter": "Q4 2016",
      "income status": {
        "Net sales": 845930,
        "Cost of goods sold": 743685,
        "Gross Profit": 102244,
        "Financial expenses": 8276,
        "Of which: Interest expense": 8237,
        "Cost of sales": 55375,
        "Enterprise cost management": 22882,
        "Total Operating Expenses": 86533,
        "Total revenue financing activities": 151,
        "Net profit from business activities": 15862,
        "Profit": 873,
        "Profit before tax": 16735,
        "Present corporate income tax expenses": 3444,
        "Deferred income taxes expenses": -92,
        "The interests of minority shareholders": "N/A",
        "Total Cost of profits": 3352,
        "Profit after tax corporate income": 13383,
        "Volume": 31199825,
        "Close of Quarter": 19.7,
        "EPS": 1846,
        "Non-adjusted EPS": 1846,
        "PE": 10.7,
        "Book Price": 13.8
      }
    },
    {
      "quarter": "Q3 2016",
      "income status": {
        "Net sales": 975383,
        "Cost of goods sold": 874374,
        "Gross Profit": 101009,
        "Financial expenses": 13941,
        "Of which: Interest expense": 13940,
        "Cost of sales": 63564,
        "Enterprise cost management": 9547,
        "Total Operating Expenses": 87052,
        "Total revenue financing activities": 122,
        "Net profit from business activities": 14079,
        "Profit": 1043,
        "Profit before tax": 15122,
        "Present corporate income tax expenses": 3191,
        "Deferred income taxes expenses": -167,
        "The interests of minority shareholders": "N/A",
        "Total Cost of profits": 3024,
        "Profit after tax corporate income": 12098,
        "Volume": 31199825,
        "Close of Quarter": 19.2,
        "EPS": 1712,
        "Non-adjusted EPS": 1712,
        "PE": 11.2,
        "Book Price": 14.1
      }
    },
    {
      "quarter": "Q2 2016",
      "income status": {
        "Net sales": 716468,
        "Cost of goods sold": 643244,
        "Gross Profit": 73224,
        "Financial expenses": -755,
        "Of which: Interest expense": 7179,
        "Cost of sales": 41890,
        "Enterprise cost management": 8869,
        "Total Operating Expenses": 50004,
        "Total revenue financing activities": 123,
        "Net profit from business activities": 23344,
        "Profit": 1613,
        "Profit before tax": 24957,
        "Present corporate income tax expenses": 5229,
        "Deferred income taxes expenses": -233,
        "The interests of minority shareholders": "N/A",
        "Total Cost of profits": 4996,
        "Profit after tax corporate income": 19961,
        "Volume": 31199825,
        "Close of Quarter": 20.2,
        "EPS": 1494,
        "Non-adjusted EPS": 1494,
        "PE": 13.6,
        "Book Price": 13.7
      }
    },
    {
      "quarter": "Q1 2016",
      "income status": {
        "Net sales": 723281,
        "Cost of goods sold": 653739,
        "Gross Profit": 69541,
        "Financial expenses": 5895,
        "Of which: Interest expense": 5758,
        "Cost of sales": 44468,
        "Enterprise cost management": 4944,
        "Total Operating Expenses": 55307,
        "Total revenue financing activities": 158,
        "Net profit from business activities": 14392,
        "Profit": 782,
        "Profit before tax": 15174,
        "Present corporate income tax expenses": 3160,
        "Deferred income taxes expenses": -125,
        "The interests of minority shareholders": "N/A",
        "Total Cost of profits": 3035,
        "Profit after tax corporate income": 12139,
        "Volume": 31199825,
        "Close of Quarter": 15.1,
        "EPS": 1356,
        "Non-adjusted EPS": 1356,
        "PE": 11.2,
        "Book Price": 13.7
      }
    },
    {
      "quarter": "Q4 2015",
      "income status": {
        "Net sales": 725643,
        "Cost of goods sold": 637109,
        "Gross Profit": 88534,
        "Financial expenses": -548,
        "Of which: Interest expense": -868,
        "Cost of sales": 69838,
        "Enterprise cost management": 9260,
        "Total Operating Expenses": 78550,
        "Total revenue financing activities": 632,
        "Net profit from business activities": 10617,
        "Profit": 1265,
        "Profit before tax": 11882,
        "Present corporate income tax expenses": 2922,
        "Deferred income taxes expenses": -262,
        "The interests of minority shareholders": "N/A",
        "Total Cost of profits": 2660,
        "Profit after tax corporate income": 9222,
        "Volume": 31199825,
        "Close of Quarter": 13.5,
        "EPS": 1330,
        "Non-adjusted EPS": 1330,
        "PE": 10.2,
        "Book Price": 13.3
      }
    },
    {
      "quarter": "Q3 2015",
      "income status": {
        "Net sales": 763660,
        "Cost of goods sold": 684065,
        "Gross Profit": 79594,
        "Financial expenses": 4736,
        "Of which: Interest expense": 4716,
        "Cost of sales": 63704,
        "Enterprise cost management": 5398,
        "Total Operating Expenses": 73838,
        "Total revenue financing activities": 460,
        "Net profit from business activities": 6216,
        "Profit": 556,
        "Profit before tax": 6772,
        "Present corporate income tax expenses": 1490,
        "Deferred income taxes expenses": "N/A",
        "The interests of minority shareholders": "N/A",
        "Total Cost of profits": 1490,
        "Profit after tax corporate income": 5282,
        "Volume": 23399946,
        "Close of Quarter": 13.6,
        "EPS": 1429.5,
        "Non-adjusted EPS": 1906,
        "PE": 7.1,
        "Book Price": 13.4
      }
    },
    {
      "quarter": "Q2 2015",
      "income status": {
        "Net sales": 787124,
        "Cost of goods sold": 699004,
        "Gross Profit": 88119,
        "Financial expenses": 6496,
        "Of which: Interest expense": 6432,
        "Cost of sales": 54921,
        "Enterprise cost management": 7187,
        "Total Operating Expenses": 68604,
        "Total revenue financing activities": 559,
        "Net profit from business activities": 20074,
        "Profit": 30,
        "Profit before tax": 20104,
        "Present corporate income tax expenses": 4436,
        "Deferred income taxes expenses": "N/A",
        "The interests of minority shareholders": "N/A",
        "Total Cost of profits": 4436,
        "Profit after tax corporate income": 15668,
        "Volume": 23399946,
        "Close of Quarter": 10.2,
        "EPS": 1516.5,
        "Non-adjusted EPS": 2022,
        "PE": 5.0,
        "Book Price": 13.2
      }
    },
    {
      "quarter": "Q1 2015",
      "income status": {
        "Net sales": 875428,
        "Cost of goods sold": 786294,
        "Gross Profit": 89133,
        "Financial expenses": 5480,
        "Of which: Interest expense": 5479,
        "Cost of sales": 63682,
        "Enterprise cost management": 7399,
        "Total Operating Expenses": 76561,
        "Total revenue financing activities": 386,
        "Net profit from business activities": 12958,
        "Profit": 1564,
        "Profit before tax": 14522,
        "Present corporate income tax expenses": 3195,
        "Deferred income taxes expenses": "N/A",
        "The interests of minority shareholders": "N/A",
        "Total Cost of profits": 3195,
        "Profit after tax corporate income": 11328,
        "Volume": 15600000,
        "Close of Quarter": 10.9,
        "EPS": 1264.5,
        "Non-adjusted EPS": 2529,
        "PE": 4.3,
        "Book Price": 13.3
      }
    },
    {
      "quarter": "Q4 2014",
      "income status": {
        "Net sales": 894974,
        "Cost of goods sold": 798172,
        "Gross Profit": 96802,
        "Financial expenses": 9071,
        "Of which: Interest expense": 9035,
        "Cost of sales": 60868,
        "Enterprise cost management": 14898,
        "Total Operating Expenses": 84837,
        "Total revenue financing activities": 627,
        "Net profit from business activities": 12593,
        "Profit": 3268,
        "Profit before tax": 15861,
        "Present corporate income tax expenses": 3530,
        "Deferred income taxes expenses": "N/A",
        "The interests of minority shareholders": "N/A",
        "Total Cost of profits": 3530,
        "Profit after tax corporate income": 12331,
        "Volume": 15600000,
        "Close of Quarter": 10.3,
        "EPS": 1104.5,
        "Non-adjusted EPS": 2209,
        "PE": 4.6,
        "Book Price": 12.8
      }
    },
    {
      "quarter": "Q3 2014",
      "income status": {
        "Net sales": 894855,
        "Cost of goods sold": 804630,
        "Gross Profit": 90225,
        "Financial expenses": 7102,
        "Of which: Interest expense": 6914,
        "Cost of sales": 67222,
        "Enterprise cost management": 6436,
        "Total Operating Expenses": 80760,
        "Total revenue financing activities": 397,
        "Net profit from business activities": 9861,
        "Profit": 377,
        "Profit before tax": 10239,
        "Present corporate income tax expenses": 2253,
        "Deferred income taxes expenses": "N/A",
        "The interests of minority shareholders": "N/A",
        "Total Cost of profits": 2253,
        "Profit after tax corporate income": 7986,
        "Volume": 15600000,
        "Close of Quarter": 7.4,
        "EPS": 906.5,
        "Non-adjusted EPS": 1813,
        "PE": 4.1,
        "Book Price": 12.4
      }
    },
    {
      "quarter": "Q2 2014",
      "income status": {
        "Net sales": 930414,
        "Cost of goods sold": 833344,
        "Gross Profit": 97070,
        "Financial expenses": 10846,
        "Of which: Interest expense": 10846,
        "Cost of sales": 69690,
        "Enterprise cost management": 8743,
        "Total Operating Expenses": 89279,
        "Total revenue financing activities": 1362,
        "Net profit from business activities": 9154,
        "Profit": 889,
        "Profit before tax": 10043,
        "Present corporate income tax expenses": 2241,
        "Deferred income taxes expenses": "N/A",
        "The interests of minority shareholders": "N/A",
        "Total Cost of profits": 2241,
        "Profit after tax corporate income": 7801,
        "Volume": 15600000,
        "Close of Quarter": 5.6,
        "EPS": 814.5,
        "Non-adjusted EPS": 1629,
        "PE": 3.5,
        "Book Price": 12.3
      }
    },
    {
      "quarter": "Q1 2014",
      "income status": {
        "Net sales": 691163,
        "Cost of goods sold": 611439,
        "Gross Profit": 79725,
        "Financial expenses": 5166,
        "Of which: Interest expense": 5162,
        "Cost of sales": 63265,
        "Enterprise cost management": 4818,
        "Total Operating Expenses": 73249,
        "Total revenue financing activities": 734,
        "Net profit from business activities": 7211,
        "Profit": 913,
        "Profit before tax": 8124,
        "Present corporate income tax expenses": 1787,
        "Deferred income taxes expenses": "N/A",
        "The interests of minority shareholders": "N/A",
        "Total Cost of profits": 1787,
        "Profit after tax corporate income": 6336,
        "Volume": 15600000,
        "Close of Quarter": 6.9,
        "EPS": 814.5,
        "Non-adjusted EPS": 1629,
        "PE": 4.3,
        "Book Price": 12.7
      }
    },
    {
      "quarter": "Q4 2013",
      "income status": {
        "Net sales": 803958,
        "Cost of goods sold": 719973,
        "Gross Profit": 83986,
        "Financial expenses": 6090,
        "Of which: Interest expense": 604,
        "Cost of sales": 64816,
        "Enterprise cost management": 8602,
        "Total Operating Expenses": 79508,
        "Total revenue financing activities": 1772,
        "Net profit from business activities": 6250,
        "Profit": 1970,
        "Profit before tax": 8220,
        "Present corporate income tax expenses": 2055,
        "Deferred income taxes expenses": "N/A",
        "The interests of minority shareholders": "N/A",
        "Total Cost of profits": 2055,
        "Profit after tax corporate income": 6165,
        "Volume": 15600000,
        "Close of Quarter": 4.4,
        "EPS": 794.5,
        "Non-adjusted EPS": 1589,
        "PE": 2.8,
        "Book Price": 12.5
      }
    },
    {
      "quarter": "Q3 2013",
      "income status": {
        "Net sales": 730664,
        "Cost of goods sold": 638834,
        "Gross Profit": 91830,
        "Financial expenses": 7546,
        "Of which: Interest expense": 7408,
        "Cost of sales": 74989,
        "Enterprise cost management": 6203,
        "Total Operating Expenses": 88738,
        "Total revenue financing activities": 1161,
        "Net profit from business activities": 4253,
        "Profit": 2551,
        "Profit before tax": 6804,
        "Present corporate income tax expenses": 1701,
        "Deferred income taxes expenses": "N/A",
        "The interests of minority shareholders": "N/A",
        "Total Cost of profits": 1701,
        "Profit after tax corporate income": 5103,
        "Volume": 15600000,
        "Close of Quarter": 3.1,
        "EPS": 582,
        "Non-adjusted EPS": 1164,
        "PE": 2.6,
        "Book Price": 12.3
      }
    },
    {
      "quarter": "Q2 2013",
      "income status": {
        "Net sales": 863797,
        "Cost of goods sold": 774349,
        "Gross Profit": 89448,
        "Financial expenses": 8915,
        "Of which: Interest expense": 8340,
        "Cost of sales": 64234,
        "Enterprise cost management": 8715,
        "Total Operating Expenses": 81864,
        "Total revenue financing activities": 2167,
        "Net profit from business activities": 9751,
        "Profit": 660,
        "Profit before tax": 10411,
        "Present corporate income tax expenses": 2603,
        "Deferred income taxes expenses": "N/A",
        "The interests of minority shareholders": "N/A",
        "Total Cost of profits": 2603,
        "Profit after tax corporate income": 7808,
        "Volume": 15600000,
        "Close of Quarter": 3.1,
        "EPS": 666.5,
        "Non-adjusted EPS": 1333,
        "PE": 2.3,
        "Book Price": 12.1
      }
    },
    {
      "quarter": "Q1 2013",
      "income status": {
        "Net sales": 936233,
        "Cost of goods sold": 839736,
        "Gross Profit": 96497,
        "Financial expenses": 8135,
        "Of which: Interest expense": 8134,
        "Cost of sales": 79069,
        "Enterprise cost management": 5798,
        "Total Operating Expenses": 93002,
        "Total revenue financing activities": 1710,
        "Net profit from business activities": 5205,
        "Profit": 2402,
        "Profit before tax": 7608,
        "Present corporate income tax expenses": 1902,
        "Deferred income taxes expenses": "N/A",
        "The interests of minority shareholders": "N/A",
        "Total Cost of profits": 1902,
        "Profit after tax corporate income": 5706,
        "Volume": 15600000,
        "Close of Quarter": 2.9,
        "EPS": 665.5,
        "Non-adjusted EPS": 1331,
        "PE": 2.2,
        "Book Price": 11.8
      }
    },
    {
      "quarter": "Q4 2012",
      "income status": {
        "Net sales": 841774,
        "Cost of goods sold": 753442,
        "Gross Profit": 88332,
        "Financial expenses": 14495,
        "Of which: Interest expense": 14467,
        "Cost of sales": 62141,
        "Enterprise cost management": 11835,
        "Total Operating Expenses": 88471,
        "Total revenue financing activities": 2053,
        "Net profit from business activities": 1914,
        "Profit": 1315,
        "Profit before tax": 3229,
        "Present corporate income tax expenses": 3690,
        "Deferred income taxes expenses": "N/A",
        "The interests of minority shareholders": "N/A",
        "Total Cost of profits": 3690,
        "Profit after tax corporate income": -461,
        "Volume": 15600000,
        "Close of Quarter": 2.9,
        "EPS": 739,
        "Non-adjusted EPS": 1478,
        "PE": 2.0,
        "Book Price": 12.1
      }
    },
    {
      "quarter": "Q3 2012",
      "income status": {
        "Net sales": 831267,
        "Cost of goods sold": 735168,
        "Gross Profit": 96100,
        "Financial expenses": 6808,
        "Of which: Interest expense": 6805,
        "Cost of sales": 76980,
        "Enterprise cost management": 6750,
        "Total Operating Expenses": 90538,
        "Total revenue financing activities": 1791,
        "Net profit from business activities": 7352,
        "Profit": 1742,
        "Profit before tax": 9095,
        "Present corporate income tax expenses": 1355,
        "Deferred income taxes expenses": "N/A",
        "The interests of minority shareholders": "N/A",
        "Total Cost of profits": 1355,
        "Profit after tax corporate income": 7740,
        "Volume": 15600000,
        "Close of Quarter": 2.5,
        "EPS": 1050.0,
        "Non-adjusted EPS": 2100,
        "PE": 1.2,
        "Book Price": 12.1
      }
    },
    {
      "quarter": "Q2 2012",
      "income status": {
        "Net sales": 966566,
        "Cost of goods sold": 842465,
        "Gross Profit": 124100,
        "Financial expenses": 27420,
        "Of which: Interest expense": 27360,
        "Cost of sales": 82868,
        "Enterprise cost management": 7568,
        "Total Operating Expenses": 117856,
        "Total revenue financing activities": 1668,
        "Net profit from business activities": 7912,
        "Profit": 1137,
        "Profit before tax": 9049,
        "Present corporate income tax expenses": 1273,
        "Deferred income taxes expenses": "N/A",
        "The interests of minority shareholders": "N/A",
        "Total Cost of profits": 1273,
        "Profit after tax corporate income": 7776,
        "Volume": 15600000,
        "Close of Quarter": 3.1,
        "EPS": 1073.5,
        "Non-adjusted EPS": 2147,
        "PE": 1.4,
        "Book Price": 11.9
      }
    },
    {
      "quarter": "Q1 2012",
      "income status": {
        "Net sales": 839885,
        "Cost of goods sold": 724881,
        "Gross Profit": 115004,
        "Financial expenses": 21553,
        "Of which: Interest expense": 21535,
        "Cost of sales": 79481,
        "Enterprise cost management": 7362,
        "Total Operating Expenses": 108396,
        "Total revenue financing activities": 1188,
        "Net profit from business activities": 7795,
        "Profit": 1566,
        "Profit before tax": 9361,
        "Present corporate income tax expenses": 1366,
        "Deferred income taxes expenses": "N/A",
        "The interests of minority shareholders": "N/A",
        "Total Cost of profits": 1366,
        "Profit after tax corporate income": 7995,
        "Volume": 15600000,
        "Close of Quarter": 2.9,
        "EPS": 1200.0,
        "Non-adjusted EPS": 2400,
        "PE": 1.2,
        "Book Price": 11.6
      }
    },
    {
      "quarter": "Q4 2011",
      "income status": {
        "Net sales": 952959,
        "Cost of goods sold": 844720,
        "Gross Profit": 108238,
        "Financial expenses": 27686,
        "Of which: Interest expense": 27597,
        "Cost of sales": 72837,
        "Enterprise cost management": 9117,
        "Total Operating Expenses": 109640,
        "Total revenue financing activities": 9929,
        "Net profit from business activities": 8527,
        "Profit": 2383,
        "Profit before tax": 42473,
        "Present corporate income tax expenses": 1662,
        "Deferred income taxes expenses": "N/A",
        "The interests of minority shareholders": "N/A",
        "Total Cost of profits": 1662,
        "Profit after tax corporate income": 9248,
        "Volume": 15600000,
        "Close of Quarter": 1.9,
        "EPS": 1155.5,
        "Non-adjusted EPS": 2311,
        "PE": 0.8,
        "Book Price": 11.4
      }
    },
    {
      "quarter": "Q3 2011",
      "income status": {
        "Net sales": 704653,
        "Cost of goods sold": 627415,
        "Gross Profit": 77237,
        "Financial expenses": 9890,
        "Of which: Interest expense": 9882,
        "Cost of sales": 58391,
        "Enterprise cost management": 6219,
        "Total Operating Expenses": 74500,
        "Total revenue financing activities": 4974,
        "Net profit from business activities": 7711,
        "Profit": 2310,
        "Profit before tax": 10021,
        "Present corporate income tax expenses": 1541,
        "Deferred income taxes expenses": "N/A",
        "The interests of minority shareholders": "N/A",
        "Total Cost of profits": 1541,
        "Profit after tax corporate income": 8479,
        "Volume": 15600000,
        "Close of Quarter": 2.6,
        "EPS": 1119.5,
        "Non-adjusted EPS": 2239,
        "PE": 1.2,
        "Book Price": 11.4
      }
    },
    {
      "quarter": "Q2 2011",
      "income status": {
        "Net sales": 840399,
        "Cost of goods sold": 750950,
        "Gross Profit": 89449,
        "Financial expenses": 7677,
        "Of which: Interest expense": 7865,
        "Cost of sales": 70149,
        "Enterprise cost management": 7148,
        "Total Operating Expenses": 84974,
        "Total revenue financing activities": 5355,
        "Net profit from business activities": 9829,
        "Profit": 4163,
        "Profit before tax": 13991,
        "Present corporate income tax expenses": 2269,
        "Deferred income taxes expenses": "N/A",
        "The interests of minority shareholders": "N/A",
        "Total Cost of profits": 2269,
        "Profit after tax corporate income": 11722,
        "Volume": 15600000,
        "Close of Quarter": 2.4,
        "EPS": 1127.5,
        "Non-adjusted EPS": 2255,
        "PE": 1.1,
        "Book Price": 11.1
      }
    },
    {
      "quarter": "Q1 2011",
      "income status": {
        "Net sales": 581879,
        "Cost of goods sold": 497558,
        "Gross Profit": 84321,
        "Financial expenses": 5974,
        "Of which: Interest expense": 5712,
        "Cost of sales": 73298,
        "Enterprise cost management": 262,
        "Total Operating Expenses": 79534,
        "Total revenue financing activities": 2671,
        "Net profit from business activities": 7457,
        "Profit": 94,
        "Profit before tax": 7551,
        "Present corporate income tax expenses": 956,
        "Deferred income taxes expenses": "N/A",
        "The interests of minority shareholders": "N/A",
        "Total Cost of profits": 956,
        "Profit after tax corporate income": 6596,
        "Volume": 15600000,
        "Close of Quarter": 3.7,
        "EPS": 1009.5,
        "Non-adjusted EPS": 2019,
        "PE": 1.8,
        "Book Price": 11.1
      }
    }
  ]
}