{
  "ticker": "DLG",
  "data": [
    {
      "quarter": "Q4 2016",
      "income status": {
        "Net sales": 669502,
        "Cost of goods sold": 587977,
        "Gross Profit": 81525,
        "Financial expenses": 85848,
        "Of which: Interest expense": 85910,
        "Cost of sales": 2616,
        "Enterprise cost management": 36523,
        "Total Operating Expenses": 124987,
        "Total revenue financing activities": 16551,
        "Net profit from business activities": -26786,
        "Profit": 35810,
        "Profit before tax": 9024,
        "Present corporate income tax expenses": 4723,
        "Deferred income taxes expenses": 3764,
        "The interests of minority shareholders": -4409,
        "Total Cost of profits": 4078,
        "Profit after tax corporate income": 4945,
        "Volume": 230144342,
        "Close of Quarter": 2.9,
        "EPS": 230.9,
        "Non-adjusted EPS": 286,
        "PE": 10.1,
        "Book Price": 9.4
      }
    },
    {
      "quarter": "Q3 2016",
      "income status": {
        "Net sales": 579322,
        "Cost of goods sold": 481054,
        "Gross Profit": 98268,
        "Financial expenses": 79753,
        "Of which: Interest expense": 79753,
        "Cost of sales": 6079,
        "Enterprise cost management": 32457,
        "Total Operating Expenses": 118289,
        "Total revenue financing activities": 26581,
        "Net profit from business activities": 6561,
        "Profit": 143,
        "Profit before tax": 6704,
        "Present corporate income tax expenses": 3995,
        "Deferred income taxes expenses": -2,
        "The interests of minority shareholders": -473,
        "Total Cost of profits": 3520,
        "Profit after tax corporate income": 3183,
        "Volume": 219186117,
        "Close of Quarter": 4.9,
        "EPS": 358.3,
        "Non-adjusted EPS": 466,
        "PE": 10.6,
        "Book Price": 9.2
      }
    },
    {
      "quarter": "Q2 2016",
      "income status": {
        "Net sales": 733932,
        "Cost of goods sold": 535857,
        "Gross Profit": 198075,
        "Financial expenses": 99864,
        "Of which: Interest expense": 85279,
        "Cost of sales": 5221,
        "Enterprise cost management": 37615,
        "Total Operating Expenses": 142700,
        "Total revenue financing activities": 16404,
        "Net profit from business activities": 71650,
        "Profit": -5387,
        "Profit before tax": 66263,
        "Present corporate income tax expenses": 15047,
        "Deferred income taxes expenses": -267,
        "The interests of minority shareholders": 5187,
        "Total Cost of profits": 19967,
        "Profit after tax corporate income": 46296,
        "Volume": 219186117,
        "Close of Quarter": 6.6,
        "EPS": 406.8,
        "Non-adjusted EPS": 529,
        "PE": 12.4,
        "Book Price": 9.2
      }
    },
    {
      "quarter": "Q1 2016",
      "income status": {
        "Net sales": 489926,
        "Cost of goods sold": 394247,
        "Gross Profit": 95680,
        "Financial expenses": 76373,
        "Of which: Interest expense": 76369,
        "Cost of sales": 5055,
        "Enterprise cost management": 21544,
        "Total Operating Expenses": 102972,
        "Total revenue financing activities": 27833,
        "Net profit from business activities": 20604,
        "Profit": 213,
        "Profit before tax": 20816,
        "Present corporate income tax expenses": 3901,
        "Deferred income taxes expenses": 73,
        "The interests of minority shareholders": 5397,
        "Total Cost of profits": 9371,
        "Profit after tax corporate income": 11445,
        "Volume": 169186117,
        "Close of Quarter": 6.9,
        "EPS": 278.4,
        "Non-adjusted EPS": 469,
        "PE": 14.6,
        "Book Price": 7.6
      }
    },
    {
      "quarter": "Q4 2015",
      "income status": {
        "Net sales": 432698,
        "Cost of goods sold": 389394,
        "Gross Profit": 43304,
        "Financial expenses": 59375,
        "Of which: Interest expense": 60140,
        "Cost of sales": 5144,
        "Enterprise cost management": 14385,
        "Total Operating Expenses": 78904,
        "Total revenue financing activities": 25153,
        "Net profit from business activities": -10355,
        "Profit": 49525,
        "Profit before tax": 39170,
        "Present corporate income tax expenses": 3312,
        "Deferred income taxes expenses": -2733,
        "The interests of minority shareholders": -2647,
        "Total Cost of profits": -2068,
        "Profit after tax corporate income": 41238,
        "Volume": 169186117,
        "Close of Quarter": 6.7,
        "EPS": 322.9,
        "Non-adjusted EPS": 544,
        "PE": 12.3,
        "Book Price": 7.6
      }
    },
    {
      "quarter": "Q3 2015",
      "income status": {
        "Net sales": 500454,
        "Cost of goods sold": 458492,
        "Gross Profit": 41962,
        "Financial expenses": 38599,
        "Of which: Interest expense": 38063,
        "Cost of sales": 8138,
        "Enterprise cost management": 14290,
        "Total Operating Expenses": 61027,
        "Total revenue financing activities": 20641,
        "Net profit from business activities": 1576,
        "Profit": 11606,
        "Profit before tax": 13182,
        "Present corporate income tax expenses": -1498,
        "Deferred income taxes expenses": -2129,
        "The interests of minority shareholders": -200,
        "Total Cost of profits": -3827,
        "Profit after tax corporate income": 17008,
        "Volume": 169186117,
        "Close of Quarter": 6.3,
        "EPS": 200.6,
        "Non-adjusted EPS": 338,
        "PE": 18.6,
        "Book Price": 7.4
      }
    },
    {
      "quarter": "Q2 2015",
      "income status": {
        "Net sales": 362407,
        "Cost of goods sold": 326453,
        "Gross Profit": 35954,
        "Financial expenses": 33567,
        "Of which: Interest expense": 34132,
        "Cost of sales": 613,
        "Enterprise cost management": 11880,
        "Total Operating Expenses": 46060,
        "Total revenue financing activities": 20211,
        "Net profit from business activities": 10151,
        "Profit": -1036,
        "Profit before tax": 9115,
        "Present corporate income tax expenses": 4786,
        "Deferred income taxes expenses": -5583,
        "The interests of minority shareholders": 259,
        "Total Cost of profits": -538,
        "Profit after tax corporate income": 9652,
        "Volume": 149253508,
        "Close of Quarter": 8.5,
        "EPS": 234.6,
        "Non-adjusted EPS": 448,
        "PE": 18.9,
        "Book Price": 6.5
      }
    },
    {
      "quarter": "Q1 2015",
      "income status": {
        "Net sales": 340625,
        "Cost of goods sold": 308024,
        "Gross Profit": 32600,
        "Financial expenses": 30452,
        "Of which: Interest expense": 29876,
        "Cost of sales": 622,
        "Enterprise cost management": 8164,
        "Total Operating Expenses": 39238,
        "Total revenue financing activities": 38392,
        "Net profit from business activities": 31629,
        "Profit": -523,
        "Profit before tax": 31106,
        "Present corporate income tax expenses": 7820,
        "Deferred income taxes expenses": -2196,
        "The interests of minority shareholders": 1420,
        "Total Cost of profits": 7044,
        "Profit after tax corporate income": 24062,
        "Volume": 149253508,
        "Close of Quarter": 8.9,
        "EPS": 213.6,
        "Non-adjusted EPS": 408,
        "PE": 21.7,
        "Book Price": 6.1
      }
    },
    {
      "quarter": "Q4 2014",
      "income status": {
        "Net sales": 349636,
        "Cost of goods sold": 320935,
        "Gross Profit": 28701,
        "Financial expenses": 31564,
        "Of which: Interest expense": 31418,
        "Cost of sales": 776,
        "Enterprise cost management": 14865,
        "Total Operating Expenses": 47205,
        "Total revenue financing activities": 21775,
        "Net profit from business activities": 3910,
        "Profit": -348,
        "Profit before tax": 3562,
        "Present corporate income tax expenses": -620,
        "Deferred income taxes expenses": -2248,
        "The interests of minority shareholders": "N/A",
        "Total Cost of profits": -2868,
        "Profit after tax corporate income": 6430,
        "Volume": 149253508,
        "Close of Quarter": 9.4,
        "EPS": 189.5,
        "Non-adjusted EPS": 362,
        "PE": 26.1,
        "Book Price": 5.9
      }
    },
    {
      "quarter": "Q3 2014",
      "income status": {
        "Net sales": 236333,
        "Cost of goods sold": 194137,
        "Gross Profit": 42196,
        "Financial expenses": 19546,
        "Of which: Interest expense": 19546,
        "Cost of sales": 428,
        "Enterprise cost management": 4279,
        "Total Operating Expenses": 24253,
        "Total revenue financing activities": 10090,
        "Net profit from business activities": 27827,
        "Profit": -410,
        "Profit before tax": 27417,
        "Present corporate income tax expenses": 462,
        "Deferred income taxes expenses": -233,
        "The interests of minority shareholders": 492,
        "Total Cost of profits": 721,
        "Profit after tax corporate income": 26697,
        "Volume": 69744898,
        "Close of Quarter": 10.6,
        "EPS": 170.8,
        "Non-adjusted EPS": 698,
        "PE": 15.1,
        "Book Price": 5.8
      }
    },
    {
      "quarter": "Q2 2014",
      "income status": {
        "Net sales": 204796,
        "Cost of goods sold": 190445,
        "Gross Profit": 14351,
        "Financial expenses": 37297,
        "Of which: Interest expense": 36816,
        "Cost of sales": 370,
        "Enterprise cost management": 10619,
        "Total Operating Expenses": 48286,
        "Total revenue financing activities": 36868,
        "Net profit from business activities": 2627,
        "Profit": -748,
        "Profit before tax": 1879,
        "Present corporate income tax expenses": 445,
        "Deferred income taxes expenses": -2518,
        "The interests of minority shareholders": 210,
        "Total Cost of profits": -1863,
        "Profit after tax corporate income": 3741,
        "Volume": 69744898,
        "Close of Quarter": 7.7,
        "EPS": 79.3,
        "Non-adjusted EPS": 324,
        "PE": 23.9,
        "Book Price": 3.3
      }
    },
    {
      "quarter": "Q1 2014",
      "income status": {
        "Net sales": 215043,
        "Cost of goods sold": 190657,
        "Gross Profit": 24387,
        "Financial expenses": 14817,
        "Of which: Interest expense": 13600,
        "Cost of sales": 760,
        "Enterprise cost management": 5979,
        "Total Operating Expenses": 21556,
        "Total revenue financing activities": 12011,
        "Net profit from business activities": 14654,
        "Profit": 6246,
        "Profit before tax": 20900,
        "Present corporate income tax expenses": 4813,
        "Deferred income taxes expenses": -1730,
        "The interests of minority shareholders": 602,
        "Total Cost of profits": 3685,
        "Profit after tax corporate income": 17214,
        "Volume": 69744898,
        "Close of Quarter": 8.5,
        "EPS": 61.9,
        "Non-adjusted EPS": 253,
        "PE": 33.4,
        "Book Price": 3.3
      }
    },
    {
      "quarter": "Q4 2013",
      "income status": {
        "Net sales": 368633,
        "Cost of goods sold": 354914,
        "Gross Profit": 13719,
        "Financial expenses": 25939,
        "Of which: Interest expense": 24124,
        "Cost of sales": 916,
        "Enterprise cost management": 7509,
        "Total Operating Expenses": 34364,
        "Total revenue financing activities": 19066,
        "Net profit from business activities": -1579,
        "Profit": -728,
        "Profit before tax": -2273,
        "Present corporate income tax expenses": -2127,
        "Deferred income taxes expenses": -1043,
        "The interests of minority shareholders": -142,
        "Total Cost of profits": -3312,
        "Profit after tax corporate income": 1039,
        "Volume": 69744898,
        "Close of Quarter": 4.4,
        "EPS": 6.4,
        "Non-adjusted EPS": 26,
        "PE": 169.2,
        "Book Price": 2.8
      }
    },
    {
      "quarter": "Q3 2013",
      "income status": {
        "Net sales": 118457,
        "Cost of goods sold": 103082,
        "Gross Profit": 15375,
        "Financial expenses": 27887,
        "Of which: Interest expense": 27811,
        "Cost of sales": 641,
        "Enterprise cost management": 4811,
        "Total Operating Expenses": 33339,
        "Total revenue financing activities": 13168,
        "Net profit from business activities": -4796,
        "Profit": 6318,
        "Profit before tax": 1395,
        "Present corporate income tax expenses": 400,
        "Deferred income taxes expenses": 47,
        "The interests of minority shareholders": 367,
        "Total Cost of profits": 814,
        "Profit after tax corporate income": 581,
        "Volume": 67085108,
        "Close of Quarter": 3.4,
        "EPS": 4.9,
        "Non-adjusted EPS": 21,
        "PE": 162.4,
        "Book Price": 2.7
      }
    },
    {
      "quarter": "Q2 2013",
      "income status": {
        "Net sales": 208931,
        "Cost of goods sold": 175358,
        "Gross Profit": 33573,
        "Financial expenses": 49351,
        "Of which: Interest expense": 49351,
        "Cost of sales": 875,
        "Enterprise cost management": 6799,
        "Total Operating Expenses": 57025,
        "Total revenue financing activities": 28090,
        "Net profit from business activities": 4638,
        "Profit": 2131,
        "Profit before tax": 6221,
        "Present corporate income tax expenses": 7013,
        "Deferred income taxes expenses": 337,
        "The interests of minority shareholders": 88,
        "Total Cost of profits": 7438,
        "Profit after tax corporate income": -1217,
        "Volume": 67085108,
        "Close of Quarter": 4.0,
        "EPS": 12,
        "Non-adjusted EPS": 51,
        "PE": 79.2,
        "Book Price": 2.7
      }
    },
    {
      "quarter": "Q1 2013",
      "income status": {
        "Net sales": 105057,
        "Cost of goods sold": 88919,
        "Gross Profit": 16138,
        "Financial expenses": 13242,
        "Of which: Interest expense": 13242,
        "Cost of sales": 765,
        "Enterprise cost management": 4147,
        "Total Operating Expenses": 18154,
        "Total revenue financing activities": 3940,
        "Net profit from business activities": 1924,
        "Profit": -81,
        "Profit before tax": 1843,
        "Present corporate income tax expenses": 427,
        "Deferred income taxes expenses": -25,
        "The interests of minority shareholders": "N/A",
        "Total Cost of profits": 402,
        "Profit after tax corporate income": 1442,
        "Volume": 67085108,
        "Close of Quarter": 4.0,
        "EPS": -6.6,
        "Non-adjusted EPS": -28,
        "PE": -141.1,
        "Book Price": 2.8
      }
    },
    {
      "quarter": "Q4 2012",
      "income status": {
        "Net sales": 127682,
        "Cost of goods sold": 105107,
        "Gross Profit": 22575,
        "Financial expenses": 31232,
        "Of which: Interest expense": 31219,
        "Cost of sales": 209,
        "Enterprise cost management": 5625,
        "Total Operating Expenses": 37066,
        "Total revenue financing activities": 14975,
        "Net profit from business activities": 483,
        "Profit": 13,
        "Profit before tax": 54,
        "Present corporate income tax expenses": -557,
        "Deferred income taxes expenses": 351,
        "The interests of minority shareholders": -363,
        "Total Cost of profits": -569,
        "Profit after tax corporate income": 622,
        "Volume": 67085108,
        "Close of Quarter": 4.9,
        "EPS": 22.1,
        "Non-adjusted EPS": 94,
        "PE": 51.6,
        "Book Price": 2.7
      }
    },
    {
      "quarter": "Q3 2012",
      "income status": {
        "Net sales": 155190,
        "Cost of goods sold": 141022,
        "Gross Profit": 14168,
        "Financial expenses": 17065,
        "Of which: Interest expense": 17023,
        "Cost of sales": 1079,
        "Enterprise cost management": 6107,
        "Total Operating Expenses": 24251,
        "Total revenue financing activities": 15630,
        "Net profit from business activities": 5547,
        "Profit": -55,
        "Profit before tax": 5491,
        "Present corporate income tax expenses": 656,
        "Deferred income taxes expenses": 413,
        "The interests of minority shareholders": 1815,
        "Total Cost of profits": 2884,
        "Profit after tax corporate income": 2606,
        "Volume": 35210708,
        "Close of Quarter": 3.1,
        "EPS": 34.1,
        "Non-adjusted EPS": 276,
        "PE": 11.4,
        "Book Price": 2.7
      }
    },
    {
      "quarter": "Q2 2012",
      "income status": {
        "Net sales": 130610,
        "Cost of goods sold": 111111,
        "Gross Profit": 19500,
        "Financial expenses": 42050,
        "Of which: Interest expense": 48993,
        "Cost of sales": 1234,
        "Enterprise cost management": 7214,
        "Total Operating Expenses": 50498,
        "Total revenue financing activities": 25603,
        "Net profit from business activities": -5395,
        "Profit": 266,
        "Profit before tax": -5640,
        "Present corporate income tax expenses": -392,
        "Deferred income taxes expenses": 2411,
        "The interests of minority shareholders": -1142,
        "Total Cost of profits": 877,
        "Profit after tax corporate income": -6516,
        "Volume": 35210708,
        "Close of Quarter": 7.6,
        "EPS": 54.5,
        "Non-adjusted EPS": 441,
        "PE": 17.1,
        "Book Price": 2.8
      }
    },
    {
      "quarter": "Q1 2012",
      "income status": {
        "Net sales": 254468,
        "Cost of goods sold": 224879,
        "Gross Profit": 29589,
        "Financial expenses": 12497,
        "Of which: Interest expense": 5533,
        "Cost of sales": 938,
        "Enterprise cost management": 7438,
        "Total Operating Expenses": 20873,
        "Total revenue financing activities": 3355,
        "Net profit from business activities": 12072,
        "Profit": -12,
        "Profit before tax": 12061,
        "Present corporate income tax expenses": 3418,
        "Deferred income taxes expenses": -1415,
        "The interests of minority shareholders": 458,
        "Total Cost of profits": 2461,
        "Profit after tax corporate income": 9600,
        "Volume": 35210708,
        "Close of Quarter": 20.4,
        "EPS": 87.8,
        "Non-adjusted EPS": 711,
        "PE": 28.7,
        "Book Price": 2.1
      }
    },
    {
      "quarter": "Q4 2011",
      "income status": {
        "Net sales": 338702,
        "Cost of goods sold": 317451,
        "Gross Profit": 21251,
        "Financial expenses": 16431,
        "Of which: Interest expense": 8057,
        "Cost of sales": 998,
        "Enterprise cost management": 7784,
        "Total Operating Expenses": 25213,
        "Total revenue financing activities": 11060,
        "Net profit from business activities": 7097,
        "Profit": 119,
        "Profit before tax": 7216,
        "Present corporate income tax expenses": 2257,
        "Deferred income taxes expenses": -12,
        "The interests of minority shareholders": 930,
        "Total Cost of profits": 3175,
        "Profit after tax corporate income": 4041,
        "Volume": 35210708,
        "Close of Quarter": 17.1,
        "EPS": 108.6,
        "Non-adjusted EPS": 879,
        "PE": 19.4,
        "Book Price": 1.5
      }
    },
    {
      "quarter": "Q3 2011",
      "income status": {
        "Net sales": 193930,
        "Cost of goods sold": 167221,
        "Gross Profit": 26708,
        "Financial expenses": 10747,
        "Of which: Interest expense": 7881,
        "Cost of sales": 622,
        "Enterprise cost management": 7831,
        "Total Operating Expenses": 19200,
        "Total revenue financing activities": 4402,
        "Net profit from business activities": 11910,
        "Profit": -293,
        "Profit before tax": 11617,
        "Present corporate income tax expenses": 3172,
        "Deferred income taxes expenses": -278,
        "The interests of minority shareholders": 306,
        "Total Cost of profits": 3200,
        "Profit after tax corporate income": 8417,
        "Volume": 32009827,
        "Close of Quarter": 20.6,
        "EPS": 125.0,
        "Non-adjusted EPS": 1113,
        "PE": 18.5,
        "Book Price": 1.5
      }
    },
    {
      "quarter": "Q2 2011",
      "income status": {
        "Net sales": 223601,
        "Cost of goods sold": 190042,
        "Gross Profit": 33559,
        "Financial expenses": 31910,
        "Of which: Interest expense": 31831,
        "Cost of sales": 388,
        "Enterprise cost management": 9612,
        "Total Operating Expenses": 41910,
        "Total revenue financing activities": 13180,
        "Net profit from business activities": 4830,
        "Profit": 637,
        "Profit before tax": 4907,
        "Present corporate income tax expenses": 2674,
        "Deferred income taxes expenses": -1542,
        "The interests of minority shareholders": 794,
        "Total Cost of profits": 1926,
        "Profit after tax corporate income": 2981,
        "Volume": 32009827,
        "Close of Quarter": 22.1,
        "EPS": 145.6,
        "Non-adjusted EPS": 1297,
        "PE": 17,
        "Book Price": 1.5
      }
    },
    {
      "quarter": "Q1 2011",
      "income status": {
        "Net sales": 203834,
        "Cost of goods sold": 167996,
        "Gross Profit": 35838,
        "Financial expenses": 6172,
        "Of which: Interest expense": 5806,
        "Cost of sales": 1552,
        "Enterprise cost management": 5957,
        "Total Operating Expenses": 13681,
        "Total revenue financing activities": 878,
        "Net profit from business activities": 23035,
        "Profit": -917,
        "Profit before tax": 22118,
        "Present corporate income tax expenses": 5946,
        "Deferred income taxes expenses": "N/A",
        "The interests of minority shareholders": 651,
        "Total Cost of profits": 6597,
        "Profit after tax corporate income": 15522,
        "Volume": 29100000,
        "Close of Quarter": 20.8,
        "EPS": 256.5,
        "Non-adjusted EPS": 2513,
        "PE": 8.3,
        "Book Price": 1.4
      }
    }
  ]
}