{
  "ticker": "SHN",
  "data": [
    {
      "quarter": "Q4 2016",
      "income status": {
        "Net sales": 189171,
        "Cost of goods sold": 119566,
        "Gross Profit": 69605,
        "Financial expenses": "N/A",
        "Of which: Interest expense": "N/A",
        "Cost of sales": 1513,
        "Enterprise cost management": 1448,
        "Total Operating Expenses": 2961,
        "Total revenue financing activities": 32,
        "Net profit from business activities": 66677,
        "Profit": -489,
        "Profit before tax": 66188,
        "Present corporate income tax expenses": 18150,
        "Deferred income taxes expenses": "N/A",
        "The interests of minority shareholders": 4447,
        "Total Cost of profits": 22597,
        "Profit after tax corporate income": 43591,
        "Volume": 117558360,
        "Close of Quarter": 11.6,
        "EPS": 1031,
        "Non-adjusted EPS": 1031,
        "PE": 11.3,
        "Book Price": 13.6
      }
    },
    {
      "quarter": "Q3 2016",
      "income status": {
        "Net sales": 39190,
        "Cost of goods sold": 28747,
        "Gross Profit": 10443,
        "Financial expenses": 3669,
        "Of which: Interest expense": "N/A",
        "Cost of sales": 1586,
        "Enterprise cost management": 10762,
        "Total Operating Expenses": 16017,
        "Total revenue financing activities": 13866,
        "Net profit from business activities": 8293,
        "Profit": 46722,
        "Profit before tax": 55015,
        "Present corporate income tax expenses": 1712,
        "Deferred income taxes expenses": "N/A",
        "The interests of minority shareholders": "N/A",
        "Total Cost of profits": 1712,
        "Profit after tax corporate income": 53303,
        "Volume": 117558360,
        "Close of Quarter": 10,
        "EPS": 2937,
        "Non-adjusted EPS": 2937,
        "PE": 3.4,
        "Book Price": 13.2
      }
    },
    {
      "quarter": "Q2 2016",
      "income status": {
        "Net sales": 139975,
        "Cost of goods sold": 121432,
        "Gross Profit": 18543,
        "Financial expenses": -2662,
        "Of which: Interest expense": 15,
        "Cost of sales": 2346,
        "Enterprise cost management": -1440,
        "Total Operating Expenses": -1756,
        "Total revenue financing activities": 38,
        "Net profit from business activities": 20337,
        "Profit": -68,
        "Profit before tax": 20269,
        "Present corporate income tax expenses": 4274,
        "Deferred income taxes expenses": "N/A",
        "The interests of minority shareholders": "N/A",
        "Total Cost of profits": 4274,
        "Profit after tax corporate income": 15995,
        "Volume": 38591760,
        "Close of Quarter": 9.7,
        "EPS": 2587.2,
        "Non-adjusted EPS": 7881,
        "PE": 1.2,
        "Book Price": 4.1
      }
    },
    {
      "quarter": "Q1 2016",
      "income status": {
        "Net sales": 116911,
        "Cost of goods sold": 103409,
        "Gross Profit": 13502,
        "Financial expenses": 382,
        "Of which: Interest expense": 307,
        "Cost of sales": 2700,
        "Enterprise cost management": 851,
        "Total Operating Expenses": 3933,
        "Total revenue financing activities": 97,
        "Net profit from business activities": 9666,
        "Profit": -259,
        "Profit before tax": 9407,
        "Present corporate income tax expenses": 1118,
        "Deferred income taxes expenses": "N/A",
        "The interests of minority shareholders": "N/A",
        "Total Cost of profits": 1118,
        "Profit after tax corporate income": 8288,
        "Volume": 38591760,
        "Close of Quarter": 11.2,
        "EPS": 2862.6,
        "Non-adjusted EPS": 8720,
        "PE": 1.3,
        "Book Price": 3.9
      }
    },
    {
      "quarter": "Q4 2015",
      "income status": {
        "Net sales": 27480,
        "Cost of goods sold": 10580,
        "Gross Profit": 16900,
        "Financial expenses": 345,
        "Of which: Interest expense": 345,
        "Cost of sales": 753,
        "Enterprise cost management": 1669,
        "Total Operating Expenses": 2767,
        "Total revenue financing activities": 253939,
        "Net profit from business activities": 268072,
        "Profit": -416,
        "Profit before tax": 267656,
        "Present corporate income tax expenses": "N/A",
        "Deferred income taxes expenses": "N/A",
        "The interests of minority shareholders": "N/A",
        "Total Cost of profits": 0,
        "Profit after tax corporate income": 267656,
        "Volume": 38591760,
        "Close of Quarter": 13,
        "EPS": 2794.3,
        "Non-adjusted EPS": 8512,
        "PE": 1.5,
        "Book Price": 3.6
      }
    },
    {
      "quarter": "Q3 2015",
      "income status": {
        "Net sales": 13636,
        "Cost of goods sold": "N/A",
        "Gross Profit": 13636,
        "Financial expenses": 343,
        "Of which: Interest expense": 343,
        "Cost of sales": 321,
        "Enterprise cost management": 764,
        "Total Operating Expenses": 1428,
        "Total revenue financing activities": 74,
        "Net profit from business activities": 12282,
        "Profit": -61,
        "Profit before tax": 12221,
        "Present corporate income tax expenses": "N/A",
        "Deferred income taxes expenses": "N/A",
        "The interests of minority shareholders": "N/A",
        "Total Cost of profits": 0,
        "Profit after tax corporate income": 12221,
        "Volume": 38591760,
        "Close of Quarter": 8.8,
        "EPS": 499.3,
        "Non-adjusted EPS": 1521,
        "PE": 5.8,
        "Book Price": 1.3
      }
    },
    {
      "quarter": "Q2 2015",
      "income status": {
        "Net sales": 51554,
        "Cost of goods sold": 6200,
        "Gross Profit": 45354,
        "Financial expenses": 1034,
        "Of which: Interest expense": 572,
        "Cost of sales": 460,
        "Enterprise cost management": -2796,
        "Total Operating Expenses": -1302,
        "Total revenue financing activities": 3,
        "Net profit from business activities": 46659,
        "Profit": 1699,
        "Profit before tax": 48358,
        "Present corporate income tax expenses": "N/A",
        "Deferred income taxes expenses": "N/A",
        "The interests of minority shareholders": "N/A",
        "Total Cost of profits": 0,
        "Profit after tax corporate income": 48358,
        "Volume": 38591760,
        "Close of Quarter": 13.3,
        "EPS": -226.5,
        "Non-adjusted EPS": -690,
        "PE": -19.3,
        "Book Price": 1.2
      }
    },
    {
      "quarter": "Q1 2015",
      "income status": {
        "Net sales": 2101,
        "Cost of goods sold": "N/A",
        "Gross Profit": 2101,
        "Financial expenses": 463,
        "Of which: Interest expense": 463,
        "Cost of sales": 392,
        "Enterprise cost management": 323,
        "Total Operating Expenses": 1178,
        "Total revenue financing activities": 1,
        "Net profit from business activities": 924,
        "Profit": -677,
        "Profit before tax": 247,
        "Present corporate income tax expenses": "N/A",
        "Deferred income taxes expenses": "N/A",
        "The interests of minority shareholders": "N/A",
        "Total Cost of profits": 0,
        "Profit after tax corporate income": 247,
        "Volume": 32453360,
        "Close of Quarter": 3.4,
        "EPS": -657.0,
        "Non-adjusted EPS": -2380,
        "PE": -1.4,
        "Book Price": 0.2
      }
    },
    {
      "quarter": "Q4 2014",
      "income status": {
        "Net sales": 456,
        "Cost of goods sold": "N/A",
        "Gross Profit": 456,
        "Financial expenses": 1617,
        "Of which: Interest expense": 1616,
        "Cost of sales": 363,
        "Enterprise cost management": 595,
        "Total Operating Expenses": 2575,
        "Total revenue financing activities": "N/A",
        "Net profit from business activities": -2118,
        "Profit": -6,
        "Profit before tax": -2125,
        "Present corporate income tax expenses": "N/A",
        "Deferred income taxes expenses": "N/A",
        "The interests of minority shareholders": "N/A",
        "Total Cost of profits": 0,
        "Profit after tax corporate income": -2125,
        "Volume": 32453360,
        "Close of Quarter": 3.9,
        "EPS": -671.4,
        "Non-adjusted EPS": -2432,
        "PE": -1.6,
        "Book Price": 0.2
      }
    },
    {
      "quarter": "Q3 2014",
      "income status": {
        "Net sales": 352,
        "Cost of goods sold": "N/A",
        "Gross Profit": 352,
        "Financial expenses": 72715,
        "Of which: Interest expense": 1615,
        "Cost of sales": 318,
        "Enterprise cost management": 491,
        "Total Operating Expenses": 73524,
        "Total revenue financing activities": 76,
        "Net profit from business activities": -73095,
        "Profit": 4,
        "Profit before tax": -73091,
        "Present corporate income tax expenses": "N/A",
        "Deferred income taxes expenses": "N/A",
        "The interests of minority shareholders": "N/A",
        "Total Cost of profits": 0,
        "Profit after tax corporate income": -73091,
        "Volume": 32453360,
        "Close of Quarter": 4.9,
        "EPS": -106.3,
        "Non-adjusted EPS": -385,
        "PE": -12.7,
        "Book Price": 0.2
      }
    },
    {
      "quarter": "Q2 2014",
      "income status": {
        "Net sales": 462,
        "Cost of goods sold": "N/A",
        "Gross Profit": 462,
        "Financial expenses": 1539,
        "Of which: Interest expense": 1614,
        "Cost of sales": 476,
        "Enterprise cost management": 796,
        "Total Operating Expenses": 2811,
        "Total revenue financing activities": 93,
        "Net profit from business activities": -2255,
        "Profit": -2,
        "Profit before tax": -2258,
        "Present corporate income tax expenses": "N/A",
        "Deferred income taxes expenses": "N/A",
        "The interests of minority shareholders": "N/A",
        "Total Cost of profits": 0,
        "Profit after tax corporate income": -2258,
        "Volume": 32453360,
        "Close of Quarter": 4.4,
        "EPS": 458.0,
        "Non-adjusted EPS": 1659,
        "PE": 2.7,
        "Book Price": 0.8
      }
    },
    {
      "quarter": "Q1 2014",
      "income status": {
        "Net sales": 998,
        "Cost of goods sold": "N/A",
        "Gross Profit": 998,
        "Financial expenses": 1663,
        "Of which: Interest expense": 1663,
        "Cost of sales": 367,
        "Enterprise cost management": 411,
        "Total Operating Expenses": 2441,
        "Total revenue financing activities": 3,
        "Net profit from business activities": -1440,
        "Profit": "N/A",
        "Profit before tax": -1440,
        "Present corporate income tax expenses": "N/A",
        "Deferred income taxes expenses": "N/A",
        "The interests of minority shareholders": "N/A",
        "Total Cost of profits": 0,
        "Profit after tax corporate income": -1440,
        "Volume": 32453360,
        "Close of Quarter": 6.6,
        "EPS": 25.1,
        "Non-adjusted EPS": 91,
        "PE": 72.5,
        "Book Price": 0.8
      }
    },
    {
      "quarter": "Q4 2013",
      "income status": {
        "Net sales": 1408,
        "Cost of goods sold": "N/A",
        "Gross Profit": 1408,
        "Financial expenses": 31778,
        "Of which: Interest expense": 2947,
        "Cost of sales": 436,
        "Enterprise cost management": 3931,
        "Total Operating Expenses": 36145,
        "Total revenue financing activities": 99030,
        "Net profit from business activities": 64294,
        "Profit": "N/A",
        "Profit before tax": 64294,
        "Present corporate income tax expenses": "N/A",
        "Deferred income taxes expenses": "N/A",
        "The interests of minority shareholders": "N/A",
        "Total Cost of profits": 0,
        "Profit after tax corporate income": 64294,
        "Volume": 32453360,
        "Close of Quarter": 3.3,
        "EPS": 14.4,
        "Non-adjusted EPS": 52,
        "PE": 63.5,
        "Book Price": 0.8
      }
    },
    {
      "quarter": "Q3 2013",
      "income status": {
        "Net sales": 1382,
        "Cost of goods sold": 5000,
        "Gross Profit": -3618,
        "Financial expenses": 2185,
        "Of which: Interest expense": 1905,
        "Cost of sales": 323,
        "Enterprise cost management": 284,
        "Total Operating Expenses": 2792,
        "Total revenue financing activities": -341,
        "Net profit from business activities": -6751,
        "Profit": 2,
        "Profit before tax": -6749,
        "Present corporate income tax expenses": "N/A",
        "Deferred income taxes expenses": "N/A",
        "The interests of minority shareholders": "N/A",
        "Total Cost of profits": 0,
        "Profit after tax corporate income": -6749,
        "Volume": 32453360,
        "Close of Quarter": 0.7,
        "EPS": -680.2,
        "Non-adjusted EPS": -2464,
        "PE": -0.3,
        "Book Price": 0.2
      }
    },
    {
      "quarter": "Q2 2013",
      "income status": {
        "Net sales": 767,
        "Cost of goods sold": "N/A",
        "Gross Profit": 767,
        "Financial expenses": 4677,
        "Of which: Interest expense": 1867,
        "Cost of sales": 571,
        "Enterprise cost management": 48912,
        "Total Operating Expenses": 54160,
        "Total revenue financing activities": 228,
        "Net profit from business activities": -53165,
        "Profit": 4,
        "Profit before tax": -53161,
        "Present corporate income tax expenses": "N/A",
        "Deferred income taxes expenses": "N/A",
        "The interests of minority shareholders": "N/A",
        "Total Cost of profits": 0,
        "Profit after tax corporate income": -53161,
        "Volume": 32453360,
        "Close of Quarter": 1.2,
        "EPS": -828.2,
        "Non-adjusted EPS": -3000,
        "PE": -0.4,
        "Book Price": 0.3
      }
    },
    {
      "quarter": "Q1 2013",
      "income status": {
        "Net sales": 282,
        "Cost of goods sold": "N/A",
        "Gross Profit": 282,
        "Financial expenses": 1815,
        "Of which: Interest expense": 1815,
        "Cost of sales": 849,
        "Enterprise cost management": 403,
        "Total Operating Expenses": 3067,
        "Total revenue financing activities": 226,
        "Net profit from business activities": -2559,
        "Profit": -137,
        "Profit before tax": -2696,
        "Present corporate income tax expenses": "N/A",
        "Deferred income taxes expenses": "N/A",
        "The interests of minority shareholders": "N/A",
        "Total Cost of profits": 0,
        "Profit after tax corporate income": -2696,
        "Volume": 32453360,
        "Close of Quarter": 1.3,
        "EPS": -955.7,
        "Non-adjusted EPS": -3462,
        "PE": -0.4,
        "Book Price": 0.8
      }
    },
    {
      "quarter": "Q4 2012",
      "income status": {
        "Net sales": 41034,
        "Cost of goods sold": 54401,
        "Gross Profit": -13368,
        "Financial expenses": 3286,
        "Of which: Interest expense": 3284,
        "Cost of sales": 818,
        "Enterprise cost management": 739,
        "Total Operating Expenses": 4843,
        "Total revenue financing activities": 996,
        "Net profit from business activities": -17216,
        "Profit": -158,
        "Profit before tax": -17374,
        "Present corporate income tax expenses": "N/A",
        "Deferred income taxes expenses": "N/A",
        "The interests of minority shareholders": "N/A",
        "Total Cost of profits": 0,
        "Profit after tax corporate income": -17374,
        "Volume": 32453360,
        "Close of Quarter": 1.2,
        "EPS": -1080.5,
        "Non-adjusted EPS": -3914,
        "PE": -0.3,
        "Book Price": 0.8
      }
    },
    {
      "quarter": "Q3 2012",
      "income status": {
        "Net sales": 27134,
        "Cost of goods sold": 37450,
        "Gross Profit": -10316,
        "Financial expenses": 13315,
        "Of which: Interest expense": 4721,
        "Cost of sales": 667,
        "Enterprise cost management": 491,
        "Total Operating Expenses": 14473,
        "Total revenue financing activities": 397,
        "Net profit from business activities": -24393,
        "Profit": 273,
        "Profit before tax": -24120,
        "Present corporate income tax expenses": "N/A",
        "Deferred income taxes expenses": "N/A",
        "The interests of minority shareholders": "N/A",
        "Total Cost of profits": 0,
        "Profit after tax corporate income": -24120,
        "Volume": 32453360,
        "Close of Quarter": 1.1,
        "EPS": -1552.9,
        "Non-adjusted EPS": -5625,
        "PE": -0.2,
        "Book Price": 0.9
      }
    },
    {
      "quarter": "Q2 2012",
      "income status": {
        "Net sales": 8803,
        "Cost of goods sold": 15000,
        "Gross Profit": -6197,
        "Financial expenses": 13323,
        "Of which: Interest expense": 8046,
        "Cost of sales": 689,
        "Enterprise cost management": 48473,
        "Total Operating Expenses": 62485,
        "Total revenue financing activities": 312,
        "Net profit from business activities": -68369,
        "Profit": 168,
        "Profit before tax": -68201,
        "Present corporate income tax expenses": "N/A",
        "Deferred income taxes expenses": -33,
        "The interests of minority shareholders": "N/A",
        "Total Cost of profits": -33,
        "Profit after tax corporate income": -68169,
        "Volume": 32453360,
        "Close of Quarter": 2,
        "EPS": -1399.4,
        "Non-adjusted EPS": -5069,
        "PE": -0.4,
        "Book Price": 1.1
      }
    },
    {
      "quarter": "Q1 2012",
      "income status": {
        "Net sales": 897,
        "Cost of goods sold": 610,
        "Gross Profit": 287,
        "Financial expenses": 14891,
        "Of which: Interest expense": 9486,
        "Cost of sales": 1167,
        "Enterprise cost management": 1029,
        "Total Operating Expenses": 17087,
        "Total revenue financing activities": -229,
        "Net profit from business activities": -17030,
        "Profit": -285,
        "Profit before tax": -17315,
        "Present corporate income tax expenses": "N/A",
        "Deferred income taxes expenses": 33,
        "The interests of minority shareholders": "N/A",
        "Total Cost of profits": 33,
        "Profit after tax corporate income": -17347,
        "Volume": 32453360,
        "Close of Quarter": 3.2,
        "EPS": -700.4,
        "Non-adjusted EPS": -2537,
        "PE": -1.3,
        "Book Price": 1.6
      }
    },
    {
      "quarter": "Q4 2011",
      "income status": {
        "Net sales": 906,
        "Cost of goods sold": "N/A",
        "Gross Profit": 906,
        "Financial expenses": 120150,
        "Of which: Interest expense": 11661,
        "Cost of sales": 1385,
        "Enterprise cost management": 1516,
        "Total Operating Expenses": 123051,
        "Total revenue financing activities": 16564,
        "Net profit from business activities": -105581,
        "Profit": 32672,
        "Profit before tax": -72909,
        "Present corporate income tax expenses": "N/A",
        "Deferred income taxes expenses": "N/A",
        "The interests of minority shareholders": "N/A",
        "Total Cost of profits": 0,
        "Profit after tax corporate income": -72909,
        "Volume": 31623360,
        "Close of Quarter": 3.7,
        "EPS": -603.4,
        "Non-adjusted EPS": -2243,
        "PE": -1.7,
        "Book Price": 2.4
      }
    },
    {
      "quarter": "Q3 2011",
      "income status": {
        "Net sales": 2394,
        "Cost of goods sold": 1835,
        "Gross Profit": 559,
        "Financial expenses": 23978,
        "Of which: Interest expense": 8936,
        "Cost of sales": 1074,
        "Enterprise cost management": 1879,
        "Total Operating Expenses": 26931,
        "Total revenue financing activities": 20407,
        "Net profit from business activities": -5964,
        "Profit": -120,
        "Profit before tax": -6084,
        "Present corporate income tax expenses": "N/A",
        "Deferred income taxes expenses": "N/A",
        "The interests of minority shareholders": "N/A",
        "Total Cost of profits": 0,
        "Profit after tax corporate income": -6084,
        "Volume": 31623360,
        "Close of Quarter": 10.5,
        "EPS": 39.3,
        "Non-adjusted EPS": 146,
        "PE": 71.9,
        "Book Price": 2.9
      }
    },
    {
      "quarter": "Q2 2011",
      "income status": {
        "Net sales": 87690,
        "Cost of goods sold": 86010,
        "Gross Profit": 1679,
        "Financial expenses": 40554,
        "Of which: Interest expense": 12126,
        "Cost of sales": 1704,
        "Enterprise cost management": 3018,
        "Total Operating Expenses": 45276,
        "Total revenue financing activities": 26309,
        "Net profit from business activities": -17287,
        "Profit": 33800,
        "Profit before tax": 16513,
        "Present corporate income tax expenses": 3633,
        "Deferred income taxes expenses": -1125,
        "The interests of minority shareholders": "N/A",
        "Total Cost of profits": 2508,
        "Profit after tax corporate income": 14004,
        "Volume": 31623360,
        "Close of Quarter": 11.5,
        "EPS": 99.5,
        "Non-adjusted EPS": 370,
        "PE": 31.1,
        "Book Price": 3.0
      }
    },
    {
      "quarter": "Q1 2011",
      "income status": {
        "Net sales": 81496,
        "Cost of goods sold": 71913,
        "Gross Profit": 9583,
        "Financial expenses": 19979,
        "Of which: Interest expense": 5036,
        "Cost of sales": 1030,
        "Enterprise cost management": 1619,
        "Total Operating Expenses": 22628,
        "Total revenue financing activities": 7084,
        "Net profit from business activities": -5960,
        "Profit": 11,
        "Profit before tax": -5949,
        "Present corporate income tax expenses": "N/A",
        "Deferred income taxes expenses": "N/A",
        "The interests of minority shareholders": "N/A",
        "Total Cost of profits": 0,
        "Profit after tax corporate income": -5949,
        "Volume": 31643360,
        "Close of Quarter": 16.4,
        "EPS": 169.9,
        "Non-adjusted EPS": 631,
        "PE": 26.0,
        "Book Price": 3.0
      }
    }
  ]
}