{
  "ticker": "LM3",
  "data": [
    {
      "quarter": "Q4 2016",
      "income status": {
        "Net sales": 47665,
        "Cost of goods sold": 38226,
        "Gross Profit": 9439,
        "Financial expenses": 12737,
        "Of which: Interest expense": 9054,
        "Cost of sales": 129,
        "Enterprise cost management": 28170,
        "Total Operating Expenses": 41036,
        "Total revenue financing activities": 16,
        "Net profit from business activities": -31581,
        "Profit": -155158,
        "Profit before tax": -186739,
        "Present corporate income tax expenses": "N/A",
        "Deferred income taxes expenses": "N/A",
        "The interests of minority shareholders": -1813,
        "Total Cost of profits": -1813,
        "Profit after tax corporate income": -184926,
        "Volume": 5150000,
        "Close of Quarter": 6.2,
        "EPS": -44636,
        "Non-adjusted EPS": -44636,
        "PE": -0.1,
        "Book Price": -52.8
      }
    },
    {
      "quarter": "Q3 2016",
      "income status": {
        "Net sales": 32924,
        "Cost of goods sold": 33506,
        "Gross Profit": -582,
        "Financial expenses": 7553,
        "Of which: Interest expense": 7417,
        "Cost of sales": 80,
        "Enterprise cost management": 3215,
        "Total Operating Expenses": 10848,
        "Total revenue financing activities": 17,
        "Net profit from business activities": -11414,
        "Profit": -461,
        "Profit before tax": -11875,
        "Present corporate income tax expenses": "N/A",
        "Deferred income taxes expenses": "N/A",
        "The interests of minority shareholders": -438,
        "Total Cost of profits": -438,
        "Profit after tax corporate income": -11437,
        "Volume": 5150000,
        "Close of Quarter": 6.3,
        "EPS": -15459,
        "Non-adjusted EPS": -15459,
        "PE": -0.4,
        "Book Price": -17.2
      }
    },
    {
      "quarter": "Q2 2016",
      "income status": {
        "Net sales": 21876,
        "Cost of goods sold": 25069,
        "Gross Profit": -3192,
        "Financial expenses": 7633,
        "Of which: Interest expense": 7599,
        "Cost of sales": 96,
        "Enterprise cost management": 3103,
        "Total Operating Expenses": 10832,
        "Total revenue financing activities": -19,
        "Net profit from business activities": -14043,
        "Profit": -2164,
        "Profit before tax": -16208,
        "Present corporate income tax expenses": "N/A",
        "Deferred income taxes expenses": "N/A",
        "The interests of minority shareholders": -47,
        "Total Cost of profits": -47,
        "Profit after tax corporate income": -16161,
        "Volume": 5150000,
        "Close of Quarter": 3.4,
        "EPS": -13719,
        "Non-adjusted EPS": -13719,
        "PE": -0.3,
        "Book Price": -14.9
      }
    },
    {
      "quarter": "Q1 2016",
      "income status": {
        "Net sales": 21470,
        "Cost of goods sold": 29410,
        "Gross Profit": -7941,
        "Financial expenses": 5900,
        "Of which: Interest expense": 5770,
        "Cost of sales": 93,
        "Enterprise cost management": 3231,
        "Total Operating Expenses": 9224,
        "Total revenue financing activities": 51,
        "Net profit from business activities": -17113,
        "Profit": -465,
        "Profit before tax": -17578,
        "Present corporate income tax expenses": "N/A",
        "Deferred income taxes expenses": "N/A",
        "The interests of minority shareholders": -226,
        "Total Cost of profits": -226,
        "Profit after tax corporate income": -17352,
        "Volume": 5150000,
        "Close of Quarter": 1,
        "EPS": -13928,
        "Non-adjusted EPS": -13928,
        "PE": -0.1,
        "Book Price": -11.8
      }
    },
    {
      "quarter": "Q4 2015",
      "income status": {
        "Net sales": -9069,
        "Cost of goods sold": 5461,
        "Gross Profit": -14529,
        "Financial expenses": 11683,
        "Of which: Interest expense": 8561,
        "Cost of sales": 159,
        "Enterprise cost management": 9788,
        "Total Operating Expenses": 21630,
        "Total revenue financing activities": 65,
        "Net profit from business activities": -36094,
        "Profit": -990,
        "Profit before tax": -37084,
        "Present corporate income tax expenses": -4,
        "Deferred income taxes expenses": "N/A",
        "The interests of minority shareholders": -2415,
        "Total Cost of profits": -2419,
        "Profit after tax corporate income": -34666,
        "Volume": 5150000,
        "Close of Quarter": 1.1,
        "EPS": -10682,
        "Non-adjusted EPS": -10682,
        "PE": -0.1,
        "Book Price": -8.6
      }
    },
    {
      "quarter": "Q3 2015",
      "income status": {
        "Net sales": 110238,
        "Cost of goods sold": 102623,
        "Gross Profit": 7616,
        "Financial expenses": 8886,
        "Of which: Interest expense": 9043,
        "Cost of sales": 143,
        "Enterprise cost management": 3198,
        "Total Operating Expenses": 12227,
        "Total revenue financing activities": 210,
        "Net profit from business activities": -4401,
        "Profit": 2670,
        "Profit before tax": -1731,
        "Present corporate income tax expenses": 4,
        "Deferred income taxes expenses": "N/A",
        "The interests of minority shareholders": 742,
        "Total Cost of profits": 746,
        "Profit after tax corporate income": -2476,
        "Volume": 5150000,
        "Close of Quarter": 1.6,
        "EPS": -10583,
        "Non-adjusted EPS": -10583,
        "PE": -0.2,
        "Book Price": -1.6
      }
    },
    {
      "quarter": "Q2 2015",
      "income status": {
        "Net sales": 76560,
        "Cost of goods sold": 68361,
        "Gross Profit": 8200,
        "Financial expenses": 15784,
        "Of which: Interest expense": 15911,
        "Cost of sales": 157,
        "Enterprise cost management": 4363,
        "Total Operating Expenses": 20304,
        "Total revenue financing activities": 60,
        "Net profit from business activities": -12045,
        "Profit": -5345,
        "Profit before tax": -17390,
        "Present corporate income tax expenses": "N/A",
        "Deferred income taxes expenses": "N/A",
        "The interests of minority shareholders": -130,
        "Total Cost of profits": -130,
        "Profit after tax corporate income": -17234,
        "Volume": 5150000,
        "Close of Quarter": 1.4,
        "EPS": -10307,
        "Non-adjusted EPS": -10307,
        "PE": -0.1,
        "Book Price": -1.7
      }
    },
    {
      "quarter": "Q1 2015",
      "income status": {
        "Net sales": 40216,
        "Cost of goods sold": 33852,
        "Gross Profit": 6365,
        "Financial expenses": 5039,
        "Of which: Interest expense": 4303,
        "Cost of sales": 206,
        "Enterprise cost management": 2418,
        "Total Operating Expenses": 7663,
        "Total revenue financing activities": 4,
        "Net profit from business activities": -1294,
        "Profit": 87,
        "Profit before tax": -1207,
        "Present corporate income tax expenses": "N/A",
        "Deferred income taxes expenses": "N/A",
        "The interests of minority shareholders": -570,
        "Total Cost of profits": -570,
        "Profit after tax corporate income": -637,
        "Volume": 5150000,
        "Close of Quarter": 2.1,
        "EPS": -7114,
        "Non-adjusted EPS": -7114,
        "PE": -0.3,
        "Book Price": 1.7
      }
    },
    {
      "quarter": "Q4 2014",
      "income status": {
        "Net sales": 96420,
        "Cost of goods sold": 90622,
        "Gross Profit": 5799,
        "Financial expenses": 33442,
        "Of which: Interest expense": 33281,
        "Cost of sales": 133,
        "Enterprise cost management": 8012,
        "Total Operating Expenses": 41587,
        "Total revenue financing activities": 394,
        "Net profit from business activities": -35395,
        "Profit": 327,
        "Profit before tax": -35068,
        "Present corporate income tax expenses": -49,
        "Deferred income taxes expenses": "N/A",
        "The interests of minority shareholders": -862,
        "Total Cost of profits": -911,
        "Profit after tax corporate income": -34157,
        "Volume": 5150000,
        "Close of Quarter": 3,
        "EPS": -6991,
        "Non-adjusted EPS": -6991,
        "PE": -0.4,
        "Book Price": 2.1
      }
    },
    {
      "quarter": "Q3 2014",
      "income status": {
        "Net sales": 39342,
        "Cost of goods sold": 35662,
        "Gross Profit": 3680,
        "Financial expenses": 2166,
        "Of which: Interest expense": 2074,
        "Cost of sales": 170,
        "Enterprise cost management": 2203,
        "Total Operating Expenses": 4539,
        "Total revenue financing activities": 42,
        "Net profit from business activities": -817,
        "Profit": -232,
        "Profit before tax": -1049,
        "Present corporate income tax expenses": 20,
        "Deferred income taxes expenses": "N/A",
        "The interests of minority shareholders": -15,
        "Total Cost of profits": 5,
        "Profit after tax corporate income": -1054,
        "Volume": 5150000,
        "Close of Quarter": 3,
        "EPS": -3523,
        "Non-adjusted EPS": -3523,
        "PE": -0.9,
        "Book Price": 8.9
      }
    },
    {
      "quarter": "Q2 2014",
      "income status": {
        "Net sales": 33553,
        "Cost of goods sold": 25412,
        "Gross Profit": 8141,
        "Financial expenses": 5319,
        "Of which: Interest expense": 5068,
        "Cost of sales": 206,
        "Enterprise cost management": 3532,
        "Total Operating Expenses": 9057,
        "Total revenue financing activities": 312,
        "Net profit from business activities": -605,
        "Profit": 5,
        "Profit before tax": -600,
        "Present corporate income tax expenses": 69,
        "Deferred income taxes expenses": "N/A",
        "The interests of minority shareholders": 119,
        "Total Cost of profits": 188,
        "Profit after tax corporate income": -787,
        "Volume": 5150000,
        "Close of Quarter": 3.3,
        "EPS": -3513,
        "Non-adjusted EPS": -3513,
        "PE": -0.9,
        "Book Price": 9.1
      }
    },
    {
      "quarter": "Q1 2014",
      "income status": {
        "Net sales": 51843,
        "Cost of goods sold": 39515,
        "Gross Profit": 12328,
        "Financial expenses": 9172,
        "Of which: Interest expense": 9187,
        "Cost of sales": 133,
        "Enterprise cost management": 3137,
        "Total Operating Expenses": 12442,
        "Total revenue financing activities": 144,
        "Net profit from business activities": 29,
        "Profit": 50,
        "Profit before tax": 79,
        "Present corporate income tax expenses": 31,
        "Deferred income taxes expenses": "N/A",
        "The interests of minority shareholders": 53,
        "Total Cost of profits": 84,
        "Profit after tax corporate income": -4,
        "Volume": 5150000,
        "Close of Quarter": 4.2,
        "EPS": -3566,
        "Non-adjusted EPS": -3566,
        "PE": -1.2,
        "Book Price": 9.2
      }
    },
    {
      "quarter": "Q4 2013",
      "income status": {
        "Net sales": 139411,
        "Cost of goods sold": 126034,
        "Gross Profit": 13377,
        "Financial expenses": 24813,
        "Of which: Interest expense": 24478,
        "Cost of sales": 180,
        "Enterprise cost management": 8397,
        "Total Operating Expenses": 33390,
        "Total revenue financing activities": 565,
        "Net profit from business activities": -19448,
        "Profit": -199,
        "Profit before tax": -19648,
        "Present corporate income tax expenses": 60,
        "Deferred income taxes expenses": "N/A",
        "The interests of minority shareholders": -3407,
        "Total Cost of profits": -3347,
        "Profit after tax corporate income": -16300,
        "Volume": 5150000,
        "Close of Quarter": 3.2,
        "EPS": -3563,
        "Non-adjusted EPS": -3563,
        "PE": -0.9,
        "Book Price": 9.8
      }
    },
    {
      "quarter": "Q3 2013",
      "income status": {
        "Net sales": 53106,
        "Cost of goods sold": 39669,
        "Gross Profit": 13437,
        "Financial expenses": 10646,
        "Of which: Interest expense": 10603,
        "Cost of sales": 248,
        "Enterprise cost management": 3680,
        "Total Operating Expenses": 14574,
        "Total revenue financing activities": 28,
        "Net profit from business activities": -1109,
        "Profit": 38,
        "Profit before tax": -1071,
        "Present corporate income tax expenses": 6,
        "Deferred income taxes expenses": "N/A",
        "The interests of minority shareholders": -75,
        "Total Cost of profits": -69,
        "Profit after tax corporate income": -1002,
        "Volume": 5150000,
        "Close of Quarter": 2.7,
        "EPS": -280,
        "Non-adjusted EPS": -280,
        "PE": -9.6,
        "Book Price": 13
      }
    },
    {
      "quarter": "Q2 2013",
      "income status": {
        "Net sales": 63832,
        "Cost of goods sold": 46539,
        "Gross Profit": 17293,
        "Financial expenses": 14730,
        "Of which: Interest expense": 14491,
        "Cost of sales": 137,
        "Enterprise cost management": 3989,
        "Total Operating Expenses": 18856,
        "Total revenue financing activities": 558,
        "Net profit from business activities": -1005,
        "Profit": -46,
        "Profit before tax": -1051,
        "Present corporate income tax expenses": 4,
        "Deferred income taxes expenses": "N/A",
        "The interests of minority shareholders": 4,
        "Total Cost of profits": 8,
        "Profit after tax corporate income": -1060,
        "Volume": 5150000,
        "Close of Quarter": 2.8,
        "EPS": -7,
        "Non-adjusted EPS": -7,
        "PE": -400,
        "Book Price": 13.1
      }
    },
    {
      "quarter": "Q1 2013",
      "income status": {
        "Net sales": 35341,
        "Cost of goods sold": 31665,
        "Gross Profit": 3676,
        "Financial expenses": 1478,
        "Of which: Interest expense": 1074,
        "Cost of sales": 231,
        "Enterprise cost management": 2378,
        "Total Operating Expenses": 4087,
        "Total revenue financing activities": 219,
        "Net profit from business activities": -191,
        "Profit": 218,
        "Profit before tax": 26,
        "Present corporate income tax expenses": 18,
        "Deferred income taxes expenses": "N/A",
        "The interests of minority shareholders": -4,
        "Total Cost of profits": 14,
        "Profit after tax corporate income": 12,
        "Volume": 5150000,
        "Close of Quarter": 2.8,
        "EPS": 272,
        "Non-adjusted EPS": 272,
        "PE": 10.3,
        "Book Price": 14.2
      }
    },
    {
      "quarter": "Q4 2012",
      "income status": {
        "Net sales": 105928,
        "Cost of goods sold": 76828,
        "Gross Profit": 29100,
        "Financial expenses": 22733,
        "Of which: Interest expense": 22395,
        "Cost of sales": 355,
        "Enterprise cost management": 5653,
        "Total Operating Expenses": 28741,
        "Total revenue financing activities": 704,
        "Net profit from business activities": 1064,
        "Profit": 9,
        "Profit before tax": 1073,
        "Present corporate income tax expenses": 80,
        "Deferred income taxes expenses": "N/A",
        "The interests of minority shareholders": 384,
        "Total Cost of profits": 464,
        "Profit after tax corporate income": 608,
        "Volume": 5150000,
        "Close of Quarter": 2.6,
        "EPS": 292,
        "Non-adjusted EPS": 292,
        "PE": 8.9,
        "Book Price": 14.1
      }
    },
    {
      "quarter": "Q3 2012",
      "income status": {
        "Net sales": 58741,
        "Cost of goods sold": 46410,
        "Gross Profit": 12331,
        "Financial expenses": 6864,
        "Of which: Interest expense": 6590,
        "Cost of sales": 355,
        "Enterprise cost management": 4529,
        "Total Operating Expenses": 11748,
        "Total revenue financing activities": 141,
        "Net profit from business activities": 724,
        "Profit": -99,
        "Profit before tax": 625,
        "Present corporate income tax expenses": 100,
        "Deferred income taxes expenses": "N/A",
        "The interests of minority shareholders": 123,
        "Total Cost of profits": 223,
        "Profit after tax corporate income": 403,
        "Volume": 5150000,
        "Close of Quarter": 2.7,
        "EPS": 233,
        "Non-adjusted EPS": 233,
        "PE": 11.6,
        "Book Price": 14.1
      }
    },
    {
      "quarter": "Q2 2012",
      "income status": {
        "Net sales": 89641,
        "Cost of goods sold": 77793,
        "Gross Profit": 11848,
        "Financial expenses": 5351,
        "Of which: Interest expense": 5351,
        "Cost of sales": 551,
        "Enterprise cost management": 5545,
        "Total Operating Expenses": 11447,
        "Total revenue financing activities": 380,
        "Net profit from business activities": 781,
        "Profit": 25,
        "Profit before tax": 806,
        "Present corporate income tax expenses": 87,
        "Deferred income taxes expenses": 109,
        "The interests of minority shareholders": 232,
        "Total Cost of profits": 428,
        "Profit after tax corporate income": 378,
        "Volume": 5150000,
        "Close of Quarter": 3.1,
        "EPS": 133,
        "Non-adjusted EPS": 133,
        "PE": 23.3,
        "Book Price": 13.9
      }
    },
    {
      "quarter": "Q1 2012",
      "income status": {
        "Net sales": 52231,
        "Cost of goods sold": 47149,
        "Gross Profit": 5082,
        "Financial expenses": 2784,
        "Of which: Interest expense": 2784,
        "Cost of sales": 446,
        "Enterprise cost management": 2420,
        "Total Operating Expenses": 5650,
        "Total revenue financing activities": 305,
        "Net profit from business activities": -263,
        "Profit": 490,
        "Profit before tax": 227,
        "Present corporate income tax expenses": 31,
        "Deferred income taxes expenses": "N/A",
        "The interests of minority shareholders": 79,
        "Total Cost of profits": 110,
        "Profit after tax corporate income": 116,
        "Volume": 5150000,
        "Close of Quarter": 3.4,
        "EPS": 299,
        "Non-adjusted EPS": 299,
        "PE": 11.4,
        "Book Price": 13.9
      }
    },
    {
      "quarter": "Q4 2011",
      "income status": {
        "Net sales": 182895,
        "Cost of goods sold": 154491,
        "Gross Profit": 28404,
        "Financial expenses": 17956,
        "Of which: Interest expense": 17241,
        "Cost of sales": 540,
        "Enterprise cost management": 11616,
        "Total Operating Expenses": 30112,
        "Total revenue financing activities": 696,
        "Net profit from business activities": -1012,
        "Profit": 1353,
        "Profit before tax": 341,
        "Present corporate income tax expenses": "N/A",
        "Deferred income taxes expenses": "N/A",
        "The interests of minority shareholders": 39,
        "Total Cost of profits": 39,
        "Profit after tax corporate income": 302,
        "Volume": 5150000,
        "Close of Quarter": 2.5,
        "EPS": 276,
        "Non-adjusted EPS": 276,
        "PE": 9.1,
        "Book Price": 14
      }
    },
    {
      "quarter": "Q3 2011",
      "income status": {
        "Net sales": 42396,
        "Cost of goods sold": 37955,
        "Gross Profit": 4440,
        "Financial expenses": 2519,
        "Of which: Interest expense": 2519,
        "Cost of sales": 434,
        "Enterprise cost management": 3026,
        "Total Operating Expenses": 5979,
        "Total revenue financing activities": 240,
        "Net profit from business activities": -1298,
        "Profit": 1152,
        "Profit before tax": -146,
        "Present corporate income tax expenses": 35,
        "Deferred income taxes expenses": "N/A",
        "The interests of minority shareholders": -71,
        "Total Cost of profits": -36,
        "Profit after tax corporate income": -110,
        "Volume": 5150000,
        "Close of Quarter": 4.5,
        "EPS": 398,
        "Non-adjusted EPS": 398,
        "PE": 11.3,
        "Book Price": 14.6
      }
    },
    {
      "quarter": "Q2 2011",
      "income status": {
        "Net sales": 131196,
        "Cost of goods sold": 110604,
        "Gross Profit": 20592,
        "Financial expenses": 12348,
        "Of which: Interest expense": 12348,
        "Cost of sales": 428,
        "Enterprise cost management": 6742,
        "Total Operating Expenses": 19518,
        "Total revenue financing activities": 739,
        "Net profit from business activities": 1815,
        "Profit": 36,
        "Profit before tax": 1851,
        "Present corporate income tax expenses": 367,
        "Deferred income taxes expenses": "N/A",
        "The interests of minority shareholders": 251,
        "Total Cost of profits": 618,
        "Profit after tax corporate income": 1232,
        "Volume": 5150000,
        "Close of Quarter": 5.4,
        "EPS": 646,
        "Non-adjusted EPS": 646,
        "PE": 8.4,
        "Book Price": 14.7
      }
    },
    {
      "quarter": "Q1 2011",
      "income status": {
        "Net sales": 20129,
        "Cost of goods sold": 15937,
        "Gross Profit": 4192,
        "Financial expenses": 1935,
        "Of which: Interest expense": 1935,
        "Cost of sales": 291,
        "Enterprise cost management": 2344,
        "Total Operating Expenses": 4570,
        "Total revenue financing activities": 121,
        "Net profit from business activities": -257,
        "Profit": 393,
        "Profit before tax": 136,
        "Present corporate income tax expenses": 137,
        "Deferred income taxes expenses": "N/A",
        "The interests of minority shareholders": "N/A",
        "Total Cost of profits": 137,
        "Profit after tax corporate income": -1,
        "Volume": 5150000,
        "Close of Quarter": 7.1,
        "EPS": 1177,
        "Non-adjusted EPS": 1177,
        "PE": 6.1,
        "Book Price": 15.4
      }
    }
  ]
}