{
  "ticker": "CMV",
  "data": [
    {
      "quarter": "Q4 2016",
      "income status": {
        "Net sales": 1087316,
        "Cost of goods sold": 1057387,
        "Gross Profit": 29929,
        "Financial expenses": 5427,
        "Of which: Interest expense": 3933,
        "Cost of sales": 24536,
        "Enterprise cost management": 7983,
        "Total Operating Expenses": 37946,
        "Total revenue financing activities": 385,
        "Net profit from business activities": -7632,
        "Profit": 17958,
        "Profit before tax": 10326,
        "Present corporate income tax expenses": 2299,
        "Deferred income taxes expenses": "N/A",
        "The interests of minority shareholders": 455,
        "Total Cost of profits": 2754,
        "Profit after tax corporate income": 7572,
        "Volume": 12103912,
        "Close of Quarter": 17.7,
        "EPS": 2213,
        "Non-adjusted EPS": 2213,
        "PE": 8.0,
        "Book Price": 14.3
      }
    },
    {
      "quarter": "Q3 2016",
      "income status": {
        "Net sales": 953845,
        "Cost of goods sold": 923728,
        "Gross Profit": 30117,
        "Financial expenses": 3059,
        "Of which: Interest expense": 2844,
        "Cost of sales": 20972,
        "Enterprise cost management": 7854,
        "Total Operating Expenses": 31885,
        "Total revenue financing activities": 254,
        "Net profit from business activities": -1513,
        "Profit": 9554,
        "Profit before tax": 8041,
        "Present corporate income tax expenses": 1321,
        "Deferred income taxes expenses": "N/A",
        "The interests of minority shareholders": 353,
        "Total Cost of profits": 1674,
        "Profit after tax corporate income": 6367,
        "Volume": 12103912,
        "Close of Quarter": 15.1,
        "EPS": 2072,
        "Non-adjusted EPS": 2072,
        "PE": 7.3,
        "Book Price": 14.8
      }
    },
    {
      "quarter": "Q2 2016",
      "income status": {
        "Net sales": 986032,
        "Cost of goods sold": 954443,
        "Gross Profit": 31589,
        "Financial expenses": 3311,
        "Of which: Interest expense": 3019,
        "Cost of sales": 31595,
        "Enterprise cost management": 7861,
        "Total Operating Expenses": 42767,
        "Total revenue financing activities": 280,
        "Net profit from business activities": -10898,
        "Profit": 17671,
        "Profit before tax": 6773,
        "Present corporate income tax expenses": 1179,
        "Deferred income taxes expenses": "N/A",
        "The interests of minority shareholders": 410,
        "Total Cost of profits": 1589,
        "Profit after tax corporate income": 5183,
        "Volume": 12103912,
        "Close of Quarter": 14.9,
        "EPS": 2128,
        "Non-adjusted EPS": 2128,
        "PE": 7.0,
        "Book Price": 14.8
      }
    },
    {
      "quarter": "Q1 2016",
      "income status": {
        "Net sales": 996482,
        "Cost of goods sold": 971283,
        "Gross Profit": 25198,
        "Financial expenses": 3902,
        "Of which: Interest expense": 3329,
        "Cost of sales": 22279,
        "Enterprise cost management": 5353,
        "Total Operating Expenses": 31534,
        "Total revenue financing activities": 423,
        "Net profit from business activities": -5913,
        "Profit": 16293,
        "Profit before tax": 10380,
        "Present corporate income tax expenses": 2267,
        "Deferred income taxes expenses": "N/A",
        "The interests of minority shareholders": 445,
        "Total Cost of profits": 2712,
        "Profit after tax corporate income": 7669,
        "Volume": 12103912,
        "Close of Quarter": 14.1,
        "EPS": 2626,
        "Non-adjusted EPS": 2626,
        "PE": 5.4,
        "Book Price": 14.4
      }
    },
    {
      "quarter": "Q4 2015",
      "income status": {
        "Net sales": 1071129,
        "Cost of goods sold": 1041514,
        "Gross Profit": 29614,
        "Financial expenses": 4063,
        "Of which: Interest expense": 3795,
        "Cost of sales": 23115,
        "Enterprise cost management": 7569,
        "Total Operating Expenses": 34747,
        "Total revenue financing activities": 327,
        "Net profit from business activities": -4805,
        "Profit": 13592,
        "Profit before tax": 8787,
        "Present corporate income tax expenses": 2632,
        "Deferred income taxes expenses": "N/A",
        "The interests of minority shareholders": 294,
        "Total Cost of profits": 2926,
        "Profit after tax corporate income": 5861,
        "Volume": 12103912,
        "Close of Quarter": 15.1,
        "EPS": 2482,
        "Non-adjusted EPS": 2482,
        "PE": 6.1,
        "Book Price": 13.9
      }
    },
    {
      "quarter": "Q3 2015",
      "income status": {
        "Net sales": 1005068,
        "Cost of goods sold": 977659,
        "Gross Profit": 27410,
        "Financial expenses": 5435,
        "Of which: Interest expense": 2998,
        "Cost of sales": 16446,
        "Enterprise cost management": 4909,
        "Total Operating Expenses": 26790,
        "Total revenue financing activities": 329,
        "Net profit from business activities": 949,
        "Profit": 8464,
        "Profit before tax": 9413,
        "Present corporate income tax expenses": 2078,
        "Deferred income taxes expenses": "N/A",
        "The interests of minority shareholders": 295,
        "Total Cost of profits": 2373,
        "Profit after tax corporate income": 7040,
        "Volume": 12103912,
        "Close of Quarter": 11.9,
        "EPS": 2337,
        "Non-adjusted EPS": 2337,
        "PE": 5.1,
        "Book Price": 14.5
      }
    },
    {
      "quarter": "Q2 2015",
      "income status": {
        "Net sales": 1015525,
        "Cost of goods sold": 972802,
        "Gross Profit": 42724,
        "Financial expenses": 3216,
        "Of which: Interest expense": 3015,
        "Cost of sales": 25888,
        "Enterprise cost management": 7588,
        "Total Operating Expenses": 36692,
        "Total revenue financing activities": 377,
        "Net profit from business activities": 6409,
        "Profit": 8636,
        "Profit before tax": 15046,
        "Present corporate income tax expenses": 3471,
        "Deferred income taxes expenses": "N/A",
        "The interests of minority shareholders": 358,
        "Total Cost of profits": 3829,
        "Profit after tax corporate income": 11216,
        "Volume": 12103912,
        "Close of Quarter": 11.9,
        "EPS": 2189,
        "Non-adjusted EPS": 2189,
        "PE": 5.5,
        "Book Price": 14.4
      }
    },
    {
      "quarter": "Q1 2015",
      "income status": {
        "Net sales": 979279,
        "Cost of goods sold": 947285,
        "Gross Profit": 31993,
        "Financial expenses": 2654,
        "Of which: Interest expense": 2229,
        "Cost of sales": 24168,
        "Enterprise cost management": 5743,
        "Total Operating Expenses": 32565,
        "Total revenue financing activities": 387,
        "Net profit from business activities": -184,
        "Profit": 8192,
        "Profit before tax": 8008,
        "Present corporate income tax expenses": 1772,
        "Deferred income taxes expenses": "N/A",
        "The interests of minority shareholders": 316,
        "Total Cost of profits": 2088,
        "Profit after tax corporate income": 5921,
        "Volume": 12103912,
        "Close of Quarter": 12.1,
        "EPS": 1938,
        "Non-adjusted EPS": 1938,
        "PE": 6.2,
        "Book Price": 13.5
      }
    },
    {
      "quarter": "Q4 2014",
      "income status": {
        "Net sales": 1073050,
        "Cost of goods sold": 1029398,
        "Gross Profit": 43651,
        "Financial expenses": 2347,
        "Of which: Interest expense": 2028,
        "Cost of sales": 31540,
        "Enterprise cost management": 11783,
        "Total Operating Expenses": 45670,
        "Total revenue financing activities": 629,
        "Net profit from business activities": -1390,
        "Profit": 7933,
        "Profit before tax": 6543,
        "Present corporate income tax expenses": 2165,
        "Deferred income taxes expenses": "N/A",
        "The interests of minority shareholders": 268,
        "Total Cost of profits": 2433,
        "Profit after tax corporate income": 4110,
        "Volume": 12103912,
        "Close of Quarter": 12.4,
        "EPS": 2038,
        "Non-adjusted EPS": 2038,
        "PE": 6.1,
        "Book Price": 12.9
      }
    },
    {
      "quarter": "Q3 2014",
      "income status": {
        "Net sales": 1108411,
        "Cost of goods sold": 1075773,
        "Gross Profit": 32638,
        "Financial expenses": 3648,
        "Of which: Interest expense": 2679,
        "Cost of sales": 23544,
        "Enterprise cost management": 5781,
        "Total Operating Expenses": 32973,
        "Total revenue financing activities": 423,
        "Net profit from business activities": 87,
        "Profit": 6821,
        "Profit before tax": 6908,
        "Present corporate income tax expenses": 1382,
        "Deferred income taxes expenses": "N/A",
        "The interests of minority shareholders": 272,
        "Total Cost of profits": 1654,
        "Profit after tax corporate income": 5254,
        "Volume": 12103912,
        "Close of Quarter": 10.5,
        "EPS": 2193,
        "Non-adjusted EPS": 2193,
        "PE": 4.8,
        "Book Price": 13.8
      }
    },
    {
      "quarter": "Q2 2014",
      "income status": {
        "Net sales": 1103726,
        "Cost of goods sold": 1072773,
        "Gross Profit": 30952,
        "Financial expenses": 2015,
        "Of which: Interest expense": 2065,
        "Cost of sales": 20328,
        "Enterprise cost management": 5328,
        "Total Operating Expenses": 27671,
        "Total revenue financing activities": 659,
        "Net profit from business activities": 3940,
        "Profit": 7285,
        "Profit before tax": 11225,
        "Present corporate income tax expenses": 2418,
        "Deferred income taxes expenses": "N/A",
        "The interests of minority shareholders": 640,
        "Total Cost of profits": 3058,
        "Profit after tax corporate income": 8167,
        "Volume": 12103912,
        "Close of Quarter": 9.9,
        "EPS": 2320,
        "Non-adjusted EPS": 2320,
        "PE": 4.3,
        "Book Price": 14.7
      }
    },
    {
      "quarter": "Q1 2014",
      "income status": {
        "Net sales": 1068144,
        "Cost of goods sold": 1036947,
        "Gross Profit": 31197,
        "Financial expenses": 2952,
        "Of which: Interest expense": 2215,
        "Cost of sales": 19034,
        "Enterprise cost management": 4944,
        "Total Operating Expenses": 26930,
        "Total revenue financing activities": 681,
        "Net profit from business activities": 4948,
        "Profit": 4503,
        "Profit before tax": 9451,
        "Present corporate income tax expenses": 2122,
        "Deferred income taxes expenses": "N/A",
        "The interests of minority shareholders": 188,
        "Total Cost of profits": 2310,
        "Profit after tax corporate income": 7141,
        "Volume": 12103912,
        "Close of Quarter": 9.3,
        "EPS": 1960,
        "Non-adjusted EPS": 1960,
        "PE": 4.7,
        "Book Price": 14.1
      }
    },
    {
      "quarter": "Q4 2013",
      "income status": {
        "Net sales": 1126877,
        "Cost of goods sold": 1096011,
        "Gross Profit": 30866,
        "Financial expenses": 3152,
        "Of which: Interest expense": 2734,
        "Cost of sales": 21604,
        "Enterprise cost management": 5508,
        "Total Operating Expenses": 30264,
        "Total revenue financing activities": 775,
        "Net profit from business activities": 1376,
        "Profit": 6921,
        "Profit before tax": 8297,
        "Present corporate income tax expenses": 2083,
        "Deferred income taxes expenses": "N/A",
        "The interests of minority shareholders": 238,
        "Total Cost of profits": 2321,
        "Profit after tax corporate income": 5976,
        "Volume": 12103912,
        "Close of Quarter": 9.7,
        "EPS": 1898,
        "Non-adjusted EPS": 1898,
        "PE": 5.1,
        "Book Price": 12.8
      }
    },
    {
      "quarter": "Q3 2013",
      "income status": {
        "Net sales": 1051671,
        "Cost of goods sold": 1018004,
        "Gross Profit": 33667,
        "Financial expenses": 3184,
        "Of which: Interest expense": 2892,
        "Cost of sales": 20712,
        "Enterprise cost management": 4865,
        "Total Operating Expenses": 28761,
        "Total revenue financing activities": 751,
        "Net profit from business activities": 5657,
        "Profit": 4126,
        "Profit before tax": 9783,
        "Present corporate income tax expenses": 2411,
        "Deferred income taxes expenses": 32,
        "The interests of minority shareholders": 537,
        "Total Cost of profits": 2980,
        "Profit after tax corporate income": 6803,
        "Volume": 12103912,
        "Close of Quarter": 8.9,
        "EPS": 1727,
        "Non-adjusted EPS": 1727,
        "PE": 5.2,
        "Book Price": 12.5
      }
    },
    {
      "quarter": "Q2 2013",
      "income status": {
        "Net sales": 1063104,
        "Cost of goods sold": 1033448,
        "Gross Profit": 29656,
        "Financial expenses": 2234,
        "Of which: Interest expense": 2081,
        "Cost of sales": 19227,
        "Enterprise cost management": 8896,
        "Total Operating Expenses": 30357,
        "Total revenue financing activities": 627,
        "Net profit from business activities": -74,
        "Profit": 5775,
        "Profit before tax": 5701,
        "Present corporate income tax expenses": 1436,
        "Deferred income taxes expenses": 11,
        "The interests of minority shareholders": 456,
        "Total Cost of profits": 1903,
        "Profit after tax corporate income": 3798,
        "Volume": 12103912,
        "Close of Quarter": 8.6,
        "EPS": 1703,
        "Non-adjusted EPS": 1703,
        "PE": 5.1,
        "Book Price": 12.4
      }
    },
    {
      "quarter": "Q1 2013",
      "income status": {
        "Net sales": 1040112,
        "Cost of goods sold": 1008462,
        "Gross Profit": 31650,
        "Financial expenses": 1802,
        "Of which: Interest expense": 2948,
        "Cost of sales": 22052,
        "Enterprise cost management": 4446,
        "Total Operating Expenses": 28300,
        "Total revenue financing activities": 897,
        "Net profit from business activities": 4248,
        "Profit": 4700,
        "Profit before tax": 8947,
        "Present corporate income tax expenses": 2025,
        "Deferred income taxes expenses": 221,
        "The interests of minority shareholders": 309,
        "Total Cost of profits": 2555,
        "Profit after tax corporate income": 6392,
        "Volume": 12103912,
        "Close of Quarter": 12.7,
        "EPS": 2009,
        "Non-adjusted EPS": 2009,
        "PE": 6.3,
        "Book Price": 12.2
      }
    },
    {
      "quarter": "Q4 2012",
      "income status": {
        "Net sales": 1033570,
        "Cost of goods sold": 1002723,
        "Gross Profit": 30847,
        "Financial expenses": 3287,
        "Of which: Interest expense": 3040,
        "Cost of sales": 23893,
        "Enterprise cost management": 4388,
        "Total Operating Expenses": 31568,
        "Total revenue financing activities": 951,
        "Net profit from business activities": 230,
        "Profit": 5380,
        "Profit before tax": 5449,
        "Present corporate income tax expenses": 1283,
        "Deferred income taxes expenses": -44,
        "The interests of minority shareholders": 302,
        "Total Cost of profits": 1541,
        "Profit after tax corporate income": 3908,
        "Volume": 12103912,
        "Close of Quarter": 12.2,
        "EPS": 2237,
        "Non-adjusted EPS": 2237,
        "PE": 5.5,
        "Book Price": 12.3
      }
    },
    {
      "quarter": "Q3 2012",
      "income status": {
        "Net sales": 1083622,
        "Cost of goods sold": 1049101,
        "Gross Profit": 34521,
        "Financial expenses": 3529,
        "Of which: Interest expense": 3269,
        "Cost of sales": 24595,
        "Enterprise cost management": 4420,
        "Total Operating Expenses": 32544,
        "Total revenue financing activities": 1122,
        "Net profit from business activities": 3099,
        "Profit": 5639,
        "Profit before tax": 9068,
        "Present corporate income tax expenses": 2302,
        "Deferred income taxes expenses": -2,
        "The interests of minority shareholders": 248,
        "Total Cost of profits": 2548,
        "Profit after tax corporate income": 6520,
        "Volume": 11207595,
        "Close of Quarter": 10.6,
        "EPS": 2638.0,
        "Non-adjusted EPS": 2849,
        "PE": 3.7,
        "Book Price": 12.4
      }
    },
    {
      "quarter": "Q2 2012",
      "income status": {
        "Net sales": 1099642,
        "Cost of goods sold": 1068317,
        "Gross Profit": 31325,
        "Financial expenses": 3167,
        "Of which: Interest expense": 2995,
        "Cost of sales": 19412,
        "Enterprise cost management": 4338,
        "Total Operating Expenses": 26917,
        "Total revenue financing activities": 886,
        "Net profit from business activities": 5295,
        "Profit": 5147,
        "Profit before tax": 10332,
        "Present corporate income tax expenses": 2451,
        "Deferred income taxes expenses": -9,
        "The interests of minority shareholders": 399,
        "Total Cost of profits": 2841,
        "Profit after tax corporate income": 7491,
        "Volume": 11207595,
        "Close of Quarter": 10.9,
        "EPS": 2651.9,
        "Non-adjusted EPS": 2864,
        "PE": 3.8,
        "Book Price": 12.5
      }
    },
    {
      "quarter": "Q1 2012",
      "income status": {
        "Net sales": 1188527,
        "Cost of goods sold": 1153683,
        "Gross Profit": 34844,
        "Financial expenses": 1711,
        "Of which: Interest expense": 1552,
        "Cost of sales": 20943,
        "Enterprise cost management": 4327,
        "Total Operating Expenses": 26981,
        "Total revenue financing activities": 1471,
        "Net profit from business activities": 9335,
        "Profit": 3459,
        "Profit before tax": 12602,
        "Present corporate income tax expenses": 3079,
        "Deferred income taxes expenses": 1,
        "The interests of minority shareholders": 362,
        "Total Cost of profits": 3442,
        "Profit after tax corporate income": 9161,
        "Volume": 9579338,
        "Close of Quarter": 13.3,
        "EPS": 2960.7,
        "Non-adjusted EPS": 3741,
        "PE": 3.6,
        "Book Price": 11.6
      }
    },
    {
      "quarter": "Q4 2011",
      "income status": {
        "Net sales": 1128357,
        "Cost of goods sold": 1101390,
        "Gross Profit": 26967,
        "Financial expenses": 360,
        "Of which: Interest expense": -122,
        "Cost of sales": 16997,
        "Enterprise cost management": 3753,
        "Total Operating Expenses": 21110,
        "Total revenue financing activities": 1834,
        "Net profit from business activities": 7691,
        "Profit": 4291,
        "Profit before tax": 11973,
        "Present corporate income tax expenses": 2831,
        "Deferred income taxes expenses": 5,
        "The interests of minority shareholders": 381,
        "Total Cost of profits": 3217,
        "Profit after tax corporate income": 8756,
        "Volume": 9579338,
        "Close of Quarter": 11.1,
        "EPS": 3074.7,
        "Non-adjusted EPS": 3885,
        "PE": 2.8,
        "Book Price": 11.6
      }
    },
    {
      "quarter": "Q3 2011",
      "income status": {
        "Net sales": 1077503,
        "Cost of goods sold": 1047885,
        "Gross Profit": 29618,
        "Financial expenses": 1422,
        "Of which: Interest expense": 1242,
        "Cost of sales": 20185,
        "Enterprise cost management": 3682,
        "Total Operating Expenses": 25289,
        "Total revenue financing activities": 1446,
        "Net profit from business activities": 5775,
        "Profit": 2999,
        "Profit before tax": 39131,
        "Present corporate income tax expenses": 2355,
        "Deferred income taxes expenses": -2,
        "The interests of minority shareholders": 180,
        "Total Cost of profits": 2533,
        "Profit after tax corporate income": 6687,
        "Volume": 9579338,
        "Close of Quarter": 10.8,
        "EPS": 3004.3,
        "Non-adjusted EPS": 3796,
        "PE": 2.9,
        "Book Price": 11.5
      }
    },
    {
      "quarter": "Q2 2011",
      "income status": {
        "Net sales": 1014760,
        "Cost of goods sold": 973924,
        "Gross Profit": 40836,
        "Financial expenses": 1276,
        "Of which: Interest expense": 1016,
        "Cost of sales": 25709,
        "Enterprise cost management": 3413,
        "Total Operating Expenses": 30398,
        "Total revenue financing activities": 1527,
        "Net profit from business activities": 11965,
        "Profit": 3809,
        "Profit before tax": 15569,
        "Present corporate income tax expenses": 4021,
        "Deferred income taxes expenses": 7,
        "The interests of minority shareholders": 310,
        "Total Cost of profits": 4338,
        "Profit after tax corporate income": 11231,
        "Volume": 9579338,
        "Close of Quarter": 10.8,
        "EPS": 3100.0,
        "Non-adjusted EPS": 3917,
        "PE": 2.8,
        "Book Price": 11.3
      }
    },
    {
      "quarter": "Q1 2011",
      "income status": {
        "Net sales": 1018633,
        "Cost of goods sold": 981364,
        "Gross Profit": 37270,
        "Financial expenses": 2575,
        "Of which: Interest expense": 2173,
        "Cost of sales": 22515,
        "Enterprise cost management": 3660,
        "Total Operating Expenses": 28750,
        "Total revenue financing activities": 2126,
        "Net profit from business activities": 10646,
        "Profit": 3909,
        "Profit before tax": 14342,
        "Present corporate income tax expenses": 3468,
        "Deferred income taxes expenses": 23,
        "The interests of minority shareholders": 315,
        "Total Cost of profits": 3806,
        "Profit after tax corporate income": 10537,
        "Volume": 9579338,
        "Close of Quarter": 10.3,
        "EPS": 2777.9,
        "Non-adjusted EPS": 3510,
        "PE": 2.9,
        "Book Price": 11.6
      }
    }
  ]
}