{
  "ticker": "PNC",
  "data": [
    {
      "quarter": "Q4 2016",
      "income status": {
        "Net sales": 133896,
        "Cost of goods sold": 128666,
        "Gross Profit": 5230,
        "Financial expenses": 9420,
        "Of which: Interest expense": 1796,
        "Cost of sales": 8627,
        "Enterprise cost management": 10537,
        "Total Operating Expenses": 28584,
        "Total revenue financing activities": 3263,
        "Net profit from business activities": -19351,
        "Profit": 6964,
        "Profit before tax": -12387,
        "Present corporate income tax expenses": 1815,
        "Deferred income taxes expenses": 73,
        "The interests of minority shareholders": "N/A",
        "Total Cost of profits": 1888,
        "Profit after tax corporate income": -14275,
        "Volume": 10799351,
        "Close of Quarter": 16.7,
        "EPS": 178,
        "Non-adjusted EPS": 178,
        "PE": 93.8,
        "Book Price": 8.8
      }
    },
    {
      "quarter": "Q3 2016",
      "income status": {
        "Net sales": 134902,
        "Cost of goods sold": 79788,
        "Gross Profit": 55114,
        "Financial expenses": 1797,
        "Of which: Interest expense": 1659,
        "Cost of sales": 46053,
        "Enterprise cost management": 7805,
        "Total Operating Expenses": 55655,
        "Total revenue financing activities": 420,
        "Net profit from business activities": 445,
        "Profit": -846,
        "Profit before tax": -401,
        "Present corporate income tax expenses": "N/A",
        "Deferred income taxes expenses": -57,
        "The interests of minority shareholders": "N/A",
        "Total Cost of profits": -57,
        "Profit after tax corporate income": -344,
        "Volume": 10799351,
        "Close of Quarter": 16,
        "EPS": 2265,
        "Non-adjusted EPS": 2265,
        "PE": 7.1,
        "Book Price": 10.5
      }
    },
    {
      "quarter": "Q2 2016",
      "income status": {
        "Net sales": 126899,
        "Cost of goods sold": 72052,
        "Gross Profit": 54847,
        "Financial expenses": 1936,
        "Of which: Interest expense": 1644,
        "Cost of sales": 46460,
        "Enterprise cost management": 8444,
        "Total Operating Expenses": 56840,
        "Total revenue financing activities": 3138,
        "Net profit from business activities": 18508,
        "Profit": -188,
        "Profit before tax": 18321,
        "Present corporate income tax expenses": "N/A",
        "Deferred income taxes expenses": 36,
        "The interests of minority shareholders": "N/A",
        "Total Cost of profits": 36,
        "Profit after tax corporate income": 18285,
        "Volume": 10799351,
        "Close of Quarter": 14,
        "EPS": 1806,
        "Non-adjusted EPS": 1806,
        "PE": 7.8,
        "Book Price": 10.5
      }
    },
    {
      "quarter": "Q1 2016",
      "income status": {
        "Net sales": 106733,
        "Cost of goods sold": 65281,
        "Gross Profit": 41452,
        "Financial expenses": 1895,
        "Of which: Interest expense": 7202,
        "Cost of sales": 34814,
        "Enterprise cost management": 8490,
        "Total Operating Expenses": 45199,
        "Total revenue financing activities": 1949,
        "Net profit from business activities": -1797,
        "Profit": -187,
        "Profit before tax": -1983,
        "Present corporate income tax expenses": 14,
        "Deferred income taxes expenses": -252,
        "The interests of minority shareholders": "N/A",
        "Total Cost of profits": -238,
        "Profit after tax corporate income": -1746,
        "Volume": 10799351,
        "Close of Quarter": 10.7,
        "EPS": -124,
        "Non-adjusted EPS": -124,
        "PE": -86.3,
        "Book Price": 9.3
      }
    },
    {
      "quarter": "Q4 2015",
      "income status": {
        "Net sales": 113860,
        "Cost of goods sold": 76262,
        "Gross Profit": 37598,
        "Financial expenses": 2893,
        "Of which: Interest expense": 1742,
        "Cost of sales": 35467,
        "Enterprise cost management": 8359,
        "Total Operating Expenses": 46719,
        "Total revenue financing activities": 3395,
        "Net profit from business activities": 384,
        "Profit": 7686,
        "Profit before tax": 8070,
        "Present corporate income tax expenses": 81,
        "Deferred income taxes expenses": -282,
        "The interests of minority shareholders": "N/A",
        "Total Cost of profits": -201,
        "Profit after tax corporate income": 8270,
        "Volume": 10799351,
        "Close of Quarter": 14,
        "EPS": -320,
        "Non-adjusted EPS": -320,
        "PE": -43.8,
        "Book Price": 9.5
      }
    },
    {
      "quarter": "Q3 2015",
      "income status": {
        "Net sales": 124567,
        "Cost of goods sold": 82720,
        "Gross Profit": 41847,
        "Financial expenses": 6496,
        "Of which: Interest expense": 1703,
        "Cost of sales": 32499,
        "Enterprise cost management": 6983,
        "Total Operating Expenses": 45978,
        "Total revenue financing activities": 489,
        "Net profit from business activities": -3641,
        "Profit": -622,
        "Profit before tax": -4264,
        "Present corporate income tax expenses": 446,
        "Deferred income taxes expenses": 590,
        "The interests of minority shareholders": "N/A",
        "Total Cost of profits": 1036,
        "Profit after tax corporate income": -5300,
        "Volume": 10799351,
        "Close of Quarter": 12.1,
        "EPS": -990,
        "Non-adjusted EPS": -990,
        "PE": -12.2,
        "Book Price": 5.3
      }
    },
    {
      "quarter": "Q2 2015",
      "income status": {
        "Net sales": 104368,
        "Cost of goods sold": 65509,
        "Gross Profit": 38859,
        "Financial expenses": 4555,
        "Of which: Interest expense": 900,
        "Cost of sales": 29125,
        "Enterprise cost management": 8427,
        "Total Operating Expenses": 42107,
        "Total revenue financing activities": 1822,
        "Net profit from business activities": -1885,
        "Profit": -58,
        "Profit before tax": -1943,
        "Present corporate income tax expenses": 556,
        "Deferred income taxes expenses": 69,
        "The interests of minority shareholders": "N/A",
        "Total Cost of profits": 625,
        "Profit after tax corporate income": -2568,
        "Volume": 10799351,
        "Close of Quarter": 14,
        "EPS": 564,
        "Non-adjusted EPS": 564,
        "PE": 24.8,
        "Book Price": 5.5
      }
    },
    {
      "quarter": "Q1 2015",
      "income status": {
        "Net sales": 74567,
        "Cost of goods sold": 46431,
        "Gross Profit": 28136,
        "Financial expenses": 1677,
        "Of which: Interest expense": 1609,
        "Cost of sales": 25823,
        "Enterprise cost management": 5536,
        "Total Operating Expenses": 33036,
        "Total revenue financing activities": 1033,
        "Net profit from business activities": -3868,
        "Profit": -143,
        "Profit before tax": -4011,
        "Present corporate income tax expenses": "N/A",
        "Deferred income taxes expenses": -148,
        "The interests of minority shareholders": "N/A",
        "Total Cost of profits": -148,
        "Profit after tax corporate income": -3863,
        "Volume": 10799351,
        "Close of Quarter": 13,
        "EPS": 413,
        "Non-adjusted EPS": 413,
        "PE": 31.5,
        "Book Price": 6.5
      }
    },
    {
      "quarter": "Q4 2014",
      "income status": {
        "Net sales": 89212,
        "Cost of goods sold": 56663,
        "Gross Profit": 32549,
        "Financial expenses": 1192,
        "Of which: Interest expense": 1450,
        "Cost of sales": 24184,
        "Enterprise cost management": 7930,
        "Total Operating Expenses": 33306,
        "Total revenue financing activities": 2163,
        "Net profit from business activities": 1406,
        "Profit": 176,
        "Profit before tax": 1582,
        "Present corporate income tax expenses": 715,
        "Deferred income taxes expenses": -172,
        "The interests of minority shareholders": "N/A",
        "Total Cost of profits": 543,
        "Profit after tax corporate income": 1038,
        "Volume": 10799351,
        "Close of Quarter": 12.4,
        "EPS": 333,
        "Non-adjusted EPS": 333,
        "PE": 37.2,
        "Book Price": 7
      }
    },
    {
      "quarter": "Q3 2014",
      "income status": {
        "Net sales": 101324,
        "Cost of goods sold": 59055,
        "Gross Profit": 42269,
        "Financial expenses": 1640,
        "Of which: Interest expense": 1554,
        "Cost of sales": 24393,
        "Enterprise cost management": 5525,
        "Total Operating Expenses": 31558,
        "Total revenue financing activities": 433,
        "Net profit from business activities": 11144,
        "Profit": 122,
        "Profit before tax": 11266,
        "Present corporate income tax expenses": -49,
        "Deferred income taxes expenses": -165,
        "The interests of minority shareholders": "N/A",
        "Total Cost of profits": -214,
        "Profit after tax corporate income": 11480,
        "Volume": 10799351,
        "Close of Quarter": 8.6,
        "EPS": -736,
        "Non-adjusted EPS": -736,
        "PE": -11.7,
        "Book Price": 6.9
      }
    },
    {
      "quarter": "Q2 2014",
      "income status": {
        "Net sales": 81778,
        "Cost of goods sold": 54045,
        "Gross Profit": 27733,
        "Financial expenses": 3562,
        "Of which: Interest expense": 3472,
        "Cost of sales": 24228,
        "Enterprise cost management": 5331,
        "Total Operating Expenses": 33121,
        "Total revenue financing activities": 996,
        "Net profit from business activities": -4392,
        "Profit": 336,
        "Profit before tax": -4056,
        "Present corporate income tax expenses": 49,
        "Deferred income taxes expenses": 88,
        "The interests of minority shareholders": "N/A",
        "Total Cost of profits": 137,
        "Profit after tax corporate income": -4193,
        "Volume": 10799351,
        "Close of Quarter": 6.6,
        "EPS": -2198,
        "Non-adjusted EPS": -2198,
        "PE": -3,
        "Book Price": 5.8
      }
    },
    {
      "quarter": "Q1 2014",
      "income status": {
        "Net sales": 67801,
        "Cost of goods sold": 42956,
        "Gross Profit": 24845,
        "Financial expenses": 3088,
        "Of which: Interest expense": 2986,
        "Cost of sales": 21812,
        "Enterprise cost management": 5493,
        "Total Operating Expenses": 30393,
        "Total revenue financing activities": 1051,
        "Net profit from business activities": -4497,
        "Profit": -319,
        "Profit before tax": -4816,
        "Present corporate income tax expenses": "N/A",
        "Deferred income taxes expenses": -84,
        "The interests of minority shareholders": "N/A",
        "Total Cost of profits": -84,
        "Profit after tax corporate income": -4732,
        "Volume": 10799351,
        "Close of Quarter": 6,
        "EPS": -2297,
        "Non-adjusted EPS": -2297,
        "PE": -2.6,
        "Book Price": 7.7
      }
    },
    {
      "quarter": "Q4 2013",
      "income status": {
        "Net sales": 74220,
        "Cost of goods sold": 46785,
        "Gross Profit": 27436,
        "Financial expenses": 3566,
        "Of which: Interest expense": 3165,
        "Cost of sales": 25176,
        "Enterprise cost management": 5174,
        "Total Operating Expenses": 33916,
        "Total revenue financing activities": -1092,
        "Net profit from business activities": -7572,
        "Profit": -2219,
        "Profit before tax": -9791,
        "Present corporate income tax expenses": "N/A",
        "Deferred income taxes expenses": 710,
        "The interests of minority shareholders": "N/A",
        "Total Cost of profits": 710,
        "Profit after tax corporate income": -10501,
        "Volume": 10799351,
        "Close of Quarter": 5.6,
        "EPS": -2166,
        "Non-adjusted EPS": -2166,
        "PE": -2.6,
        "Book Price": 8.5
      }
    },
    {
      "quarter": "Q3 2013",
      "income status": {
        "Net sales": 86634,
        "Cost of goods sold": 56173,
        "Gross Profit": 30460,
        "Financial expenses": 3604,
        "Of which: Interest expense": 3522,
        "Cost of sales": 26207,
        "Enterprise cost management": 5877,
        "Total Operating Expenses": 35688,
        "Total revenue financing activities": 264,
        "Net profit from business activities": -4964,
        "Profit": 416,
        "Profit before tax": -4548,
        "Present corporate income tax expenses": "N/A",
        "Deferred income taxes expenses": -235,
        "The interests of minority shareholders": "N/A",
        "Total Cost of profits": -235,
        "Profit after tax corporate income": -4312,
        "Volume": 10799351,
        "Close of Quarter": 5,
        "EPS": -1550,
        "Non-adjusted EPS": -1550,
        "PE": -3.2,
        "Book Price": 9.6
      }
    },
    {
      "quarter": "Q2 2013",
      "income status": {
        "Net sales": 88821,
        "Cost of goods sold": 59636,
        "Gross Profit": 29186,
        "Financial expenses": 3608,
        "Of which: Interest expense": 3566,
        "Cost of sales": 25885,
        "Enterprise cost management": 5474,
        "Total Operating Expenses": 34967,
        "Total revenue financing activities": 893,
        "Net profit from business activities": -4889,
        "Profit": -199,
        "Profit before tax": -5250,
        "Present corporate income tax expenses": -112,
        "Deferred income taxes expenses": 127,
        "The interests of minority shareholders": "N/A",
        "Total Cost of profits": 15,
        "Profit after tax corporate income": -5265,
        "Volume": 10799351,
        "Close of Quarter": 5.6,
        "EPS": -1114,
        "Non-adjusted EPS": -1114,
        "PE": -5.0,
        "Book Price": 10
      }
    },
    {
      "quarter": "Q1 2013",
      "income status": {
        "Net sales": 78320,
        "Cost of goods sold": 49430,
        "Gross Profit": 28890,
        "Financial expenses": 3621,
        "Of which: Interest expense": 3549,
        "Cost of sales": 24295,
        "Enterprise cost management": 4933,
        "Total Operating Expenses": 32849,
        "Total revenue financing activities": 447,
        "Net profit from business activities": -3513,
        "Profit": 312,
        "Profit before tax": -3201,
        "Present corporate income tax expenses": "N/A",
        "Deferred income taxes expenses": 112,
        "The interests of minority shareholders": "N/A",
        "Total Cost of profits": 112,
        "Profit after tax corporate income": -3313,
        "Volume": 10799351,
        "Close of Quarter": 4,
        "EPS": -819,
        "Non-adjusted EPS": -819,
        "PE": -4.9,
        "Book Price": 10.5
      }
    },
    {
      "quarter": "Q4 2012",
      "income status": {
        "Net sales": 73791,
        "Cost of goods sold": 46559,
        "Gross Profit": 27232,
        "Financial expenses": 3697,
        "Of which: Interest expense": 3586,
        "Cost of sales": 24677,
        "Enterprise cost management": 4747,
        "Total Operating Expenses": 33121,
        "Total revenue financing activities": 1339,
        "Net profit from business activities": -4551,
        "Profit": 712,
        "Profit before tax": -3839,
        "Present corporate income tax expenses": 165,
        "Deferred income taxes expenses": -152,
        "The interests of minority shareholders": "N/A",
        "Total Cost of profits": 13,
        "Profit after tax corporate income": -3852,
        "Volume": 9818016,
        "Close of Quarter": 3.8,
        "EPS": -1129.1,
        "Non-adjusted EPS": -1242,
        "PE": -3.1,
        "Book Price": 11.3
      }
    },
    {
      "quarter": "Q3 2012",
      "income status": {
        "Net sales": 89735,
        "Cost of goods sold": 55739,
        "Gross Profit": 33996,
        "Financial expenses": 4119,
        "Of which: Interest expense": 3967,
        "Cost of sales": 24491,
        "Enterprise cost management": 5007,
        "Total Operating Expenses": 33617,
        "Total revenue financing activities": 244,
        "Net profit from business activities": 623,
        "Profit": -132,
        "Profit before tax": 491,
        "Present corporate income tax expenses": "N/A",
        "Deferred income taxes expenses": 93,
        "The interests of minority shareholders": "N/A",
        "Total Cost of profits": 93,
        "Profit after tax corporate income": 398,
        "Volume": 9818016,
        "Close of Quarter": 3.5,
        "EPS": -887.3,
        "Non-adjusted EPS": -976,
        "PE": -3.5,
        "Book Price": 11.6
      }
    },
    {
      "quarter": "Q2 2012",
      "income status": {
        "Net sales": 87321,
        "Cost of goods sold": 56520,
        "Gross Profit": 30801,
        "Financial expenses": 5316,
        "Of which: Interest expense": 5276,
        "Cost of sales": 23528,
        "Enterprise cost management": 5744,
        "Total Operating Expenses": 34588,
        "Total revenue financing activities": 753,
        "Net profit from business activities": -3034,
        "Profit": 1048,
        "Profit before tax": -1986,
        "Present corporate income tax expenses": "N/A",
        "Deferred income taxes expenses": 89,
        "The interests of minority shareholders": "N/A",
        "Total Cost of profits": 89,
        "Profit after tax corporate income": -2076,
        "Volume": 9818016,
        "Close of Quarter": 4.1,
        "EPS": -871.9,
        "Non-adjusted EPS": -959,
        "PE": -4.3,
        "Book Price": 11.6
      }
    },
    {
      "quarter": "Q1 2012",
      "income status": {
        "Net sales": 74220,
        "Cost of goods sold": 50262,
        "Gross Profit": 23958,
        "Financial expenses": 4710,
        "Of which: Interest expense": 4614,
        "Cost of sales": 22067,
        "Enterprise cost management": 4567,
        "Total Operating Expenses": 31344,
        "Total revenue financing activities": 629,
        "Net profit from business activities": -6757,
        "Profit": -20,
        "Profit before tax": -6778,
        "Present corporate income tax expenses": "N/A",
        "Deferred income taxes expenses": -117,
        "The interests of minority shareholders": "N/A",
        "Total Cost of profits": -117,
        "Profit after tax corporate income": -6661,
        "Volume": 9818016,
        "Close of Quarter": 5.5,
        "EPS": -619.1,
        "Non-adjusted EPS": -681,
        "PE": -8,
        "Book Price": 11.7
      }
    },
    {
      "quarter": "Q4 2011",
      "income status": {
        "Net sales": 82293,
        "Cost of goods sold": 54942,
        "Gross Profit": 27351,
        "Financial expenses": 4434,
        "Of which: Interest expense": 4127,
        "Cost of sales": 22049,
        "Enterprise cost management": 6280,
        "Total Operating Expenses": 32763,
        "Total revenue financing activities": 2620,
        "Net profit from business activities": -2793,
        "Profit": 129,
        "Profit before tax": -2663,
        "Present corporate income tax expenses": -350,
        "Deferred income taxes expenses": -1066,
        "The interests of minority shareholders": "N/A",
        "Total Cost of profits": -1416,
        "Profit after tax corporate income": -1247,
        "Volume": 9818016,
        "Close of Quarter": 3.3,
        "EPS": 0.9,
        "Non-adjusted EPS": 1,
        "PE": 3270,
        "Book Price": 13
      }
    },
    {
      "quarter": "Q3 2011",
      "income status": {
        "Net sales": 94036,
        "Cost of goods sold": 64241,
        "Gross Profit": 29795,
        "Financial expenses": 5101,
        "Of which: Interest expense": 4877,
        "Cost of sales": 22362,
        "Enterprise cost management": 5347,
        "Total Operating Expenses": 32810,
        "Total revenue financing activities": 209,
        "Net profit from business activities": -2806,
        "Profit": 3486,
        "Profit before tax": 680,
        "Present corporate income tax expenses": 155,
        "Deferred income taxes expenses": -43,
        "The interests of minority shareholders": "N/A",
        "Total Cost of profits": 112,
        "Profit after tax corporate income": 568,
        "Volume": 9818016,
        "Close of Quarter": 5.1,
        "EPS": 45.5,
        "Non-adjusted EPS": 50,
        "PE": 101.8,
        "Book Price": 13.2
      }
    },
    {
      "quarter": "Q2 2011",
      "income status": {
        "Net sales": 86401,
        "Cost of goods sold": 57198,
        "Gross Profit": 29203,
        "Financial expenses": 4234,
        "Of which: Interest expense": 3852,
        "Cost of sales": 21709,
        "Enterprise cost management": 4952,
        "Total Operating Expenses": 30895,
        "Total revenue financing activities": 1331,
        "Net profit from business activities": -360,
        "Profit": 1325,
        "Profit before tax": 964,
        "Present corporate income tax expenses": 221,
        "Deferred income taxes expenses": 89,
        "The interests of minority shareholders": "N/A",
        "Total Cost of profits": 310,
        "Profit after tax corporate income": 654,
        "Volume": 9818016,
        "Close of Quarter": 5.1,
        "EPS": 479.1,
        "Non-adjusted EPS": 527,
        "PE": 9.7,
        "Book Price": 12.5
      }
    },
    {
      "quarter": "Q1 2011",
      "income status": {
        "Net sales": 73223,
        "Cost of goods sold": 47441,
        "Gross Profit": 25782,
        "Financial expenses": 3740,
        "Of which: Interest expense": 3637,
        "Cost of sales": 17963,
        "Enterprise cost management": 4313,
        "Total Operating Expenses": 26016,
        "Total revenue financing activities": 948,
        "Net profit from business activities": 714,
        "Profit": -189,
        "Profit before tax": 524,
        "Present corporate income tax expenses": 282,
        "Deferred income taxes expenses": 213,
        "The interests of minority shareholders": "N/A",
        "Total Cost of profits": 495,
        "Profit after tax corporate income": 30,
        "Volume": 9818016,
        "Close of Quarter": 5.8,
        "EPS": 491.8,
        "Non-adjusted EPS": 541,
        "PE": 10.7,
        "Book Price": 12.8
      }
    }
  ]
}