{
  "ticker": "VSI",
  "data": [
    {
      "quarter": "Q4 2016",
      "income status": {
        "Net sales": 74895,
        "Cost of goods sold": 49127,
        "Gross Profit": 25768,
        "Financial expenses": 433,
        "Of which: Interest expense": 479,
        "Cost of sales": 276,
        "Enterprise cost management": 8784,
        "Total Operating Expenses": 9493,
        "Total revenue financing activities": 529,
        "Net profit from business activities": 16803,
        "Profit": -446,
        "Profit before tax": 16358,
        "Present corporate income tax expenses": 1,
        "Deferred income taxes expenses": "N/A",
        "The interests of minority shareholders": -73,
        "Total Cost of profits": -72,
        "Profit after tax corporate income": 16429,
        "Volume": 13200000,
        "Close of Quarter": 11.4,
        "EPS": 2402,
        "Non-adjusted EPS": 2402,
        "PE": 4.8,
        "Book Price": 15.7
      }
    },
    {
      "quarter": "Q3 2016",
      "income status": {
        "Net sales": 65536,
        "Cost of goods sold": 56969,
        "Gross Profit": 8567,
        "Financial expenses": 637,
        "Of which: Interest expense": 637,
        "Cost of sales": 119,
        "Enterprise cost management": 2991,
        "Total Operating Expenses": 3747,
        "Total revenue financing activities": 2369,
        "Net profit from business activities": 7189,
        "Profit": 77,
        "Profit before tax": 7266,
        "Present corporate income tax expenses": 1,
        "Deferred income taxes expenses": "N/A",
        "The interests of minority shareholders": 2,
        "Total Cost of profits": 3,
        "Profit after tax corporate income": 7264,
        "Volume": 13200000,
        "Close of Quarter": 9.7,
        "EPS": 1623,
        "Non-adjusted EPS": 1623,
        "PE": 6.0,
        "Book Price": 14.3
      }
    },
    {
      "quarter": "Q2 2016",
      "income status": {
        "Net sales": 49553,
        "Cost of goods sold": 41199,
        "Gross Profit": 8354,
        "Financial expenses": 242,
        "Of which: Interest expense": 149,
        "Cost of sales": 186,
        "Enterprise cost management": 6149,
        "Total Operating Expenses": 6577,
        "Total revenue financing activities": 864,
        "Net profit from business activities": 2642,
        "Profit": 913,
        "Profit before tax": 3555,
        "Present corporate income tax expenses": "N/A",
        "Deferred income taxes expenses": "N/A",
        "The interests of minority shareholders": -2,
        "Total Cost of profits": -2,
        "Profit after tax corporate income": 3557,
        "Volume": 13200000,
        "Close of Quarter": 11.4,
        "EPS": 1231,
        "Non-adjusted EPS": 1231,
        "PE": 9.3,
        "Book Price": 13.7
      }
    },
    {
      "quarter": "Q1 2016",
      "income status": {
        "Net sales": 62801,
        "Cost of goods sold": 54529,
        "Gross Profit": 8272,
        "Financial expenses": 250,
        "Of which: Interest expense": 205,
        "Cost of sales": 246,
        "Enterprise cost management": 4557,
        "Total Operating Expenses": 5053,
        "Total revenue financing activities": 1236,
        "Net profit from business activities": 4454,
        "Profit": -4,
        "Profit before tax": 4450,
        "Present corporate income tax expenses": "N/A",
        "Deferred income taxes expenses": "N/A",
        "The interests of minority shareholders": -5,
        "Total Cost of profits": -5,
        "Profit after tax corporate income": 4455,
        "Volume": 13200000,
        "Close of Quarter": 12.5,
        "EPS": 3068,
        "Non-adjusted EPS": 3068,
        "PE": 4.1,
        "Book Price": 14.9
      }
    },
    {
      "quarter": "Q4 2015",
      "income status": {
        "Net sales": 376470,
        "Cost of goods sold": 315556,
        "Gross Profit": 60914,
        "Financial expenses": 11161,
        "Of which: Interest expense": 651,
        "Cost of sales": 376,
        "Enterprise cost management": 37100,
        "Total Operating Expenses": 48637,
        "Total revenue financing activities": 191,
        "Net profit from business activities": 12467,
        "Profit": -3374,
        "Profit before tax": 9094,
        "Present corporate income tax expenses": 2987,
        "Deferred income taxes expenses": "N/A",
        "The interests of minority shareholders": -39,
        "Total Cost of profits": 2948,
        "Profit after tax corporate income": 6146,
        "Volume": 13200000,
        "Close of Quarter": 11.3,
        "EPS": 2924,
        "Non-adjusted EPS": 2924,
        "PE": 3.9,
        "Book Price": 15.2
      }
    },
    {
      "quarter": "Q3 2015",
      "income status": {
        "Net sales": 65437,
        "Cost of goods sold": 54834,
        "Gross Profit": 10603,
        "Financial expenses": 2605,
        "Of which: Interest expense": 498,
        "Cost of sales": 288,
        "Enterprise cost management": 5030,
        "Total Operating Expenses": 7923,
        "Total revenue financing activities": 347,
        "Net profit from business activities": 3028,
        "Profit": -156,
        "Profit before tax": 2871,
        "Present corporate income tax expenses": 777,
        "Deferred income taxes expenses": "N/A",
        "The interests of minority shareholders": -2,
        "Total Cost of profits": 775,
        "Profit after tax corporate income": 2096,
        "Volume": 13200000,
        "Close of Quarter": 11.1,
        "EPS": 3058,
        "Non-adjusted EPS": 3058,
        "PE": 3.6,
        "Book Price": 14.7
      }
    },
    {
      "quarter": "Q2 2015",
      "income status": {
        "Net sales": 262671,
        "Cost of goods sold": 212963,
        "Gross Profit": 49708,
        "Financial expenses": 579,
        "Of which: Interest expense": 579,
        "Cost of sales": 67,
        "Enterprise cost management": 7127,
        "Total Operating Expenses": 7773,
        "Total revenue financing activities": 115,
        "Net profit from business activities": 42051,
        "Profit": -5947,
        "Profit before tax": 36104,
        "Present corporate income tax expenses": 8341,
        "Deferred income taxes expenses": "N/A",
        "The interests of minority shareholders": -42,
        "Total Cost of profits": 8299,
        "Profit after tax corporate income": 27806,
        "Volume": 13200000,
        "Close of Quarter": 8.5,
        "EPS": 3156,
        "Non-adjusted EPS": 3156,
        "PE": 2.7,
        "Book Price": 14.6
      }
    },
    {
      "quarter": "Q1 2015",
      "income status": {
        "Net sales": 88957,
        "Cost of goods sold": 78161,
        "Gross Profit": 10795,
        "Financial expenses": 1630,
        "Of which: Interest expense": 1630,
        "Cost of sales": 42,
        "Enterprise cost management": 5186,
        "Total Operating Expenses": 6858,
        "Total revenue financing activities": 22,
        "Net profit from business activities": 3959,
        "Profit": -404,
        "Profit before tax": 3555,
        "Present corporate income tax expenses": 1014,
        "Deferred income taxes expenses": "N/A",
        "The interests of minority shareholders": -9,
        "Total Cost of profits": 1005,
        "Profit after tax corporate income": 2550,
        "Volume": 13200000,
        "Close of Quarter": 7.8,
        "EPS": 1244,
        "Non-adjusted EPS": 1244,
        "PE": 6.3,
        "Book Price": 13.5
      }
    },
    {
      "quarter": "Q4 2014",
      "income status": {
        "Net sales": 111973,
        "Cost of goods sold": 95452,
        "Gross Profit": 16521,
        "Financial expenses": 1513,
        "Of which: Interest expense": 1512,
        "Cost of sales": 114,
        "Enterprise cost management": 4753,
        "Total Operating Expenses": 6380,
        "Total revenue financing activities": 97,
        "Net profit from business activities": 10238,
        "Profit": 340,
        "Profit before tax": 10578,
        "Present corporate income tax expenses": 2712,
        "Deferred income taxes expenses": "N/A",
        "The interests of minority shareholders": -47,
        "Total Cost of profits": 2665,
        "Profit after tax corporate income": 7914,
        "Volume": 13200000,
        "Close of Quarter": 7.9,
        "EPS": 1075,
        "Non-adjusted EPS": 1075,
        "PE": 7.3,
        "Book Price": 13.3
      }
    },
    {
      "quarter": "Q3 2014",
      "income status": {
        "Net sales": 97760,
        "Cost of goods sold": 86833,
        "Gross Profit": 10927,
        "Financial expenses": 1930,
        "Of which: Interest expense": 1930,
        "Cost of sales": 251,
        "Enterprise cost management": 4389,
        "Total Operating Expenses": 6570,
        "Total revenue financing activities": 60,
        "Net profit from business activities": 4417,
        "Profit": 233,
        "Profit before tax": 4650,
        "Present corporate income tax expenses": 1264,
        "Deferred income taxes expenses": "N/A",
        "The interests of minority shareholders": -9,
        "Total Cost of profits": 1255,
        "Profit after tax corporate income": 3395,
        "Volume": 13200000,
        "Close of Quarter": 6.0,
        "EPS": 538,
        "Non-adjusted EPS": 538,
        "PE": 11.1,
        "Book Price": 12.7
      }
    },
    {
      "quarter": "Q2 2014",
      "income status": {
        "Net sales": 66887,
        "Cost of goods sold": 58737,
        "Gross Profit": 8149,
        "Financial expenses": 2375,
        "Of which: Interest expense": 2375,
        "Cost of sales": 76,
        "Enterprise cost management": 5589,
        "Total Operating Expenses": 8040,
        "Total revenue financing activities": 2239,
        "Net profit from business activities": 2348,
        "Profit": 912,
        "Profit before tax": 3260,
        "Present corporate income tax expenses": 709,
        "Deferred income taxes expenses": "N/A",
        "The interests of minority shareholders": -8,
        "Total Cost of profits": 701,
        "Profit after tax corporate income": 2559,
        "Volume": 13200000,
        "Close of Quarter": 5.9,
        "EPS": 352,
        "Non-adjusted EPS": 352,
        "PE": 16.7,
        "Book Price": 12.5
      }
    },
    {
      "quarter": "Q1 2014",
      "income status": {
        "Net sales": 62193,
        "Cost of goods sold": 54629,
        "Gross Profit": 7563,
        "Financial expenses": 2514,
        "Of which: Interest expense": 2506,
        "Cost of sales": 194,
        "Enterprise cost management": 4196,
        "Total Operating Expenses": 6904,
        "Total revenue financing activities": 100,
        "Net profit from business activities": 759,
        "Profit": -3,
        "Profit before tax": 756,
        "Present corporate income tax expenses": 461,
        "Deferred income taxes expenses": "N/A",
        "The interests of minority shareholders": -25,
        "Total Cost of profits": 436,
        "Profit after tax corporate income": 320,
        "Volume": 13200000,
        "Close of Quarter": 5.8,
        "EPS": 243,
        "Non-adjusted EPS": 243,
        "PE": 23.7,
        "Book Price": 12.5
      }
    },
    {
      "quarter": "Q4 2013",
      "income status": {
        "Net sales": 76753,
        "Cost of goods sold": 66855,
        "Gross Profit": 9898,
        "Financial expenses": 2828,
        "Of which: Interest expense": 2799,
        "Cost of sales": -24,
        "Enterprise cost management": 5826,
        "Total Operating Expenses": 8630,
        "Total revenue financing activities": 24,
        "Net profit from business activities": 1292,
        "Profit": 50,
        "Profit before tax": 1342,
        "Present corporate income tax expenses": 503,
        "Deferred income taxes expenses": "N/A",
        "The interests of minority shareholders": 8,
        "Total Cost of profits": 511,
        "Profit after tax corporate income": 831,
        "Volume": 13200000,
        "Close of Quarter": 3.5,
        "EPS": 230,
        "Non-adjusted EPS": 230,
        "PE": 15.0,
        "Book Price": 12.4
      }
    },
    {
      "quarter": "Q3 2013",
      "income status": {
        "Net sales": 93274,
        "Cost of goods sold": 83715,
        "Gross Profit": 9559,
        "Financial expenses": 3196,
        "Of which: Interest expense": 3189,
        "Cost of sales": 90,
        "Enterprise cost management": 4667,
        "Total Operating Expenses": 7953,
        "Total revenue financing activities": -25,
        "Net profit from business activities": 1581,
        "Profit": -14,
        "Profit before tax": 1566,
        "Present corporate income tax expenses": 644,
        "Deferred income taxes expenses": "N/A",
        "The interests of minority shareholders": -8,
        "Total Cost of profits": 636,
        "Profit after tax corporate income": 930,
        "Volume": 13200000,
        "Close of Quarter": 3.6,
        "EPS": 437,
        "Non-adjusted EPS": 437,
        "PE": 8.2,
        "Book Price": 12.4
      }
    },
    {
      "quarter": "Q2 2013",
      "income status": {
        "Net sales": 53262,
        "Cost of goods sold": 44376,
        "Gross Profit": 8886,
        "Financial expenses": 3376,
        "Of which: Interest expense": 3376,
        "Cost of sales": 117,
        "Enterprise cost management": 4533,
        "Total Operating Expenses": 8026,
        "Total revenue financing activities": 822,
        "Net profit from business activities": 1683,
        "Profit": 26,
        "Profit before tax": 1709,
        "Present corporate income tax expenses": 577,
        "Deferred income taxes expenses": "N/A",
        "The interests of minority shareholders": -2,
        "Total Cost of profits": 575,
        "Profit after tax corporate income": 1133,
        "Volume": 13200000,
        "Close of Quarter": 3.7,
        "EPS": 322,
        "Non-adjusted EPS": 322,
        "PE": 11.5,
        "Book Price": 12.3
      }
    },
    {
      "quarter": "Q1 2013",
      "income status": {
        "Net sales": 51121,
        "Cost of goods sold": 40986,
        "Gross Profit": 10135,
        "Financial expenses": 3428,
        "Of which: Interest expense": 2938,
        "Cost of sales": 199,
        "Enterprise cost management": 6572,
        "Total Operating Expenses": 10199,
        "Total revenue financing activities": 215,
        "Net profit from business activities": 151,
        "Profit": 376,
        "Profit before tax": 527,
        "Present corporate income tax expenses": 382,
        "Deferred income taxes expenses": "N/A",
        "The interests of minority shareholders": -3,
        "Total Cost of profits": 379,
        "Profit after tax corporate income": 148,
        "Volume": 13200000,
        "Close of Quarter": 5.2,
        "EPS": 715,
        "Non-adjusted EPS": 715,
        "PE": 7.3,
        "Book Price": 12.8
      }
    },
    {
      "quarter": "Q4 2012",
      "income status": {
        "Net sales": 100962,
        "Cost of goods sold": 87760,
        "Gross Profit": 13202,
        "Financial expenses": 3339,
        "Of which: Interest expense": 2496,
        "Cost of sales": 451,
        "Enterprise cost management": 5715,
        "Total Operating Expenses": 9505,
        "Total revenue financing activities": 619,
        "Net profit from business activities": 4316,
        "Profit": 95,
        "Profit before tax": 4412,
        "Present corporate income tax expenses": 821,
        "Deferred income taxes expenses": "N/A",
        "The interests of minority shareholders": 29,
        "Total Cost of profits": 850,
        "Profit after tax corporate income": 3562,
        "Volume": 13200000,
        "Close of Quarter": 4.9,
        "EPS": 670,
        "Non-adjusted EPS": 670,
        "PE": 7.3,
        "Book Price": 12.8
      }
    },
    {
      "quarter": "Q3 2012",
      "income status": {
        "Net sales": 39061,
        "Cost of goods sold": 32129,
        "Gross Profit": 6932,
        "Financial expenses": 3914,
        "Of which: Interest expense": 3652,
        "Cost of sales": 126,
        "Enterprise cost management": 3887,
        "Total Operating Expenses": 7927,
        "Total revenue financing activities": 605,
        "Net profit from business activities": -391,
        "Profit": 22,
        "Profit before tax": -369,
        "Present corporate income tax expenses": 240,
        "Deferred income taxes expenses": "N/A",
        "The interests of minority shareholders": -22,
        "Total Cost of profits": 218,
        "Profit after tax corporate income": -587,
        "Volume": 13200000,
        "Close of Quarter": 5.8,
        "EPS": 2533,
        "Non-adjusted EPS": 2533,
        "PE": 2.3,
        "Book Price": 12.6
      }
    },
    {
      "quarter": "Q2 2012",
      "income status": {
        "Net sales": 72088,
        "Cost of goods sold": 53891,
        "Gross Profit": 18198,
        "Financial expenses": 6019,
        "Of which: Interest expense": 6005,
        "Cost of sales": 96,
        "Enterprise cost management": 5593,
        "Total Operating Expenses": 11708,
        "Total revenue financing activities": 1080,
        "Net profit from business activities": 7570,
        "Profit": 1127,
        "Profit before tax": 8697,
        "Present corporate income tax expenses": 2393,
        "Deferred income taxes expenses": "N/A",
        "The interests of minority shareholders": -6,
        "Total Cost of profits": 2387,
        "Profit after tax corporate income": 6310,
        "Volume": 13200000,
        "Close of Quarter": 5.2,
        "EPS": 2568,
        "Non-adjusted EPS": 2568,
        "PE": 2.0,
        "Book Price": 12.6
      }
    },
    {
      "quarter": "Q1 2012",
      "income status": {
        "Net sales": 39843,
        "Cost of goods sold": 31304,
        "Gross Profit": 8540,
        "Financial expenses": 5225,
        "Of which: Interest expense": 5225,
        "Cost of sales": 78,
        "Enterprise cost management": 4053,
        "Total Operating Expenses": 9356,
        "Total revenue financing activities": 509,
        "Net profit from business activities": -307,
        "Profit": "N/A",
        "Profit before tax": -307,
        "Present corporate income tax expenses": 132,
        "Deferred income taxes expenses": "N/A",
        "The interests of minority shareholders": -1,
        "Total Cost of profits": 131,
        "Profit after tax corporate income": -438,
        "Volume": 13200000,
        "Close of Quarter": 4.7,
        "EPS": 2246,
        "Non-adjusted EPS": 2246,
        "PE": 2.1,
        "Book Price": 13.8
      }
    },
    {
      "quarter": "Q4 2011",
      "income status": {
        "Net sales": 190999,
        "Cost of goods sold": 129347,
        "Gross Profit": 61652,
        "Financial expenses": 12465,
        "Of which: Interest expense": 12331,
        "Cost of sales": 291,
        "Enterprise cost management": 9341,
        "Total Operating Expenses": 22097,
        "Total revenue financing activities": 828,
        "Net profit from business activities": 40382,
        "Profit": -2509,
        "Profit before tax": 37873,
        "Present corporate income tax expenses": 9710,
        "Deferred income taxes expenses": "N/A",
        "The interests of minority shareholders": 7,
        "Total Cost of profits": 9717,
        "Profit after tax corporate income": 28156,
        "Volume": 13200000,
        "Close of Quarter": 2.4,
        "EPS": 2422,
        "Non-adjusted EPS": 2422,
        "PE": 1,
        "Book Price": 13.9
      }
    },
    {
      "quarter": "Q3 2011",
      "income status": {
        "Net sales": 93418,
        "Cost of goods sold": 82106,
        "Gross Profit": 11312,
        "Financial expenses": 7155,
        "Of which: Interest expense": 7099,
        "Cost of sales": 327,
        "Enterprise cost management": 5022,
        "Total Operating Expenses": 12504,
        "Total revenue financing activities": 1313,
        "Net profit from business activities": 122,
        "Profit": 9,
        "Profit before tax": 131,
        "Present corporate income tax expenses": 256,
        "Deferred income taxes expenses": "N/A",
        "The interests of minority shareholders": -1,
        "Total Cost of profits": 255,
        "Profit after tax corporate income": -124,
        "Volume": 12000000,
        "Close of Quarter": 3.8,
        "EPS": 790,
        "Non-adjusted EPS": 869,
        "PE": 4.4,
        "Book Price": 11.7
      }
    },
    {
      "quarter": "Q2 2011",
      "income status": {
        "Net sales": 97081,
        "Cost of goods sold": 83234,
        "Gross Profit": 13847,
        "Financial expenses": 5683,
        "Of which: Interest expense": 5675,
        "Cost of sales": 336,
        "Enterprise cost management": 5407,
        "Total Operating Expenses": 11426,
        "Total revenue financing activities": 758,
        "Net profit from business activities": 3180,
        "Profit": -152,
        "Profit before tax": 3028,
        "Present corporate income tax expenses": 971,
        "Deferred income taxes expenses": "N/A",
        "The interests of minority shareholders": "N/A",
        "Total Cost of profits": 971,
        "Profit after tax corporate income": 2057,
        "Volume": 12000000,
        "Close of Quarter": 3.0,
        "EPS": 1145.5,
        "Non-adjusted EPS": 1260,
        "PE": 2.4,
        "Book Price": 12.3
      }
    },
    {
      "quarter": "Q1 2011",
      "income status": {
        "Net sales": 54593,
        "Cost of goods sold": 42882,
        "Gross Profit": 11711,
        "Financial expenses": 4227,
        "Of which: Interest expense": 4227,
        "Cost of sales": 366,
        "Enterprise cost management": 4902,
        "Total Operating Expenses": 9495,
        "Total revenue financing activities": 469,
        "Net profit from business activities": 2685,
        "Profit": 104,
        "Profit before tax": 2789,
        "Present corporate income tax expenses": 913,
        "Deferred income taxes expenses": "N/A",
        "The interests of minority shareholders": 2,
        "Total Cost of profits": 915,
        "Profit after tax corporate income": 1875,
        "Volume": 12000000,
        "Close of Quarter": 5.2,
        "EPS": 1441.8,
        "Non-adjusted EPS": 1586,
        "PE": 3.3,
        "Book Price": 12.2
      }
    }
  ]
}