{
  "ticker": "FDC",
  "data": [
    {
      "quarter": "Q4 2016",
      "income status": {
        "Net sales": 84455,
        "Cost of goods sold": 78941,
        "Gross Profit": 5515,
        "Financial expenses": 6209,
        "Of which: Interest expense": 2829,
        "Cost of sales": 1536,
        "Enterprise cost management": 7592,
        "Total Operating Expenses": 15337,
        "Total revenue financing activities": 1815,
        "Net profit from business activities": -8008,
        "Profit": -211,
        "Profit before tax": -8219,
        "Present corporate income tax expenses": 152,
        "Deferred income taxes expenses": -15,
        "The interests of minority shareholders": -41,
        "Total Cost of profits": 96,
        "Profit after tax corporate income": -8315,
        "Volume": 27609988,
        "Close of Quarter": 28.2,
        "EPS": -438,
        "Non-adjusted EPS": -438,
        "PE": -64.4,
        "Book Price": 20.7
      }
    },
    {
      "quarter": "Q3 2016",
      "income status": {
        "Net sales": 1662,
        "Cost of goods sold": 741,
        "Gross Profit": 921,
        "Financial expenses": 1,
        "Of which: Interest expense": "N/A",
        "Cost of sales": 63,
        "Enterprise cost management": 2630,
        "Total Operating Expenses": 2694,
        "Total revenue financing activities": 1220,
        "Net profit from business activities": -553,
        "Profit": 2,
        "Profit before tax": -551,
        "Present corporate income tax expenses": "N/A",
        "Deferred income taxes expenses": 63,
        "The interests of minority shareholders": "N/A",
        "Total Cost of profits": 63,
        "Profit after tax corporate income": -615,
        "Volume": 27609988,
        "Close of Quarter": 26.5,
        "EPS": 189,
        "Non-adjusted EPS": 189,
        "PE": 140.2,
        "Book Price": 17.4
      }
    },
    {
      "quarter": "Q2 2016",
      "income status": {
        "Net sales": 1570,
        "Cost of goods sold": 771,
        "Gross Profit": 799,
        "Financial expenses": 326,
        "Of which: Interest expense": 15,
        "Cost of sales": 66,
        "Enterprise cost management": 2453,
        "Total Operating Expenses": 2845,
        "Total revenue financing activities": 1094,
        "Net profit from business activities": -951,
        "Profit": "N/A",
        "Profit before tax": -951,
        "Present corporate income tax expenses": "N/A",
        "Deferred income taxes expenses": 30,
        "The interests of minority shareholders": "N/A",
        "Total Cost of profits": 30,
        "Profit after tax corporate income": -981,
        "Volume": 27609988,
        "Close of Quarter": 27.5,
        "EPS": 223,
        "Non-adjusted EPS": 223,
        "PE": 123.3,
        "Book Price": 17.5
      }
    },
    {
      "quarter": "Q1 2016",
      "income status": {
        "Net sales": 1444,
        "Cost of goods sold": 822,
        "Gross Profit": 622,
        "Financial expenses": -300,
        "Of which: Interest expense": "N/A",
        "Cost of sales": 65,
        "Enterprise cost management": 3635,
        "Total Operating Expenses": 3400,
        "Total revenue financing activities": 465,
        "Net profit from business activities": -2312,
        "Profit": 102,
        "Profit before tax": -2211,
        "Present corporate income tax expenses": "N/A",
        "Deferred income taxes expenses": -33,
        "The interests of minority shareholders": "N/A",
        "Total Cost of profits": -33,
        "Profit after tax corporate income": -2178,
        "Volume": 27609988,
        "Close of Quarter": 27,
        "EPS": 587,
        "Non-adjusted EPS": 587,
        "PE": 46,
        "Book Price": 17.5
      }
    },
    {
      "quarter": "Q4 2015",
      "income status": {
        "Net sales": 1459,
        "Cost of goods sold": -56,
        "Gross Profit": 1514,
        "Financial expenses": 68,
        "Of which: Interest expense": 22,
        "Cost of sales": 66,
        "Enterprise cost management": 4568,
        "Total Operating Expenses": 4702,
        "Total revenue financing activities": 4539,
        "Net profit from business activities": 1353,
        "Profit": 7018,
        "Profit before tax": 8371,
        "Present corporate income tax expenses": 1553,
        "Deferred income taxes expenses": -2170,
        "The interests of minority shareholders": "N/A",
        "Total Cost of profits": -617,
        "Profit after tax corporate income": 8988,
        "Volume": 27609988,
        "Close of Quarter": 18.8,
        "EPS": 687,
        "Non-adjusted EPS": 687,
        "PE": 27.4,
        "Book Price": 17.6
      }
    },
    {
      "quarter": "Q3 2015",
      "income status": {
        "Net sales": 2769,
        "Cost of goods sold": 2082,
        "Gross Profit": 688,
        "Financial expenses": 9412,
        "Of which: Interest expense": "N/A",
        "Cost of sales": 123,
        "Enterprise cost management": 3965,
        "Total Operating Expenses": 13500,
        "Total revenue financing activities": 12608,
        "Net profit from business activities": -268,
        "Profit": 1815,
        "Profit before tax": 1547,
        "Present corporate income tax expenses": "N/A",
        "Deferred income taxes expenses": 1208,
        "The interests of minority shareholders": "N/A",
        "Total Cost of profits": 1208,
        "Profit after tax corporate income": 339,
        "Volume": 27609988,
        "Close of Quarter": 18.7,
        "EPS": 368,
        "Non-adjusted EPS": 368,
        "PE": 50.8,
        "Book Price": 16.3
      }
    },
    {
      "quarter": "Q2 2015",
      "income status": {
        "Net sales": 2891,
        "Cost of goods sold": 2126,
        "Gross Profit": 765,
        "Financial expenses": 2903,
        "Of which: Interest expense": 88,
        "Cost of sales": 99,
        "Enterprise cost management": 4087,
        "Total Operating Expenses": 7089,
        "Total revenue financing activities": 13829,
        "Net profit from business activities": 7691,
        "Profit": 3234,
        "Profit before tax": 10925,
        "Present corporate income tax expenses": 981,
        "Deferred income taxes expenses": 892,
        "The interests of minority shareholders": "N/A",
        "Total Cost of profits": 1873,
        "Profit after tax corporate income": 9051,
        "Volume": 27609988,
        "Close of Quarter": 17.4,
        "EPS": 544,
        "Non-adjusted EPS": 544,
        "PE": 32.1,
        "Book Price": 19.4
      }
    },
    {
      "quarter": "Q1 2015",
      "income status": {
        "Net sales": 3880,
        "Cost of goods sold": 2554,
        "Gross Profit": 1326,
        "Financial expenses": 1953,
        "Of which: Interest expense": 2142,
        "Cost of sales": 85,
        "Enterprise cost management": 4840,
        "Total Operating Expenses": 6878,
        "Total revenue financing activities": 7764,
        "Net profit from business activities": 2107,
        "Profit": -318,
        "Profit before tax": 1789,
        "Present corporate income tax expenses": 1240,
        "Deferred income taxes expenses": -31,
        "The interests of minority shareholders": "N/A",
        "Total Cost of profits": 1209,
        "Profit after tax corporate income": 581,
        "Volume": 27609988,
        "Close of Quarter": 14.8,
        "EPS": -69,
        "Non-adjusted EPS": -69,
        "PE": -214.8,
        "Book Price": 19.8
      }
    },
    {
      "quarter": "Q4 2014",
      "income status": {
        "Net sales": 2646,
        "Cost of goods sold": 1861,
        "Gross Profit": 785,
        "Financial expenses": 2600,
        "Of which: Interest expense": 1569,
        "Cost of sales": 148,
        "Enterprise cost management": 6533,
        "Total Operating Expenses": 9281,
        "Total revenue financing activities": 8290,
        "Net profit from business activities": -60,
        "Profit": 67,
        "Profit before tax": 7,
        "Present corporate income tax expenses": -282,
        "Deferred income taxes expenses": 102,
        "The interests of minority shareholders": "N/A",
        "Total Cost of profits": -180,
        "Profit after tax corporate income": 187,
        "Volume": 27609988,
        "Close of Quarter": 16.8,
        "EPS": 216,
        "Non-adjusted EPS": 216,
        "PE": 77.7,
        "Book Price": 19.8
      }
    },
    {
      "quarter": "Q3 2014",
      "income status": {
        "Net sales": 3762,
        "Cost of goods sold": 1506,
        "Gross Profit": 2256,
        "Financial expenses": -8,
        "Of which: Interest expense": "N/A",
        "Cost of sales": 193,
        "Enterprise cost management": 5545,
        "Total Operating Expenses": 5730,
        "Total revenue financing activities": 9785,
        "Net profit from business activities": 6270,
        "Profit": 218,
        "Profit before tax": 6489,
        "Present corporate income tax expenses": 1312,
        "Deferred income taxes expenses": -31,
        "The interests of minority shareholders": "N/A",
        "Total Cost of profits": 1281,
        "Profit after tax corporate income": 5208,
        "Volume": 27609988,
        "Close of Quarter": 18.2,
        "EPS": 8404,
        "Non-adjusted EPS": 8404,
        "PE": 2.2,
        "Book Price": 23.2
      }
    },
    {
      "quarter": "Q2 2014",
      "income status": {
        "Net sales": 4038,
        "Cost of goods sold": 3090,
        "Gross Profit": 948,
        "Financial expenses": 204,
        "Of which: Interest expense": 152,
        "Cost of sales": 210,
        "Enterprise cost management": 4222,
        "Total Operating Expenses": 4636,
        "Total revenue financing activities": -320,
        "Net profit from business activities": -3926,
        "Profit": -248,
        "Profit before tax": -4174,
        "Present corporate income tax expenses": 1406,
        "Deferred income taxes expenses": 2297,
        "The interests of minority shareholders": "N/A",
        "Total Cost of profits": 3703,
        "Profit after tax corporate income": -7877,
        "Volume": 27609988,
        "Close of Quarter": 13.2,
        "EPS": 8485,
        "Non-adjusted EPS": 8485,
        "PE": 1.6,
        "Book Price": 23
      }
    },
    {
      "quarter": "Q1 2014",
      "income status": {
        "Net sales": 5685,
        "Cost of goods sold": 3007,
        "Gross Profit": 2678,
        "Financial expenses": 112,
        "Of which: Interest expense": 130,
        "Cost of sales": 116,
        "Enterprise cost management": 4388,
        "Total Operating Expenses": 4616,
        "Total revenue financing activities": 9775,
        "Net profit from business activities": 7829,
        "Profit": -131,
        "Profit before tax": 7698,
        "Present corporate income tax expenses": 1348,
        "Deferred income taxes expenses": -2102,
        "The interests of minority shareholders": "N/A",
        "Total Cost of profits": -754,
        "Profit after tax corporate income": 8453,
        "Volume": 27609988,
        "Close of Quarter": 19.2,
        "EPS": 9285,
        "Non-adjusted EPS": 9285,
        "PE": 2.1,
        "Book Price": 22.8
      }
    },
    {
      "quarter": "Q4 2013",
      "income status": {
        "Net sales": 168727,
        "Cost of goods sold": 168227,
        "Gross Profit": 500,
        "Financial expenses": 55295,
        "Of which: Interest expense": 67,
        "Cost of sales": 227,
        "Enterprise cost management": 11573,
        "Total Operating Expenses": 67095,
        "Total revenue financing activities": 410840,
        "Net profit from business activities": 344246,
        "Profit": -44535,
        "Profit before tax": 300138,
        "Present corporate income tax expenses": 74700,
        "Deferred income taxes expenses": -745,
        "The interests of minority shareholders": -81,
        "Total Cost of profits": 73874,
        "Profit after tax corporate income": 226264,
        "Volume": 27609988,
        "Close of Quarter": 12.8,
        "EPS": 9221,
        "Non-adjusted EPS": 9221,
        "PE": 1.4,
        "Book Price": 26.8
      }
    },
    {
      "quarter": "Q3 2013",
      "income status": {
        "Net sales": 24764,
        "Cost of goods sold": 6894,
        "Gross Profit": 17870,
        "Financial expenses": 2070,
        "Of which: Interest expense": 1495,
        "Cost of sales": 123,
        "Enterprise cost management": 5770,
        "Total Operating Expenses": 7963,
        "Total revenue financing activities": 2951,
        "Net profit from business activities": 12858,
        "Profit": -1609,
        "Profit before tax": 11042,
        "Present corporate income tax expenses": 3661,
        "Deferred income taxes expenses": 8,
        "The interests of minority shareholders": -66,
        "Total Cost of profits": 3603,
        "Profit after tax corporate income": 7440,
        "Volume": 21238386,
        "Close of Quarter": 11.3,
        "EPS": 1306.9,
        "Non-adjusted EPS": 1699,
        "PE": 6.7,
        "Book Price": 15
      }
    },
    {
      "quarter": "Q2 2013",
      "income status": {
        "Net sales": 25843,
        "Cost of goods sold": 7841,
        "Gross Profit": 18002,
        "Financial expenses": 3798,
        "Of which: Interest expense": 2255,
        "Cost of sales": 247,
        "Enterprise cost management": 5417,
        "Total Operating Expenses": 9462,
        "Total revenue financing activities": 9667,
        "Net profit from business activities": 18207,
        "Profit": 41,
        "Profit before tax": 18463,
        "Present corporate income tax expenses": 3551,
        "Deferred income taxes expenses": 758,
        "The interests of minority shareholders": -60,
        "Total Cost of profits": 4249,
        "Profit after tax corporate income": 14214,
        "Volume": 21238386,
        "Close of Quarter": 11.9,
        "EPS": 1317.7,
        "Non-adjusted EPS": 1713,
        "PE": 7.0,
        "Book Price": 15.5
      }
    },
    {
      "quarter": "Q1 2013",
      "income status": {
        "Net sales": 24968,
        "Cost of goods sold": 6652,
        "Gross Profit": 18316,
        "Financial expenses": 2258,
        "Of which: Interest expense": 1958,
        "Cost of sales": 187,
        "Enterprise cost management": 6661,
        "Total Operating Expenses": 9106,
        "Total revenue financing activities": 266,
        "Net profit from business activities": 9475,
        "Profit": 26,
        "Profit before tax": 9223,
        "Present corporate income tax expenses": 2633,
        "Deferred income taxes expenses": 2,
        "The interests of minority shareholders": -76,
        "Total Cost of profits": 2559,
        "Profit after tax corporate income": 6664,
        "Volume": 21238386,
        "Close of Quarter": 12.2,
        "EPS": 1036.2,
        "Non-adjusted EPS": 1347,
        "PE": 9.1,
        "Book Price": 15.1
      }
    },
    {
      "quarter": "Q4 2012",
      "income status": {
        "Net sales": 26753,
        "Cost of goods sold": 6630,
        "Gross Profit": 20123,
        "Financial expenses": 3543,
        "Of which: Interest expense": "N/A",
        "Cost of sales": 400,
        "Enterprise cost management": 7680,
        "Total Operating Expenses": 11623,
        "Total revenue financing activities": 1574,
        "Net profit from business activities": 10074,
        "Profit": -507,
        "Profit before tax": 10156,
        "Present corporate income tax expenses": 2451,
        "Deferred income taxes expenses": "N/A",
        "The interests of minority shareholders": -57,
        "Total Cost of profits": 2394,
        "Profit after tax corporate income": 7762,
        "Volume": 20227308,
        "Close of Quarter": 13.2,
        "EPS": 1161.9,
        "Non-adjusted EPS": 1586,
        "PE": 8.3,
        "Book Price": 14.5
      }
    },
    {
      "quarter": "Q3 2012",
      "income status": {
        "Net sales": 31279,
        "Cost of goods sold": 11358,
        "Gross Profit": 19921,
        "Financial expenses": 2451,
        "Of which: Interest expense": "N/A",
        "Cost of sales": 1016,
        "Enterprise cost management": 6456,
        "Total Operating Expenses": 9923,
        "Total revenue financing activities": 1930,
        "Net profit from business activities": 11928,
        "Profit": -780,
        "Profit before tax": 11119,
        "Present corporate income tax expenses": 3447,
        "Deferred income taxes expenses": "N/A",
        "The interests of minority shareholders": -67,
        "Total Cost of profits": 3380,
        "Profit after tax corporate income": 7739,
        "Volume": 20227308,
        "Close of Quarter": 9.6,
        "EPS": 925.3,
        "Non-adjusted EPS": 1263,
        "PE": 7.6,
        "Book Price": 14.2
      }
    },
    {
      "quarter": "Q2 2012",
      "income status": {
        "Net sales": 54970,
        "Cost of goods sold": 20365,
        "Gross Profit": 34605,
        "Financial expenses": 11781,
        "Of which: Interest expense": 5342,
        "Cost of sales": 520,
        "Enterprise cost management": 19734,
        "Total Operating Expenses": 32035,
        "Total revenue financing activities": 1881,
        "Net profit from business activities": 4452,
        "Profit": 1876,
        "Profit before tax": 6463,
        "Present corporate income tax expenses": 65,
        "Deferred income taxes expenses": "N/A",
        "The interests of minority shareholders": -51,
        "Total Cost of profits": 14,
        "Profit after tax corporate income": 6448,
        "Volume": 20227308,
        "Close of Quarter": 13.3,
        "EPS": 804.4,
        "Non-adjusted EPS": 1098,
        "PE": 12.1,
        "Book Price": 13.9
      }
    },
    {
      "quarter": "Q1 2012",
      "income status": {
        "Net sales": 43526,
        "Cost of goods sold": 15795,
        "Gross Profit": 27731,
        "Financial expenses": 2720,
        "Of which: Interest expense": "N/A",
        "Cost of sales": 572,
        "Enterprise cost management": 11245,
        "Total Operating Expenses": 14537,
        "Total revenue financing activities": 834,
        "Net profit from business activities": 14028,
        "Profit": 53,
        "Profit before tax": 13946,
        "Present corporate income tax expenses": 3862,
        "Deferred income taxes expenses": "N/A",
        "The interests of minority shareholders": -44,
        "Total Cost of profits": 3818,
        "Profit after tax corporate income": 10128,
        "Volume": 20227308,
        "Close of Quarter": 15.6,
        "EPS": 1093.1,
        "Non-adjusted EPS": 1492,
        "PE": 10.5,
        "Book Price": 14.1
      }
    },
    {
      "quarter": "Q4 2011",
      "income status": {
        "Net sales": 118531,
        "Cost of goods sold": 74417,
        "Gross Profit": 44114,
        "Financial expenses": 28354,
        "Of which: Interest expense": "N/A",
        "Cost of sales": 2830,
        "Enterprise cost management": 13396,
        "Total Operating Expenses": 44580,
        "Total revenue financing activities": 5499,
        "Net profit from business activities": 5034,
        "Profit": -472,
        "Profit before tax": 5128,
        "Present corporate income tax expenses": 4346,
        "Deferred income taxes expenses": "N/A",
        "The interests of minority shareholders": -440,
        "Total Cost of profits": 3906,
        "Profit after tax corporate income": 1222,
        "Volume": 20227308,
        "Close of Quarter": 14.3,
        "EPS": 1005.1,
        "Non-adjusted EPS": 1372,
        "PE": 10.4,
        "Book Price": 13.8
      }
    },
    {
      "quarter": "Q3 2011",
      "income status": {
        "Net sales": 159203,
        "Cost of goods sold": 123416,
        "Gross Profit": 35787,
        "Financial expenses": 5909,
        "Of which: Interest expense": "N/A",
        "Cost of sales": 1972,
        "Enterprise cost management": 11920,
        "Total Operating Expenses": 19801,
        "Total revenue financing activities": 7040,
        "Net profit from business activities": 23026,
        "Profit": -507,
        "Profit before tax": 9419,
        "Present corporate income tax expenses": 5023,
        "Deferred income taxes expenses": "N/A",
        "The interests of minority shareholders": -14,
        "Total Cost of profits": 5009,
        "Profit after tax corporate income": 4410,
        "Volume": 20227308,
        "Close of Quarter": 15.1,
        "EPS": 1632.3,
        "Non-adjusted EPS": 2228,
        "PE": 6.8,
        "Book Price": 14.8
      }
    },
    {
      "quarter": "Q2 2011",
      "income status": {
        "Net sales": 149177,
        "Cost of goods sold": 109795,
        "Gross Profit": 39382,
        "Financial expenses": 6669,
        "Of which: Interest expense": 6165,
        "Cost of sales": 3657,
        "Enterprise cost management": 14769,
        "Total Operating Expenses": 25095,
        "Total revenue financing activities": "N/A",
        "Net profit from business activities": 14286,
        "Profit": 606,
        "Profit before tax": 15510,
        "Present corporate income tax expenses": 1255,
        "Deferred income taxes expenses": "N/A",
        "The interests of minority shareholders": -156,
        "Total Cost of profits": 1099,
        "Profit after tax corporate income": 14411,
        "Volume": 20227308,
        "Close of Quarter": 15.4,
        "EPS": 2143.6,
        "Non-adjusted EPS": 2926,
        "PE": 5.3,
        "Book Price": 14.7
      }
    },
    {
      "quarter": "Q1 2011",
      "income status": {
        "Net sales": 154773,
        "Cost of goods sold": 116716,
        "Gross Profit": 38058,
        "Financial expenses": 41324,
        "Of which: Interest expense": 6603,
        "Cost of sales": 4477,
        "Enterprise cost management": 12411,
        "Total Operating Expenses": 58212,
        "Total revenue financing activities": 26754,
        "Net profit from business activities": 6600,
        "Profit": 1125,
        "Profit before tax": 9117,
        "Present corporate income tax expenses": 1359,
        "Deferred income taxes expenses": "N/A",
        "The interests of minority shareholders": 51,
        "Total Cost of profits": 1410,
        "Profit after tax corporate income": 7707,
        "Volume": 15727308,
        "Close of Quarter": 15.6,
        "EPS": 2174.8,
        "Non-adjusted EPS": 3818,
        "PE": 4.1,
        "Book Price": 14.2
      }
    }
  ]
}