{
  "ticker": "HOT",
  "data": [
    {
      "quarter": "Q4 2016",
      "income status": {
        "Net sales": 33821,
        "Cost of goods sold": 25216,
        "Gross Profit": 8605,
        "Financial expenses": 104,
        "Of which: Interest expense": 93,
        "Cost of sales": 2557,
        "Enterprise cost management": 3609,
        "Total Operating Expenses": 6270,
        "Total revenue financing activities": 31,
        "Net profit from business activities": 2365,
        "Profit": 455,
        "Profit before tax": 2820,
        "Present corporate income tax expenses": 565,
        "Deferred income taxes expenses": "N/A",
        "The interests of minority shareholders": "N/A",
        "Total Cost of profits": 565,
        "Profit after tax corporate income": 2255,
        "Volume": 8000000,
        "Close of Quarter": 28.7,
        "EPS": 1328,
        "Non-adjusted EPS": 1328,
        "PE": 21.6,
        "Book Price": 13.8
      }
    },
    {
      "quarter": "Q3 2016",
      "income status": {
        "Net sales": 50983,
        "Cost of goods sold": 38615,
        "Gross Profit": 12368,
        "Financial expenses": 121,
        "Of which: Interest expense": 114,
        "Cost of sales": 2907,
        "Enterprise cost management": 4810,
        "Total Operating Expenses": 7838,
        "Total revenue financing activities": 14,
        "Net profit from business activities": 4544,
        "Profit": 279,
        "Profit before tax": 4823,
        "Present corporate income tax expenses": 1005,
        "Deferred income taxes expenses": "N/A",
        "The interests of minority shareholders": "N/A",
        "Total Cost of profits": 1005,
        "Profit after tax corporate income": 3817,
        "Volume": 8000000,
        "Close of Quarter": 26.7,
        "EPS": 864,
        "Non-adjusted EPS": 864,
        "PE": 30.9,
        "Book Price": 13.5
      }
    },
    {
      "quarter": "Q2 2016",
      "income status": {
        "Net sales": 44064,
        "Cost of goods sold": 36334,
        "Gross Profit": 7730,
        "Financial expenses": 248,
        "Of which: Interest expense": 224,
        "Cost of sales": 2661,
        "Enterprise cost management": 4238,
        "Total Operating Expenses": 7147,
        "Total revenue financing activities": 19,
        "Net profit from business activities": 603,
        "Profit": 17,
        "Profit before tax": 620,
        "Present corporate income tax expenses": 157,
        "Deferred income taxes expenses": "N/A",
        "The interests of minority shareholders": "N/A",
        "Total Cost of profits": 157,
        "Profit after tax corporate income": 463,
        "Volume": 8000000,
        "Close of Quarter": 23.4,
        "EPS": 843,
        "Non-adjusted EPS": 843,
        "PE": 27.8,
        "Book Price": 13
      }
    },
    {
      "quarter": "Q1 2016",
      "income status": {
        "Net sales": 45827,
        "Cost of goods sold": 33295,
        "Gross Profit": 12532,
        "Financial expenses": 230,
        "Of which: Interest expense": 203,
        "Cost of sales": 2095,
        "Enterprise cost management": 5020,
        "Total Operating Expenses": 7345,
        "Total revenue financing activities": 14,
        "Net profit from business activities": 5201,
        "Profit": -23,
        "Profit before tax": 5178,
        "Present corporate income tax expenses": 1088,
        "Deferred income taxes expenses": "N/A",
        "The interests of minority shareholders": "N/A",
        "Total Cost of profits": 1088,
        "Profit after tax corporate income": 4090,
        "Volume": 8000000,
        "Close of Quarter": 22.6,
        "EPS": 1025,
        "Non-adjusted EPS": 1025,
        "PE": 22.0,
        "Book Price": 13
      }
    },
    {
      "quarter": "Q4 2015",
      "income status": {
        "Net sales": 34785,
        "Cost of goods sold": 29316,
        "Gross Profit": 5469,
        "Financial expenses": 285,
        "Of which: Interest expense": 273,
        "Cost of sales": 2847,
        "Enterprise cost management": 3800,
        "Total Operating Expenses": 6932,
        "Total revenue financing activities": 22,
        "Net profit from business activities": -1442,
        "Profit": -21,
        "Profit before tax": -1462,
        "Present corporate income tax expenses": "N/A",
        "Deferred income taxes expenses": "N/A",
        "The interests of minority shareholders": "N/A",
        "Total Cost of profits": 0,
        "Profit after tax corporate income": -1462,
        "Volume": 8000000,
        "Close of Quarter": 23.5,
        "EPS": 1140,
        "Non-adjusted EPS": 1140,
        "PE": 20.6,
        "Book Price": 13.9
      }
    },
    {
      "quarter": "Q3 2015",
      "income status": {
        "Net sales": 49121,
        "Cost of goods sold": 37948,
        "Gross Profit": 11173,
        "Financial expenses": 225,
        "Of which: Interest expense": 200,
        "Cost of sales": 2360,
        "Enterprise cost management": 4141,
        "Total Operating Expenses": 6726,
        "Total revenue financing activities": 82,
        "Net profit from business activities": 4529,
        "Profit": 229,
        "Profit before tax": 4758,
        "Present corporate income tax expenses": 1104,
        "Deferred income taxes expenses": "N/A",
        "The interests of minority shareholders": "N/A",
        "Total Cost of profits": 1104,
        "Profit after tax corporate income": 3654,
        "Volume": 8000000,
        "Close of Quarter": 25.1,
        "EPS": 1821,
        "Non-adjusted EPS": 1821,
        "PE": 13.8,
        "Book Price": 14
      }
    },
    {
      "quarter": "Q2 2015",
      "income status": {
        "Net sales": 38535,
        "Cost of goods sold": 31445,
        "Gross Profit": 7091,
        "Financial expenses": 400,
        "Of which: Interest expense": 395,
        "Cost of sales": 1703,
        "Enterprise cost management": 3007,
        "Total Operating Expenses": 5110,
        "Total revenue financing activities": 77,
        "Net profit from business activities": 2057,
        "Profit": 581,
        "Profit before tax": 2638,
        "Present corporate income tax expenses": 724,
        "Deferred income taxes expenses": "N/A",
        "The interests of minority shareholders": "N/A",
        "Total Cost of profits": 724,
        "Profit after tax corporate income": 1914,
        "Volume": 8000000,
        "Close of Quarter": 25.1,
        "EPS": 1747,
        "Non-adjusted EPS": 1747,
        "PE": 14.4,
        "Book Price": 13.5
      }
    },
    {
      "quarter": "Q1 2015",
      "income status": {
        "Net sales": 42151,
        "Cost of goods sold": 29530,
        "Gross Profit": 12620,
        "Financial expenses": 332,
        "Of which: Interest expense": 322,
        "Cost of sales": 1717,
        "Enterprise cost management": 4095,
        "Total Operating Expenses": 6144,
        "Total revenue financing activities": 21,
        "Net profit from business activities": 6499,
        "Profit": 2,
        "Profit before tax": 6500,
        "Present corporate income tax expenses": 1488,
        "Deferred income taxes expenses": "N/A",
        "The interests of minority shareholders": "N/A",
        "Total Cost of profits": 1488,
        "Profit after tax corporate income": 5013,
        "Volume": 8000000,
        "Close of Quarter": 27.5,
        "EPS": 2124,
        "Non-adjusted EPS": 2124,
        "PE": 13.0,
        "Book Price": 13.3
      }
    },
    {
      "quarter": "Q4 2014",
      "income status": {
        "Net sales": 36587,
        "Cost of goods sold": 27962,
        "Gross Profit": 8625,
        "Financial expenses": 424,
        "Of which: Interest expense": 420,
        "Cost of sales": 1248,
        "Enterprise cost management": 1864,
        "Total Operating Expenses": 3536,
        "Total revenue financing activities": 27,
        "Net profit from business activities": 5116,
        "Profit": 15,
        "Profit before tax": 5131,
        "Present corporate income tax expenses": 1148,
        "Deferred income taxes expenses": "N/A",
        "The interests of minority shareholders": "N/A",
        "Total Cost of profits": 1148,
        "Profit after tax corporate income": 3983,
        "Volume": 8000000,
        "Close of Quarter": 23.4,
        "EPS": 2325,
        "Non-adjusted EPS": 2325,
        "PE": 10.1,
        "Book Price": 13.7
      }
    },
    {
      "quarter": "Q3 2014",
      "income status": {
        "Net sales": 42368,
        "Cost of goods sold": 34868,
        "Gross Profit": 7500,
        "Financial expenses": 314,
        "Of which: Interest expense": "N/A",
        "Cost of sales": 926,
        "Enterprise cost management": 2150,
        "Total Operating Expenses": 3390,
        "Total revenue financing activities": 22,
        "Net profit from business activities": 4133,
        "Profit": -130,
        "Profit before tax": 4003,
        "Present corporate income tax expenses": 938,
        "Deferred income taxes expenses": "N/A",
        "The interests of minority shareholders": "N/A",
        "Total Cost of profits": 938,
        "Profit after tax corporate income": 3065,
        "Volume": 8000000,
        "Close of Quarter": 23.2,
        "EPS": 2250,
        "Non-adjusted EPS": 2250,
        "PE": 10.3,
        "Book Price": 14.2
      }
    },
    {
      "quarter": "Q2 2014",
      "income status": {
        "Net sales": 39146,
        "Cost of goods sold": 30387,
        "Gross Profit": 8759,
        "Financial expenses": 3,
        "Of which: Interest expense": "N/A",
        "Cost of sales": 732,
        "Enterprise cost management": 1985,
        "Total Operating Expenses": 2720,
        "Total revenue financing activities": 44,
        "Net profit from business activities": 6083,
        "Profit": 346,
        "Profit before tax": 6430,
        "Present corporate income tax expenses": 1502,
        "Deferred income taxes expenses": "N/A",
        "The interests of minority shareholders": "N/A",
        "Total Cost of profits": 1502,
        "Profit after tax corporate income": 4928,
        "Volume": 8000000,
        "Close of Quarter": 22.0,
        "EPS": 2350,
        "Non-adjusted EPS": 2350,
        "PE": 9.4,
        "Book Price": 13.8
      }
    },
    {
      "quarter": "Q1 2014",
      "income status": {
        "Net sales": 43231,
        "Cost of goods sold": 30615,
        "Gross Profit": 12616,
        "Financial expenses": 2,
        "Of which: Interest expense": "N/A",
        "Cost of sales": 1445,
        "Enterprise cost management": 2712,
        "Total Operating Expenses": 4159,
        "Total revenue financing activities": 26,
        "Net profit from business activities": 8483,
        "Profit": 88,
        "Profit before tax": 8571,
        "Present corporate income tax expenses": 1943,
        "Deferred income taxes expenses": "N/A",
        "The interests of minority shareholders": "N/A",
        "Total Cost of profits": 1943,
        "Profit after tax corporate income": 6627,
        "Volume": 8000000,
        "Close of Quarter": 23.0,
        "EPS": 2404,
        "Non-adjusted EPS": 2404,
        "PE": 9.6,
        "Book Price": 13.2
      }
    },
    {
      "quarter": "Q4 2013",
      "income status": {
        "Net sales": 30215,
        "Cost of goods sold": 22403,
        "Gross Profit": 7812,
        "Financial expenses": 4,
        "Of which: Interest expense": "N/A",
        "Cost of sales": 1153,
        "Enterprise cost management": 1627,
        "Total Operating Expenses": 2784,
        "Total revenue financing activities": 319,
        "Net profit from business activities": 5346,
        "Profit": -843,
        "Profit before tax": 4504,
        "Present corporate income tax expenses": 1126,
        "Deferred income taxes expenses": "N/A",
        "The interests of minority shareholders": "N/A",
        "Total Cost of profits": 1126,
        "Profit after tax corporate income": 3378,
        "Volume": 8000000,
        "Close of Quarter": 19.9,
        "EPS": 2609,
        "Non-adjusted EPS": 2609,
        "PE": 7.6,
        "Book Price": 14.7
      }
    },
    {
      "quarter": "Q3 2013",
      "income status": {
        "Net sales": 33055,
        "Cost of goods sold": 26329,
        "Gross Profit": 6727,
        "Financial expenses": 1,
        "Of which: Interest expense": "N/A",
        "Cost of sales": 893,
        "Enterprise cost management": 2106,
        "Total Operating Expenses": 3000,
        "Total revenue financing activities": 1201,
        "Net profit from business activities": 4927,
        "Profit": 225,
        "Profit before tax": 5152,
        "Present corporate income tax expenses": 1288,
        "Deferred income taxes expenses": "N/A",
        "The interests of minority shareholders": "N/A",
        "Total Cost of profits": 1288,
        "Profit after tax corporate income": 3864,
        "Volume": 8000000,
        "Close of Quarter": 21.0,
        "EPS": 3155,
        "Non-adjusted EPS": 3155,
        "PE": 6.7,
        "Book Price": 15.1
      }
    },
    {
      "quarter": "Q2 2013",
      "income status": {
        "Net sales": 36964,
        "Cost of goods sold": 28165,
        "Gross Profit": 8799,
        "Financial expenses": 5,
        "Of which: Interest expense": "N/A",
        "Cost of sales": 938,
        "Enterprise cost management": 2157,
        "Total Operating Expenses": 3100,
        "Total revenue financing activities": 1088,
        "Net profit from business activities": 6787,
        "Profit": 452,
        "Profit before tax": 7239,
        "Present corporate income tax expenses": 1879,
        "Deferred income taxes expenses": "N/A",
        "The interests of minority shareholders": "N/A",
        "Total Cost of profits": 1879,
        "Profit after tax corporate income": 5361,
        "Volume": 8000000,
        "Close of Quarter": 19.6,
        "EPS": 3721,
        "Non-adjusted EPS": 3721,
        "PE": 5.3,
        "Book Price": 14.6
      }
    },
    {
      "quarter": "Q1 2013",
      "income status": {
        "Net sales": 46670,
        "Cost of goods sold": 31917,
        "Gross Profit": 14754,
        "Financial expenses": 4,
        "Of which: Interest expense": "N/A",
        "Cost of sales": 1209,
        "Enterprise cost management": 2539,
        "Total Operating Expenses": 3752,
        "Total revenue financing activities": 115,
        "Net profit from business activities": 11117,
        "Profit": -5,
        "Profit before tax": 11112,
        "Present corporate income tax expenses": 2843,
        "Deferred income taxes expenses": "N/A",
        "The interests of minority shareholders": "N/A",
        "Total Cost of profits": 2843,
        "Profit after tax corporate income": 8269,
        "Volume": 8000000,
        "Close of Quarter": 21.9,
        "EPS": 3900,
        "Non-adjusted EPS": 3900,
        "PE": 5.6,
        "Book Price": 13.9
      }
    },
    {
      "quarter": "Q4 2012",
      "income status": {
        "Net sales": 36748,
        "Cost of goods sold": 22778,
        "Gross Profit": 13970,
        "Financial expenses": 3,
        "Of which: Interest expense": "N/A",
        "Cost of sales": 1633,
        "Enterprise cost management": 2363,
        "Total Operating Expenses": 3999,
        "Total revenue financing activities": 321,
        "Net profit from business activities": 10292,
        "Profit": 129,
        "Profit before tax": 10421,
        "Present corporate income tax expenses": 2676,
        "Deferred income taxes expenses": "N/A",
        "The interests of minority shareholders": "N/A",
        "Total Cost of profits": 2676,
        "Profit after tax corporate income": 7745,
        "Volume": 8000000,
        "Close of Quarter": 19.2,
        "EPS": 4218,
        "Non-adjusted EPS": 4218,
        "PE": 4.5,
        "Book Price": 15.9
      }
    },
    {
      "quarter": "Q3 2012",
      "income status": {
        "Net sales": 38638,
        "Cost of goods sold": 25301,
        "Gross Profit": 13337,
        "Financial expenses": 3,
        "Of which: Interest expense": "N/A",
        "Cost of sales": 967,
        "Enterprise cost management": 1687,
        "Total Operating Expenses": 2657,
        "Total revenue financing activities": 599,
        "Net profit from business activities": 11279,
        "Profit": -3,
        "Profit before tax": 11276,
        "Present corporate income tax expenses": 2882,
        "Deferred income taxes expenses": "N/A",
        "The interests of minority shareholders": "N/A",
        "Total Cost of profits": 2882,
        "Profit after tax corporate income": 8394,
        "Volume": 8000000,
        "Close of Quarter": 20.9,
        "EPS": 4399,
        "Non-adjusted EPS": 4399,
        "PE": 4.8,
        "Book Price": 15
      }
    },
    {
      "quarter": "Q2 2012",
      "income status": {
        "Net sales": 38370,
        "Cost of goods sold": 26506,
        "Gross Profit": 11864,
        "Financial expenses": 15,
        "Of which: Interest expense": "N/A",
        "Cost of sales": 1250,
        "Enterprise cost management": 1972,
        "Total Operating Expenses": 3237,
        "Total revenue financing activities": 559,
        "Net profit from business activities": 9186,
        "Profit": 27,
        "Profit before tax": 9213,
        "Present corporate income tax expenses": 2420,
        "Deferred income taxes expenses": "N/A",
        "The interests of minority shareholders": "N/A",
        "Total Cost of profits": 2420,
        "Profit after tax corporate income": 6792,
        "Volume": 8000000,
        "Close of Quarter": 20.4,
        "EPS": 3921,
        "Non-adjusted EPS": 3921,
        "PE": 5.2,
        "Book Price": 14.1
      }
    },
    {
      "quarter": "Q1 2012",
      "income status": {
        "Net sales": 44433,
        "Cost of goods sold": 27978,
        "Gross Profit": 16455,
        "Financial expenses": 4,
        "Of which: Interest expense": "N/A",
        "Cost of sales": 1075,
        "Enterprise cost management": 1548,
        "Total Operating Expenses": 2627,
        "Total revenue financing activities": 575,
        "Net profit from business activities": 14402,
        "Profit": 16,
        "Profit before tax": 14419,
        "Present corporate income tax expenses": 3605,
        "Deferred income taxes expenses": "N/A",
        "The interests of minority shareholders": "N/A",
        "Total Cost of profits": 3605,
        "Profit after tax corporate income": 10814,
        "Volume": 8000000,
        "Close of Quarter": 21.1,
        "EPS": 3722,
        "Non-adjusted EPS": 3722,
        "PE": 5.7,
        "Book Price": 13.4
      }
    },
    {
      "quarter": "Q4 2011",
      "income status": {
        "Net sales": 35020,
        "Cost of goods sold": 22059,
        "Gross Profit": 12961,
        "Financial expenses": 22,
        "Of which: Interest expense": "N/A",
        "Cost of sales": 1556,
        "Enterprise cost management": 1408,
        "Total Operating Expenses": 2986,
        "Total revenue financing activities": 1528,
        "Net profit from business activities": 11503,
        "Profit": 255,
        "Profit before tax": 11758,
        "Present corporate income tax expenses": 2571,
        "Deferred income taxes expenses": "N/A",
        "The interests of minority shareholders": "N/A",
        "Total Cost of profits": 2571,
        "Profit after tax corporate income": 9188,
        "Volume": 8000000,
        "Close of Quarter": 12.1,
        "EPS": 3857,
        "Non-adjusted EPS": 3857,
        "PE": 3.1,
        "Book Price": 14.8
      }
    },
    {
      "quarter": "Q3 2011",
      "income status": {
        "Net sales": 32485,
        "Cost of goods sold": 23341,
        "Gross Profit": 9144,
        "Financial expenses": 13,
        "Of which: Interest expense": "N/A",
        "Cost of sales": 1249,
        "Enterprise cost management": 1475,
        "Total Operating Expenses": 2737,
        "Total revenue financing activities": 701,
        "Net profit from business activities": 7108,
        "Profit": -12,
        "Profit before tax": 7096,
        "Present corporate income tax expenses": 2527,
        "Deferred income taxes expenses": "N/A",
        "The interests of minority shareholders": "N/A",
        "Total Cost of profits": 2527,
        "Profit after tax corporate income": 4570,
        "Volume": 8000000,
        "Close of Quarter": 11,
        "EPS": 3354,
        "Non-adjusted EPS": 3354,
        "PE": 3.3,
        "Book Price": 13.8
      }
    },
    {
      "quarter": "Q2 2011",
      "income status": {
        "Net sales": 31362,
        "Cost of goods sold": 24000,
        "Gross Profit": 7362,
        "Financial expenses": 18,
        "Of which: Interest expense": "N/A",
        "Cost of sales": 991,
        "Enterprise cost management": 1464,
        "Total Operating Expenses": 2473,
        "Total revenue financing activities": 343,
        "Net profit from business activities": 5232,
        "Profit": -24,
        "Profit before tax": 5207,
        "Present corporate income tax expenses": "N/A",
        "Deferred income taxes expenses": "N/A",
        "The interests of minority shareholders": "N/A",
        "Total Cost of profits": 0,
        "Profit after tax corporate income": 5207,
        "Volume": 8000000,
        "Close of Quarter": "N/A",
        "EPS": 3730,
        "Non-adjusted EPS": 3730,
        "PE": "N/A",
        "Book Price": 13.6
      }
    },
    {
      "quarter": "Q1 2011",
      "income status": {
        "Net sales": 32887,
        "Cost of goods sold": 19404,
        "Gross Profit": 13483,
        "Financial expenses": 4,
        "Of which: Interest expense": "N/A",
        "Cost of sales": 635,
        "Enterprise cost management": 1521,
        "Total Operating Expenses": 2160,
        "Total revenue financing activities": 554,
        "Net profit from business activities": 11876,
        "Profit": 11,
        "Profit before tax": 11887,
        "Present corporate income tax expenses": "N/A",
        "Deferred income taxes expenses": "N/A",
        "The interests of minority shareholders": "N/A",
        "Total Cost of profits": 0,
        "Profit after tax corporate income": 11887,
        "Volume": 8000000,
        "Close of Quarter": "N/A",
        "EPS": 3946,
        "Non-adjusted EPS": 3946,
        "PE": "N/A",
        "Book Price": 13.1
      }
    }
  ]
}