{
  "ticker": "HAR",
  "data": [
    {
      "quarter": "Q4 2016",
      "income status": {
        "Net sales": 3185,
        "Cost of goods sold": 6373,
        "Gross Profit": -3188,
        "Financial expenses": 2888,
        "Of which: Interest expense": 2888,
        "Cost of sales": "N/A",
        "Enterprise cost management": 1866,
        "Total Operating Expenses": 4754,
        "Total revenue financing activities": 2766,
        "Net profit from business activities": -5176,
        "Profit": -2995,
        "Profit before tax": -8171,
        "Present corporate income tax expenses": "N/A",
        "Deferred income taxes expenses": "N/A",
        "The interests of minority shareholders": "N/A",
        "Total Cost of profits": 0,
        "Profit after tax corporate income": -8171,
        "Volume": 96776535,
        "Close of Quarter": 2.6,
        "EPS": 188,
        "Non-adjusted EPS": 188,
        "PE": 14.0,
        "Book Price": 10.5
      }
    },
    {
      "quarter": "Q3 2016",
      "income status": {
        "Net sales": 6550,
        "Cost of goods sold": 3141,
        "Gross Profit": 3409,
        "Financial expenses": 1460,
        "Of which: Interest expense": 1460,
        "Cost of sales": "N/A",
        "Enterprise cost management": 1422,
        "Total Operating Expenses": 2882,
        "Total revenue financing activities": 2813,
        "Net profit from business activities": 3340,
        "Profit": 28,
        "Profit before tax": 3368,
        "Present corporate income tax expenses": 688,
        "Deferred income taxes expenses": "N/A",
        "The interests of minority shareholders": "N/A",
        "Total Cost of profits": 688,
        "Profit after tax corporate income": 2679,
        "Volume": 96776535,
        "Close of Quarter": 3.9,
        "EPS": 232,
        "Non-adjusted EPS": 232,
        "PE": 16.8,
        "Book Price": 10.6
      }
    },
    {
      "quarter": "Q2 2016",
      "income status": {
        "Net sales": 65745,
        "Cost of goods sold": 52687,
        "Gross Profit": 13059,
        "Financial expenses": 2195,
        "Of which: Interest expense": 2285,
        "Cost of sales": "N/A",
        "Enterprise cost management": 1508,
        "Total Operating Expenses": 3703,
        "Total revenue financing activities": 9373,
        "Net profit from business activities": 18729,
        "Profit": 6693,
        "Profit before tax": 25422,
        "Present corporate income tax expenses": 5114,
        "Deferred income taxes expenses": "N/A",
        "The interests of minority shareholders": "N/A",
        "Total Cost of profits": 5114,
        "Profit after tax corporate income": 20308,
        "Volume": 96776535,
        "Close of Quarter": 5.3,
        "EPS": 230,
        "Non-adjusted EPS": 230,
        "PE": 23.0,
        "Book Price": 10.5
      }
    },
    {
      "quarter": "Q1 2016",
      "income status": {
        "Net sales": 3958,
        "Cost of goods sold": 426,
        "Gross Profit": 3532,
        "Financial expenses": 317,
        "Of which: Interest expense": 317,
        "Cost of sales": "N/A",
        "Enterprise cost management": 1552,
        "Total Operating Expenses": 1869,
        "Total revenue financing activities": 2506,
        "Net profit from business activities": 4170,
        "Profit": "N/A",
        "Profit before tax": 4170,
        "Present corporate income tax expenses": 834,
        "Deferred income taxes expenses": "N/A",
        "The interests of minority shareholders": "N/A",
        "Total Cost of profits": 834,
        "Profit after tax corporate income": 3336,
        "Volume": 96776535,
        "Close of Quarter": 4.5,
        "EPS": 95,
        "Non-adjusted EPS": 95,
        "PE": 47.4,
        "Book Price": 10.3
      }
    },
    {
      "quarter": "Q4 2015",
      "income status": {
        "Net sales": 2445,
        "Cost of goods sold": 1421,
        "Gross Profit": 1024,
        "Financial expenses": 582,
        "Of which: Interest expense": 541,
        "Cost of sales": "N/A",
        "Enterprise cost management": 1888,
        "Total Operating Expenses": 2470,
        "Total revenue financing activities": 1164,
        "Net profit from business activities": -283,
        "Profit": -3573,
        "Profit before tax": -3856,
        "Present corporate income tax expenses": "N/A",
        "Deferred income taxes expenses": "N/A",
        "The interests of minority shareholders": "N/A",
        "Total Cost of profits": 0,
        "Profit after tax corporate income": -3856,
        "Volume": 96776535,
        "Close of Quarter": 4.4,
        "EPS": 127,
        "Non-adjusted EPS": 127,
        "PE": 34.7,
        "Book Price": 10.3
      }
    },
    {
      "quarter": "Q3 2015",
      "income status": {
        "Net sales": 21300,
        "Cost of goods sold": 16263,
        "Gross Profit": 5037,
        "Financial expenses": 878,
        "Of which: Interest expense": 878,
        "Cost of sales": "N/A",
        "Enterprise cost management": 1605,
        "Total Operating Expenses": 2483,
        "Total revenue financing activities": 705,
        "Net profit from business activities": 3259,
        "Profit": "N/A",
        "Profit before tax": 3259,
        "Present corporate income tax expenses": 717,
        "Deferred income taxes expenses": "N/A",
        "The interests of minority shareholders": 42,
        "Total Cost of profits": 759,
        "Profit after tax corporate income": 2500,
        "Volume": 94601678,
        "Close of Quarter": 6.0,
        "EPS": 231.7,
        "Non-adjusted EPS": 237,
        "PE": 25.2,
        "Book Price": 10.6
      }
    },
    {
      "quarter": "Q2 2015",
      "income status": {
        "Net sales": 2578,
        "Cost of goods sold": 1672,
        "Gross Profit": 905,
        "Financial expenses": 576,
        "Of which: Interest expense": 576,
        "Cost of sales": "N/A",
        "Enterprise cost management": 1215,
        "Total Operating Expenses": 1791,
        "Total revenue financing activities": 10205,
        "Net profit from business activities": 9317,
        "Profit": 10,
        "Profit before tax": 9327,
        "Present corporate income tax expenses": 2053,
        "Deferred income taxes expenses": "N/A",
        "The interests of minority shareholders": 46,
        "Total Cost of profits": 2099,
        "Profit after tax corporate income": 7228,
        "Volume": 54599813,
        "Close of Quarter": 7.4,
        "EPS": 286.6,
        "Non-adjusted EPS": 508,
        "PE": 14.6,
        "Book Price": 6.5
      }
    },
    {
      "quarter": "Q1 2015",
      "income status": {
        "Net sales": 24838,
        "Cost of goods sold": 14119,
        "Gross Profit": 10718,
        "Financial expenses": 322,
        "Of which: Interest expense": 322,
        "Cost of sales": "N/A",
        "Enterprise cost management": 2413,
        "Total Operating Expenses": 2735,
        "Total revenue financing activities": 311,
        "Net profit from business activities": 8295,
        "Profit": -3,
        "Profit before tax": 8292,
        "Present corporate income tax expenses": 1825,
        "Deferred income taxes expenses": "N/A",
        "The interests of minority shareholders": 36,
        "Total Cost of profits": 1861,
        "Profit after tax corporate income": 6431,
        "Volume": 54599813,
        "Close of Quarter": 8.4,
        "EPS": 297.9,
        "Non-adjusted EPS": 528,
        "PE": 15.9,
        "Book Price": 6.4
      }
    },
    {
      "quarter": "Q4 2014",
      "income status": {
        "Net sales": 21445,
        "Cost of goods sold": 14199,
        "Gross Profit": 7246,
        "Financial expenses": 167,
        "Of which: Interest expense": 167,
        "Cost of sales": "N/A",
        "Enterprise cost management": 2849,
        "Total Operating Expenses": 3016,
        "Total revenue financing activities": 1163,
        "Net profit from business activities": 5392,
        "Profit": 2445,
        "Profit before tax": 7838,
        "Present corporate income tax expenses": 1592,
        "Deferred income taxes expenses": "N/A",
        "The interests of minority shareholders": 28,
        "Total Cost of profits": 1620,
        "Profit after tax corporate income": 6218,
        "Volume": 54599813,
        "Close of Quarter": 9.3,
        "EPS": 288.9,
        "Non-adjusted EPS": 512,
        "PE": 18.1,
        "Book Price": 6.3
      }
    },
    {
      "quarter": "Q3 2014",
      "income status": {
        "Net sales": 22757,
        "Cost of goods sold": 15779,
        "Gross Profit": 6978,
        "Financial expenses": 533,
        "Of which: Interest expense": 533,
        "Cost of sales": "N/A",
        "Enterprise cost management": 1797,
        "Total Operating Expenses": 2330,
        "Total revenue financing activities": 665,
        "Net profit from business activities": 5312,
        "Profit": 4800,
        "Profit before tax": 10112,
        "Present corporate income tax expenses": 2225,
        "Deferred income taxes expenses": "N/A",
        "The interests of minority shareholders": 35,
        "Total Cost of profits": 2260,
        "Profit after tax corporate income": 7853,
        "Volume": 36399875,
        "Close of Quarter": 9.2,
        "EPS": 241.1,
        "Non-adjusted EPS": 641,
        "PE": 14.3,
        "Book Price": 6.3
      }
    },
    {
      "quarter": "Q2 2014",
      "income status": {
        "Net sales": 29793,
        "Cost of goods sold": 21075,
        "Gross Profit": 8718,
        "Financial expenses": 421,
        "Of which: Interest expense": 421,
        "Cost of sales": "N/A",
        "Enterprise cost management": 2089,
        "Total Operating Expenses": 2510,
        "Total revenue financing activities": 1613,
        "Net profit from business activities": 7971,
        "Profit": 2603,
        "Profit before tax": 10574,
        "Present corporate income tax expenses": 2073,
        "Deferred income taxes expenses": "N/A",
        "The interests of minority shareholders": 161,
        "Total Cost of profits": 2234,
        "Profit after tax corporate income": 8340,
        "Volume": 36399875,
        "Close of Quarter": 9.4,
        "EPS": 174.9,
        "Non-adjusted EPS": 465,
        "PE": 20.2,
        "Book Price": 4.3
      }
    },
    {
      "quarter": "Q1 2014",
      "income status": {
        "Net sales": 27812,
        "Cost of goods sold": 18833,
        "Gross Profit": 8979,
        "Financial expenses": 368,
        "Of which: Interest expense": 368,
        "Cost of sales": "N/A",
        "Enterprise cost management": 1659,
        "Total Operating Expenses": 2027,
        "Total revenue financing activities": 192,
        "Net profit from business activities": 7144,
        "Profit": "N/A",
        "Profit before tax": 7144,
        "Present corporate income tax expenses": 1572,
        "Deferred income taxes expenses": "N/A",
        "The interests of minority shareholders": 8,
        "Total Cost of profits": 1580,
        "Profit after tax corporate income": 5564,
        "Volume": 36399875,
        "Close of Quarter": 10.7,
        "EPS": 160.2,
        "Non-adjusted EPS": 426,
        "PE": 25,
        "Book Price": 4.2
      }
    },
    {
      "quarter": "Q4 2013",
      "income status": {
        "Net sales": 6502,
        "Cost of goods sold": 5321,
        "Gross Profit": 1181,
        "Financial expenses": 970,
        "Of which: Interest expense": 970,
        "Cost of sales": "N/A",
        "Enterprise cost management": 1944,
        "Total Operating Expenses": 2914,
        "Total revenue financing activities": 2571,
        "Net profit from business activities": 838,
        "Profit": 1198,
        "Profit before tax": 2036,
        "Present corporate income tax expenses": 464,
        "Deferred income taxes expenses": "N/A",
        "The interests of minority shareholders": "N/A",
        "Total Cost of profits": 464,
        "Profit after tax corporate income": 1572,
        "Volume": 36399875,
        "Close of Quarter": 7.8,
        "EPS": 127.1,
        "Non-adjusted EPS": 338,
        "PE": 23.1,
        "Book Price": 3.9
      }
    },
    {
      "quarter": "Q3 2013",
      "income status": {
        "Net sales": 11778,
        "Cost of goods sold": 8339,
        "Gross Profit": 3439,
        "Financial expenses": 2061,
        "Of which: Interest expense": 2061,
        "Cost of sales": "N/A",
        "Enterprise cost management": 1549,
        "Total Operating Expenses": 3610,
        "Total revenue financing activities": 721,
        "Net profit from business activities": 550,
        "Profit": 1394,
        "Profit before tax": 1945,
        "Present corporate income tax expenses": 486,
        "Deferred income taxes expenses": "N/A",
        "The interests of minority shareholders": "N/A",
        "Total Cost of profits": 486,
        "Profit after tax corporate income": 1459,
        "Volume": 36399875,
        "Close of Quarter": 5.8,
        "EPS": 115.1,
        "Non-adjusted EPS": 306,
        "PE": 18.9,
        "Book Price": 3.9
      }
    },
    {
      "quarter": "Q2 2013",
      "income status": {
        "Net sales": 13837,
        "Cost of goods sold": 4495,
        "Gross Profit": 9342,
        "Financial expenses": 2389,
        "Of which: Interest expense": 2389,
        "Cost of sales": "N/A",
        "Enterprise cost management": 1853,
        "Total Operating Expenses": 4242,
        "Total revenue financing activities": 2084,
        "Net profit from business activities": 7184,
        "Profit": 2034,
        "Profit before tax": 9218,
        "Present corporate income tax expenses": 2305,
        "Deferred income taxes expenses": "N/A",
        "The interests of minority shareholders": "N/A",
        "Total Cost of profits": 2305,
        "Profit after tax corporate income": 6914,
        "Volume": 35000000,
        "Close of Quarter": 27.0,
        "EPS": 168.5,
        "Non-adjusted EPS": 466,
        "PE": 57.9,
        "Book Price": 3.9
      }
    },
    {
      "quarter": "Q1 2013",
      "income status": {
        "Net sales": 11634,
        "Cost of goods sold": 9166,
        "Gross Profit": 2468,
        "Financial expenses": 2519,
        "Of which: Interest expense": 2519,
        "Cost of sales": "N/A",
        "Enterprise cost management": 1333,
        "Total Operating Expenses": 3852,
        "Total revenue financing activities": 1615,
        "Net profit from business activities": 231,
        "Profit": 2935,
        "Profit before tax": 3166,
        "Present corporate income tax expenses": 792,
        "Deferred income taxes expenses": "N/A",
        "The interests of minority shareholders": "N/A",
        "Total Cost of profits": 792,
        "Profit after tax corporate income": 2375,
        "Volume": 35000000,
        "Close of Quarter": 27.3,
        "EPS": 97.3,
        "Non-adjusted EPS": 269,
        "PE": 101.3,
        "Book Price": 3.8
      }
    },
    {
      "quarter": "Q4 2012",
      "income status": {
        "Net sales": 2520,
        "Cost of goods sold": 2000,
        "Gross Profit": 520,
        "Financial expenses": 801,
        "Of which: Interest expense": "N/A",
        "Cost of sales": "N/A",
        "Enterprise cost management": 823,
        "Total Operating Expenses": 1624,
        "Total revenue financing activities": 1200,
        "Net profit from business activities": 97,
        "Profit": 278,
        "Profit before tax": 375,
        "Present corporate income tax expenses": "N/A",
        "Deferred income taxes expenses": "N/A",
        "The interests of minority shareholders": "N/A",
        "Total Cost of profits": 0,
        "Profit after tax corporate income": 375,
        "Volume": 35000000,
        "Close of Quarter": "N/A",
        "EPS": 72.7,
        "Non-adjusted EPS": 201,
        "PE": "N/A",
        "Book Price": 3.8
      }
    },
    {
      "quarter": "Q3 2012",
      "income status": {
        "Net sales": 16837,
        "Cost of goods sold": 11052,
        "Gross Profit": 5786,
        "Financial expenses": "N/A",
        "Of which: Interest expense": "N/A",
        "Cost of sales": "N/A",
        "Enterprise cost management": 1177,
        "Total Operating Expenses": 1177,
        "Total revenue financing activities": "N/A",
        "Net profit from business activities": 4609,
        "Profit": 4268,
        "Profit before tax": 8876,
        "Present corporate income tax expenses": 2219,
        "Deferred income taxes expenses": "N/A",
        "The interests of minority shareholders": "N/A",
        "Total Cost of profits": 2219,
        "Profit after tax corporate income": 6657,
        "Volume": 35000000,
        "Close of Quarter": "N/A",
        "EPS": 68.7,
        "Non-adjusted EPS": 190,
        "PE": "N/A",
        "Book Price": 3.8
      }
    }
  ]
}