{
  "ticker": "CLH",
  "data": [
    {
      "quarter": "Q4 2016",
      "income status": {
        "Net sales": 197413,
        "Cost of goods sold": 173245,
        "Gross Profit": 24168,
        "Financial expenses": 4722,
        "Of which: Interest expense": 4574,
        "Cost of sales": 2469,
        "Enterprise cost management": 7315,
        "Total Operating Expenses": 14506,
        "Total revenue financing activities": 11,
        "Net profit from business activities": 9673,
        "Profit": 178,
        "Profit before tax": 9851,
        "Present corporate income tax expenses": 2008,
        "Deferred income taxes expenses": "N/A",
        "The interests of minority shareholders": "N/A",
        "Total Cost of profits": 2008,
        "Profit after tax corporate income": 7843,
        "Volume": 10000000,
        "Close of Quarter": 12.6,
        "EPS": 2827,
        "Non-adjusted EPS": 2827,
        "PE": 4.5,
        "Book Price": 12.2
      }
    },
    {
      "quarter": "Q3 2016",
      "income status": {
        "Net sales": 147856,
        "Cost of goods sold": 129184,
        "Gross Profit": 18672,
        "Financial expenses": 4724,
        "Of which: Interest expense": 4724,
        "Cost of sales": 3023,
        "Enterprise cost management": 7484,
        "Total Operating Expenses": 15231,
        "Total revenue financing activities": 3,
        "Net profit from business activities": 3444,
        "Profit": -1,
        "Profit before tax": 3442,
        "Present corporate income tax expenses": 695,
        "Deferred income taxes expenses": "N/A",
        "The interests of minority shareholders": "N/A",
        "Total Cost of profits": 695,
        "Profit after tax corporate income": 2748,
        "Volume": 10000000,
        "Close of Quarter": 13.0,
        "EPS": 2752,
        "Non-adjusted EPS": 2752,
        "PE": 4.7,
        "Book Price": 13.9
      }
    },
    {
      "quarter": "Q2 2016",
      "income status": {
        "Net sales": 161915,
        "Cost of goods sold": 133021,
        "Gross Profit": 28894,
        "Financial expenses": 4292,
        "Of which: Interest expense": 4292,
        "Cost of sales": 3891,
        "Enterprise cost management": 8105,
        "Total Operating Expenses": 16288,
        "Total revenue financing activities": 60,
        "Net profit from business activities": 12666,
        "Profit": 393,
        "Profit before tax": 13058,
        "Present corporate income tax expenses": 2649,
        "Deferred income taxes expenses": "N/A",
        "The interests of minority shareholders": "N/A",
        "Total Cost of profits": 2649,
        "Profit after tax corporate income": 10409,
        "Volume": 10000000,
        "Close of Quarter": 13.1,
        "EPS": 2512,
        "Non-adjusted EPS": 2512,
        "PE": 5.2,
        "Book Price": 13.6
      }
    },
    {
      "quarter": "Q1 2016",
      "income status": {
        "Net sales": 149341,
        "Cost of goods sold": 128092,
        "Gross Profit": 21249,
        "Financial expenses": 4589,
        "Of which: Interest expense": 4589,
        "Cost of sales": 2112,
        "Enterprise cost management": 5123,
        "Total Operating Expenses": 11824,
        "Total revenue financing activities": 3,
        "Net profit from business activities": 9428,
        "Profit": -345,
        "Profit before tax": 9083,
        "Present corporate income tax expenses": 1817,
        "Deferred income taxes expenses": "N/A",
        "The interests of minority shareholders": "N/A",
        "Total Cost of profits": 1817,
        "Profit after tax corporate income": 7265,
        "Volume": 10000000,
        "Close of Quarter": "N/A",
        "EPS": 2591,
        "Non-adjusted EPS": 2591,
        "PE": "N/A",
        "Book Price": 12.5
      }
    },
    {
      "quarter": "Q4 2015",
      "income status": {
        "Net sales": 184053,
        "Cost of goods sold": 158112,
        "Gross Profit": 25941,
        "Financial expenses": 5122,
        "Of which: Interest expense": 5108,
        "Cost of sales": 3236,
        "Enterprise cost management": 8253,
        "Total Operating Expenses": 16611,
        "Total revenue financing activities": 8,
        "Net profit from business activities": 9338,
        "Profit": -202,
        "Profit before tax": 9137,
        "Present corporate income tax expenses": 2044,
        "Deferred income taxes expenses": "N/A",
        "The interests of minority shareholders": "N/A",
        "Total Cost of profits": 2044,
        "Profit after tax corporate income": 7093,
        "Volume": 10000000,
        "Close of Quarter": "N/A",
        "EPS": 2532,
        "Non-adjusted EPS": 2532,
        "PE": "N/A",
        "Book Price": "N/A"
      }
    },
    {
      "quarter": "Q3 2015",
      "income status": {
        "Net sales": 133241,
        "Cost of goods sold": 119338,
        "Gross Profit": 13904,
        "Financial expenses": 6143,
        "Of which: Interest expense": 5549,
        "Cost of sales": 2197,
        "Enterprise cost management": 5277,
        "Total Operating Expenses": 13617,
        "Total revenue financing activities": 3,
        "Net profit from business activities": 290,
        "Profit": 164,
        "Profit before tax": 454,
        "Present corporate income tax expenses": 104,
        "Deferred income taxes expenses": "N/A",
        "The interests of minority shareholders": "N/A",
        "Total Cost of profits": 104,
        "Profit after tax corporate income": 349,
        "Volume": 10000000,
        "Close of Quarter": "N/A",
        "EPS": 2751,
        "Non-adjusted EPS": 2751,
        "PE": "N/A",
        "Book Price": "N/A"
      }
    },
    {
      "quarter": "Q2 2015",
      "income status": {
        "Net sales": 175006,
        "Cost of goods sold": 144219,
        "Gross Profit": 30787,
        "Financial expenses": 6285,
        "Of which: Interest expense": 5675,
        "Cost of sales": 2909,
        "Enterprise cost management": 7332,
        "Total Operating Expenses": 16526,
        "Total revenue financing activities": 5,
        "Net profit from business activities": 14267,
        "Profit": 112,
        "Profit before tax": 14378,
        "Present corporate income tax expenses": 3173,
        "Deferred income taxes expenses": "N/A",
        "The interests of minority shareholders": "N/A",
        "Total Cost of profits": 3173,
        "Profit after tax corporate income": 11205,
        "Volume": 10000000,
        "Close of Quarter": "N/A",
        "EPS": 2716,
        "Non-adjusted EPS": 2716,
        "PE": "N/A",
        "Book Price": "N/A"
      }
    },
    {
      "quarter": "Q1 2015",
      "income status": {
        "Net sales": 154489,
        "Cost of goods sold": 133729,
        "Gross Profit": 20760,
        "Financial expenses": 5990,
        "Of which: Interest expense": 5971,
        "Cost of sales": 1930,
        "Enterprise cost management": 4278,
        "Total Operating Expenses": 12198,
        "Total revenue financing activities": 4,
        "Net profit from business activities": 8566,
        "Profit": -13,
        "Profit before tax": 8553,
        "Present corporate income tax expenses": 1883,
        "Deferred income taxes expenses": "N/A",
        "The interests of minority shareholders": "N/A",
        "Total Cost of profits": 1883,
        "Profit after tax corporate income": 6670,
        "Volume": 10000000,
        "Close of Quarter": "N/A",
        "EPS": 1595,
        "Non-adjusted EPS": 1595,
        "PE": "N/A",
        "Book Price": "N/A"
      }
    }
  ]
}