{
  "ticker": "SGC",
  "data": [
    {
      "quarter": "Q4 2016",
      "income status": {
        "Net sales": 78294,
        "Cost of goods sold": 58320,
        "Gross Profit": 19974,
        "Financial expenses": 132,
        "Of which: Interest expense": 119,
        "Cost of sales": 3293,
        "Enterprise cost management": 4581,
        "Total Operating Expenses": 8006,
        "Total revenue financing activities": 188,
        "Net profit from business activities": 12156,
        "Profit": 63,
        "Profit before tax": 12220,
        "Present corporate income tax expenses": 2487,
        "Deferred income taxes expenses": 4,
        "The interests of minority shareholders": "N/A",
        "Total Cost of profits": 2491,
        "Profit after tax corporate income": 9728,
        "Volume": 7147580,
        "Close of Quarter": 46,
        "EPS": 4219,
        "Non-adjusted EPS": 4219,
        "PE": 10.9,
        "Book Price": 16.5
      }
    },
    {
      "quarter": "Q3 2016",
      "income status": {
        "Net sales": 59000,
        "Cost of goods sold": 44319,
        "Gross Profit": 14681,
        "Financial expenses": 35,
        "Of which: Interest expense": 29,
        "Cost of sales": 2656,
        "Enterprise cost management": 2012,
        "Total Operating Expenses": 4703,
        "Total revenue financing activities": 64,
        "Net profit from business activities": 10043,
        "Profit": 65,
        "Profit before tax": 10107,
        "Present corporate income tax expenses": 1998,
        "Deferred income taxes expenses": 10,
        "The interests of minority shareholders": "N/A",
        "Total Cost of profits": 2008,
        "Profit after tax corporate income": 8100,
        "Volume": 7147580,
        "Close of Quarter": 48.0,
        "EPS": 3850,
        "Non-adjusted EPS": 3850,
        "PE": 12.5,
        "Book Price": 15.2
      }
    },
    {
      "quarter": "Q2 2016",
      "income status": {
        "Net sales": 62602,
        "Cost of goods sold": 49703,
        "Gross Profit": 12899,
        "Financial expenses": 78,
        "Of which: Interest expense": 62,
        "Cost of sales": 2851,
        "Enterprise cost management": 2459,
        "Total Operating Expenses": 5388,
        "Total revenue financing activities": 107,
        "Net profit from business activities": 7618,
        "Profit": 171,
        "Profit before tax": 7789,
        "Present corporate income tax expenses": 1762,
        "Deferred income taxes expenses": -205,
        "The interests of minority shareholders": "N/A",
        "Total Cost of profits": 1557,
        "Profit after tax corporate income": 6233,
        "Volume": 7147580,
        "Close of Quarter": 42.3,
        "EPS": 3797,
        "Non-adjusted EPS": 3797,
        "PE": 11.1,
        "Book Price": 14.1
      }
    },
    {
      "quarter": "Q1 2016",
      "income status": {
        "Net sales": 64780,
        "Cost of goods sold": 50681,
        "Gross Profit": 14098,
        "Financial expenses": 184,
        "Of which: Interest expense": 79,
        "Cost of sales": 2882,
        "Enterprise cost management": 3240,
        "Total Operating Expenses": 6306,
        "Total revenue financing activities": 40,
        "Net profit from business activities": 7832,
        "Profit": -191,
        "Profit before tax": 7641,
        "Present corporate income tax expenses": 1548,
        "Deferred income taxes expenses": "N/A",
        "The interests of minority shareholders": "N/A",
        "Total Cost of profits": 1548,
        "Profit after tax corporate income": 6094,
        "Volume": 7147580,
        "Close of Quarter": 29.9,
        "EPS": 3603,
        "Non-adjusted EPS": 3603,
        "PE": 8.3,
        "Book Price": 14.7
      }
    },
    {
      "quarter": "Q4 2015",
      "income status": {
        "Net sales": 68906,
        "Cost of goods sold": 55461,
        "Gross Profit": 13445,
        "Financial expenses": 180,
        "Of which: Interest expense": 47,
        "Cost of sales": 3353,
        "Enterprise cost management": 2306,
        "Total Operating Expenses": 5839,
        "Total revenue financing activities": 136,
        "Net profit from business activities": 7742,
        "Profit": 670,
        "Profit before tax": 8413,
        "Present corporate income tax expenses": 1320,
        "Deferred income taxes expenses": "N/A",
        "The interests of minority shareholders": "N/A",
        "Total Cost of profits": 1320,
        "Profit after tax corporate income": 7093,
        "Volume": 7147580,
        "Close of Quarter": 30.5,
        "EPS": 3311,
        "Non-adjusted EPS": 3311,
        "PE": 9.2,
        "Book Price": 15.5
      }
    },
    {
      "quarter": "Q3 2015",
      "income status": {
        "Net sales": 57547,
        "Cost of goods sold": 45134,
        "Gross Profit": 12414,
        "Financial expenses": 75,
        "Of which: Interest expense": 59,
        "Cost of sales": 2379,
        "Enterprise cost management": 2580,
        "Total Operating Expenses": 5034,
        "Total revenue financing activities": 368,
        "Net profit from business activities": 7747,
        "Profit": 1460,
        "Profit before tax": 9207,
        "Present corporate income tax expenses": 1486,
        "Deferred income taxes expenses": "N/A",
        "The interests of minority shareholders": "N/A",
        "Total Cost of profits": 1486,
        "Profit after tax corporate income": 7721,
        "Volume": 7147580,
        "Close of Quarter": 42,
        "EPS": 3200,
        "Non-adjusted EPS": 3200,
        "PE": 13.1,
        "Book Price": 14.5
      }
    },
    {
      "quarter": "Q2 2015",
      "income status": {
        "Net sales": 56015,
        "Cost of goods sold": 45966,
        "Gross Profit": 10049,
        "Financial expenses": 155,
        "Of which: Interest expense": 118,
        "Cost of sales": 2611,
        "Enterprise cost management": 1857,
        "Total Operating Expenses": 4623,
        "Total revenue financing activities": 302,
        "Net profit from business activities": 5727,
        "Profit": -31,
        "Profit before tax": 5696,
        "Present corporate income tax expenses": 853,
        "Deferred income taxes expenses": "N/A",
        "The interests of minority shareholders": "N/A",
        "Total Cost of profits": 853,
        "Profit after tax corporate income": 4844,
        "Volume": 7147580,
        "Close of Quarter": 31.4,
        "EPS": 2596,
        "Non-adjusted EPS": 2596,
        "PE": 12.1,
        "Book Price": 13.5
      }
    },
    {
      "quarter": "Q1 2015",
      "income status": {
        "Net sales": 52425,
        "Cost of goods sold": 43003,
        "Gross Profit": 9422,
        "Financial expenses": 134,
        "Of which: Interest expense": 86,
        "Cost of sales": 2555,
        "Enterprise cost management": 2105,
        "Total Operating Expenses": 4794,
        "Total revenue financing activities": 88,
        "Net profit from business activities": 4716,
        "Profit": 5,
        "Profit before tax": 4721,
        "Present corporate income tax expenses": 710,
        "Deferred income taxes expenses": "N/A",
        "The interests of minority shareholders": "N/A",
        "Total Cost of profits": 710,
        "Profit after tax corporate income": 4011,
        "Volume": 7147580,
        "Close of Quarter": 28.2,
        "EPS": 2239,
        "Non-adjusted EPS": 2239,
        "PE": 12.6,
        "Book Price": 14.4
      }
    },
    {
      "quarter": "Q4 2014",
      "income status": {
        "Net sales": 67082,
        "Cost of goods sold": 56032,
        "Gross Profit": 11050,
        "Financial expenses": 141,
        "Of which: Interest expense": 117,
        "Cost of sales": 2702,
        "Enterprise cost management": 1838,
        "Total Operating Expenses": 4681,
        "Total revenue financing activities": 310,
        "Net profit from business activities": 6679,
        "Profit": 133,
        "Profit before tax": 6813,
        "Present corporate income tax expenses": 514,
        "Deferred income taxes expenses": "N/A",
        "The interests of minority shareholders": "N/A",
        "Total Cost of profits": 514,
        "Profit after tax corporate income": 6298,
        "Volume": 7147580,
        "Close of Quarter": 27.2,
        "EPS": 2604,
        "Non-adjusted EPS": 2604,
        "PE": 10.5,
        "Book Price": 13.8
      }
    },
    {
      "quarter": "Q3 2014",
      "income status": {
        "Net sales": 44351,
        "Cost of goods sold": 36283,
        "Gross Profit": 8068,
        "Financial expenses": 101,
        "Of which: Interest expense": 22,
        "Cost of sales": 2309,
        "Enterprise cost management": 1573,
        "Total Operating Expenses": 3983,
        "Total revenue financing activities": 44,
        "Net profit from business activities": 4129,
        "Profit": -447,
        "Profit before tax": 3681,
        "Present corporate income tax expenses": 277,
        "Deferred income taxes expenses": "N/A",
        "The interests of minority shareholders": "N/A",
        "Total Cost of profits": 277,
        "Profit after tax corporate income": 3404,
        "Volume": 7147580,
        "Close of Quarter": 27.0,
        "EPS": 2601,
        "Non-adjusted EPS": 2601,
        "PE": 10.4,
        "Book Price": 13.9
      }
    },
    {
      "quarter": "Q2 2014",
      "income status": {
        "Net sales": 45608,
        "Cost of goods sold": 39894,
        "Gross Profit": 5715,
        "Financial expenses": 9,
        "Of which: Interest expense": "N/A",
        "Cost of sales": 2125,
        "Enterprise cost management": 1552,
        "Total Operating Expenses": 3686,
        "Total revenue financing activities": 344,
        "Net profit from business activities": 2373,
        "Profit": 120,
        "Profit before tax": 2493,
        "Present corporate income tax expenses": 200,
        "Deferred income taxes expenses": "N/A",
        "The interests of minority shareholders": "N/A",
        "Total Cost of profits": 200,
        "Profit after tax corporate income": 2293,
        "Volume": 7147580,
        "Close of Quarter": 24.5,
        "EPS": 2509,
        "Non-adjusted EPS": 2509,
        "PE": 9.8,
        "Book Price": 13.5
      }
    },
    {
      "quarter": "Q1 2014",
      "income status": {
        "Net sales": 53694,
        "Cost of goods sold": 43126,
        "Gross Profit": 10568,
        "Financial expenses": 1,
        "Of which: Interest expense": "N/A",
        "Cost of sales": 1756,
        "Enterprise cost management": 1685,
        "Total Operating Expenses": 3442,
        "Total revenue financing activities": 50,
        "Net profit from business activities": 7175,
        "Profit": -13,
        "Profit before tax": 7162,
        "Present corporate income tax expenses": 542,
        "Deferred income taxes expenses": "N/A",
        "The interests of minority shareholders": "N/A",
        "Total Cost of profits": 542,
        "Profit after tax corporate income": 6619,
        "Volume": 7147580,
        "Close of Quarter": 20.4,
        "EPS": 3047,
        "Non-adjusted EPS": 3047,
        "PE": 6.7,
        "Book Price": 16.5
      }
    },
    {
      "quarter": "Q4 2013",
      "income status": {
        "Net sales": 58581,
        "Cost of goods sold": 48429,
        "Gross Profit": 10152,
        "Financial expenses": 13,
        "Of which: Interest expense": "N/A",
        "Cost of sales": 2250,
        "Enterprise cost management": 1701,
        "Total Operating Expenses": 3964,
        "Total revenue financing activities": 105,
        "Net profit from business activities": 6294,
        "Profit": 606,
        "Profit before tax": 6900,
        "Present corporate income tax expenses": 628,
        "Deferred income taxes expenses": "N/A",
        "The interests of minority shareholders": "N/A",
        "Total Cost of profits": 628,
        "Profit after tax corporate income": 6272,
        "Volume": 7147580,
        "Close of Quarter": 17.8,
        "EPS": 3142,
        "Non-adjusted EPS": 3142,
        "PE": 5.7,
        "Book Price": 15.6
      }
    },
    {
      "quarter": "Q3 2013",
      "income status": {
        "Net sales": 41458,
        "Cost of goods sold": 35558,
        "Gross Profit": 5900,
        "Financial expenses": 30,
        "Of which: Interest expense": "N/A",
        "Cost of sales": 1897,
        "Enterprise cost management": 1332,
        "Total Operating Expenses": 3259,
        "Total revenue financing activities": 142,
        "Net profit from business activities": 2783,
        "Profit": 242,
        "Profit before tax": 3025,
        "Present corporate income tax expenses": 278,
        "Deferred income taxes expenses": "N/A",
        "The interests of minority shareholders": "N/A",
        "Total Cost of profits": 278,
        "Profit after tax corporate income": 2746,
        "Volume": 7147580,
        "Close of Quarter": 16.4,
        "EPS": 3103,
        "Non-adjusted EPS": 3103,
        "PE": 5.3,
        "Book Price": 15.7
      }
    },
    {
      "quarter": "Q2 2013",
      "income status": {
        "Net sales": 47217,
        "Cost of goods sold": 37697,
        "Gross Profit": 9521,
        "Financial expenses": 18,
        "Of which: Interest expense": 9,
        "Cost of sales": 1862,
        "Enterprise cost management": 1376,
        "Total Operating Expenses": 3256,
        "Total revenue financing activities": 438,
        "Net profit from business activities": 6702,
        "Profit": -7,
        "Profit before tax": 6695,
        "Present corporate income tax expenses": 556,
        "Deferred income taxes expenses": "N/A",
        "The interests of minority shareholders": "N/A",
        "Total Cost of profits": 556,
        "Profit after tax corporate income": 6139,
        "Volume": 7147580,
        "Close of Quarter": 14.9,
        "EPS": 3267,
        "Non-adjusted EPS": 3267,
        "PE": 4.6,
        "Book Price": 15.3
      }
    },
    {
      "quarter": "Q1 2013",
      "income status": {
        "Net sales": 53758,
        "Cost of goods sold": 42177,
        "Gross Profit": 11581,
        "Financial expenses": 5,
        "Of which: Interest expense": "N/A",
        "Cost of sales": 2048,
        "Enterprise cost management": 1884,
        "Total Operating Expenses": 3937,
        "Total revenue financing activities": 67,
        "Net profit from business activities": 7710,
        "Profit": 231,
        "Profit before tax": 7942,
        "Present corporate income tax expenses": 638,
        "Deferred income taxes expenses": "N/A",
        "The interests of minority shareholders": "N/A",
        "Total Cost of profits": 638,
        "Profit after tax corporate income": 7303,
        "Volume": 7147580,
        "Close of Quarter": 11.6,
        "EPS": 2713,
        "Non-adjusted EPS": 2713,
        "PE": 4.3,
        "Book Price": 16.2
      }
    },
    {
      "quarter": "Q4 2012",
      "income status": {
        "Net sales": 59618,
        "Cost of goods sold": 48418,
        "Gross Profit": 11199,
        "Financial expenses": 4,
        "Of which: Interest expense": 2,
        "Cost of sales": 2524,
        "Enterprise cost management": 2150,
        "Total Operating Expenses": 4678,
        "Total revenue financing activities": 46,
        "Net profit from business activities": 6567,
        "Profit": -237,
        "Profit before tax": 6331,
        "Present corporate income tax expenses": 340,
        "Deferred income taxes expenses": "N/A",
        "The interests of minority shareholders": "N/A",
        "Total Cost of profits": 340,
        "Profit after tax corporate income": 5990,
        "Volume": 7147580,
        "Close of Quarter": 10.8,
        "EPS": 2332,
        "Non-adjusted EPS": 2332,
        "PE": 4.6,
        "Book Price": 15.2
      }
    },
    {
      "quarter": "Q3 2012",
      "income status": {
        "Net sales": 44282,
        "Cost of goods sold": 36763,
        "Gross Profit": 7520,
        "Financial expenses": 44,
        "Of which: Interest expense": 3,
        "Cost of sales": 1307,
        "Enterprise cost management": 1380,
        "Total Operating Expenses": 2731,
        "Total revenue financing activities": 43,
        "Net profit from business activities": 4833,
        "Profit": -244,
        "Profit before tax": 4589,
        "Present corporate income tax expenses": 671,
        "Deferred income taxes expenses": "N/A",
        "The interests of minority shareholders": "N/A",
        "Total Cost of profits": 671,
        "Profit after tax corporate income": 3918,
        "Volume": 7147580,
        "Close of Quarter": 12.0,
        "EPS": 2652,
        "Non-adjusted EPS": 2652,
        "PE": 4.5,
        "Book Price": 15.4
      }
    },
    {
      "quarter": "Q2 2012",
      "income status": {
        "Net sales": 36816,
        "Cost of goods sold": 30921,
        "Gross Profit": 5895,
        "Financial expenses": 94,
        "Of which: Interest expense": 74,
        "Cost of sales": 1446,
        "Enterprise cost management": 1247,
        "Total Operating Expenses": 2787,
        "Total revenue financing activities": 59,
        "Net profit from business activities": 3167,
        "Profit": -453,
        "Profit before tax": 2714,
        "Present corporate income tax expenses": 533,
        "Deferred income taxes expenses": "N/A",
        "The interests of minority shareholders": "N/A",
        "Total Cost of profits": 533,
        "Profit after tax corporate income": 2181,
        "Volume": 7147580,
        "Close of Quarter": 9.3,
        "EPS": 3129,
        "Non-adjusted EPS": 3129,
        "PE": 3.0,
        "Book Price": 14.8
      }
    },
    {
      "quarter": "Q1 2012",
      "income status": {
        "Net sales": 38751,
        "Cost of goods sold": 30176,
        "Gross Profit": 8575,
        "Financial expenses": 537,
        "Of which: Interest expense": 447,
        "Cost of sales": 1026,
        "Enterprise cost management": 1096,
        "Total Operating Expenses": 2659,
        "Total revenue financing activities": 148,
        "Net profit from business activities": 6064,
        "Profit": -174,
        "Profit before tax": 5890,
        "Present corporate income tax expenses": 1310,
        "Deferred income taxes expenses": "N/A",
        "The interests of minority shareholders": "N/A",
        "Total Cost of profits": 1310,
        "Profit after tax corporate income": 4579,
        "Volume": 7147580,
        "Close of Quarter": 15.1,
        "EPS": 4108,
        "Non-adjusted EPS": 4108,
        "PE": 3.7,
        "Book Price": 17.1
      }
    },
    {
      "quarter": "Q4 2011",
      "income status": {
        "Net sales": 53627,
        "Cost of goods sold": 41261,
        "Gross Profit": 12366,
        "Financial expenses": 561,
        "Of which: Interest expense": 495,
        "Cost of sales": 1548,
        "Enterprise cost management": 1987,
        "Total Operating Expenses": 4096,
        "Total revenue financing activities": 228,
        "Net profit from business activities": 8498,
        "Profit": 134,
        "Profit before tax": 8632,
        "Present corporate income tax expenses": 352,
        "Deferred income taxes expenses": "N/A",
        "The interests of minority shareholders": "N/A",
        "Total Cost of profits": 352,
        "Profit after tax corporate income": 8280,
        "Volume": 7147580,
        "Close of Quarter": 8.6,
        "EPS": 5549,
        "Non-adjusted EPS": 5549,
        "PE": 1.5,
        "Book Price": 16.5
      }
    },
    {
      "quarter": "Q3 2011",
      "income status": {
        "Net sales": 45158,
        "Cost of goods sold": 34601,
        "Gross Profit": 10558,
        "Financial expenses": 724,
        "Of which: Interest expense": 666,
        "Cost of sales": 1205,
        "Enterprise cost management": 1365,
        "Total Operating Expenses": 3294,
        "Total revenue financing activities": 492,
        "Net profit from business activities": 7756,
        "Profit": 20,
        "Profit before tax": 7776,
        "Present corporate income tax expenses": 450,
        "Deferred income taxes expenses": "N/A",
        "The interests of minority shareholders": "N/A",
        "Total Cost of profits": 450,
        "Profit after tax corporate income": 7326,
        "Volume": 7147580,
        "Close of Quarter": 8.0,
        "EPS": 5281,
        "Non-adjusted EPS": 5281,
        "PE": 1.5,
        "Book Price": 15.4
      }
    },
    {
      "quarter": "Q2 2011",
      "income status": {
        "Net sales": 44941,
        "Cost of goods sold": 31647,
        "Gross Profit": 13294,
        "Financial expenses": 1355,
        "Of which: Interest expense": 1078,
        "Cost of sales": 1361,
        "Enterprise cost management": 1195,
        "Total Operating Expenses": 3911,
        "Total revenue financing activities": 302,
        "Net profit from business activities": 9686,
        "Profit": 1,
        "Profit before tax": 9687,
        "Present corporate income tax expenses": 507,
        "Deferred income taxes expenses": "N/A",
        "The interests of minority shareholders": "N/A",
        "Total Cost of profits": 507,
        "Profit after tax corporate income": 9180,
        "Volume": 5956402,
        "Close of Quarter": 9.2,
        "EPS": 4715.1,
        "Non-adjusted EPS": 5658,
        "PE": 1.6,
        "Book Price": 13.7
      }
    },
    {
      "quarter": "Q1 2011",
      "income status": {
        "Net sales": 53971,
        "Cost of goods sold": 35406,
        "Gross Profit": 18566,
        "Financial expenses": 895,
        "Of which: Interest expense": 719,
        "Cost of sales": 1266,
        "Enterprise cost management": 1338,
        "Total Operating Expenses": 3499,
        "Total revenue financing activities": 737,
        "Net profit from business activities": 15803,
        "Profit": 26,
        "Profit before tax": 15829,
        "Present corporate income tax expenses": 951,
        "Deferred income taxes expenses": "N/A",
        "The interests of minority shareholders": "N/A",
        "Total Cost of profits": 951,
        "Profit after tax corporate income": 14878,
        "Volume": 5956402,
        "Close of Quarter": 8.7,
        "EPS": 4058.4,
        "Non-adjusted EPS": 4870,
        "PE": 1.8,
        "Book Price": 14.3
      }
    }
  ]
}