{
  "ticker": "DZM",
  "data": [
    {
      "quarter": "Q4 2016",
      "income status": {
        "Net sales": 87785,
        "Cost of goods sold": 61459,
        "Gross Profit": 26326,
        "Financial expenses": 2628,
        "Of which: Interest expense": 2334,
        "Cost of sales": 11506,
        "Enterprise cost management": 5879,
        "Total Operating Expenses": 20013,
        "Total revenue financing activities": 574,
        "Net profit from business activities": 6887,
        "Profit": 54,
        "Profit before tax": 6941,
        "Present corporate income tax expenses": 166,
        "Deferred income taxes expenses": "N/A",
        "The interests of minority shareholders": "N/A",
        "Total Cost of profits": 166,
        "Profit after tax corporate income": 6774,
        "Volume": 5395985,
        "Close of Quarter": 11.3,
        "EPS": 3364,
        "Non-adjusted EPS": 3364,
        "PE": 3.4,
        "Book Price": 19.9
      }
    },
    {
      "quarter": "Q3 2016",
      "income status": {
        "Net sales": 53309,
        "Cost of goods sold": 40248,
        "Gross Profit": 13062,
        "Financial expenses": 1899,
        "Of which: Interest expense": 1817,
        "Cost of sales": 8116,
        "Enterprise cost management": 2900,
        "Total Operating Expenses": 12915,
        "Total revenue financing activities": 357,
        "Net profit from business activities": 503,
        "Profit": 175,
        "Profit before tax": 678,
        "Present corporate income tax expenses": "N/A",
        "Deferred income taxes expenses": "N/A",
        "The interests of minority shareholders": "N/A",
        "Total Cost of profits": 0,
        "Profit after tax corporate income": 678,
        "Volume": 5395985,
        "Close of Quarter": 13,
        "EPS": 3603,
        "Non-adjusted EPS": 3603,
        "PE": 3.6,
        "Book Price": 18.8
      }
    },
    {
      "quarter": "Q2 2016",
      "income status": {
        "Net sales": 100062,
        "Cost of goods sold": 72560,
        "Gross Profit": 27502,
        "Financial expenses": 2672,
        "Of which: Interest expense": 2244,
        "Cost of sales": 8758,
        "Enterprise cost management": 3178,
        "Total Operating Expenses": 14608,
        "Total revenue financing activities": 295,
        "Net profit from business activities": 13189,
        "Profit": -710,
        "Profit before tax": 12479,
        "Present corporate income tax expenses": 446,
        "Deferred income taxes expenses": "N/A",
        "The interests of minority shareholders": "N/A",
        "Total Cost of profits": 446,
        "Profit after tax corporate income": 12033,
        "Volume": 5395985,
        "Close of Quarter": 5.9,
        "EPS": 2430,
        "Non-adjusted EPS": 2430,
        "PE": 2.4,
        "Book Price": 18.4
      }
    },
    {
      "quarter": "Q1 2016",
      "income status": {
        "Net sales": 29084,
        "Cost of goods sold": 20785,
        "Gross Profit": 8299,
        "Financial expenses": 1186,
        "Of which: Interest expense": 1026,
        "Cost of sales": 5649,
        "Enterprise cost management": 2958,
        "Total Operating Expenses": 9793,
        "Total revenue financing activities": 279,
        "Net profit from business activities": -1215,
        "Profit": -68,
        "Profit before tax": -1282,
        "Present corporate income tax expenses": 50,
        "Deferred income taxes expenses": "N/A",
        "The interests of minority shareholders": "N/A",
        "Total Cost of profits": 50,
        "Profit after tax corporate income": -1333,
        "Volume": 5395985,
        "Close of Quarter": 6.2,
        "EPS": -175,
        "Non-adjusted EPS": -175,
        "PE": -35.4,
        "Book Price": 16.2
      }
    },
    {
      "quarter": "Q4 2015",
      "income status": {
        "Net sales": 65491,
        "Cost of goods sold": 43051,
        "Gross Profit": 22439,
        "Financial expenses": 1236,
        "Of which: Interest expense": 1083,
        "Cost of sales": 9102,
        "Enterprise cost management": 4269,
        "Total Operating Expenses": 14607,
        "Total revenue financing activities": 284,
        "Net profit from business activities": 8115,
        "Profit": 38,
        "Profit before tax": 8153,
        "Present corporate income tax expenses": 90,
        "Deferred income taxes expenses": "N/A",
        "The interests of minority shareholders": "N/A",
        "Total Cost of profits": 90,
        "Profit after tax corporate income": 8063,
        "Volume": 5395985,
        "Close of Quarter": 3.8,
        "EPS": -443,
        "Non-adjusted EPS": -443,
        "PE": -8.6,
        "Book Price": 17
      }
    },
    {
      "quarter": "Q3 2015",
      "income status": {
        "Net sales": 14794,
        "Cost of goods sold": 11896,
        "Gross Profit": 2898,
        "Financial expenses": 1407,
        "Of which: Interest expense": 1008,
        "Cost of sales": 4408,
        "Enterprise cost management": 2670,
        "Total Operating Expenses": 8485,
        "Total revenue financing activities": 309,
        "Net profit from business activities": -5278,
        "Profit": -354,
        "Profit before tax": -5631,
        "Present corporate income tax expenses": 21,
        "Deferred income taxes expenses": "N/A",
        "The interests of minority shareholders": "N/A",
        "Total Cost of profits": 21,
        "Profit after tax corporate income": -5653,
        "Volume": 5395985,
        "Close of Quarter": 4.1,
        "EPS": -303,
        "Non-adjusted EPS": -303,
        "PE": -13.5,
        "Book Price": 14.8
      }
    },
    {
      "quarter": "Q2 2015",
      "income status": {
        "Net sales": 28968,
        "Cost of goods sold": 18442,
        "Gross Profit": 10527,
        "Financial expenses": 1185,
        "Of which: Interest expense": 846,
        "Cost of sales": 7866,
        "Enterprise cost management": 3683,
        "Total Operating Expenses": 12734,
        "Total revenue financing activities": 180,
        "Net profit from business activities": -2027,
        "Profit": 71,
        "Profit before tax": -1956,
        "Present corporate income tax expenses": 66,
        "Deferred income taxes expenses": "N/A",
        "The interests of minority shareholders": "N/A",
        "Total Cost of profits": 66,
        "Profit after tax corporate income": -2022,
        "Volume": 5395985,
        "Close of Quarter": 5.7,
        "EPS": 710,
        "Non-adjusted EPS": 710,
        "PE": 8.0,
        "Book Price": 15.6
      }
    },
    {
      "quarter": "Q1 2015",
      "income status": {
        "Net sales": 19112,
        "Cost of goods sold": 13046,
        "Gross Profit": 6066,
        "Financial expenses": 1383,
        "Of which: Interest expense": 1045,
        "Cost of sales": 4903,
        "Enterprise cost management": 2761,
        "Total Operating Expenses": 9047,
        "Total revenue financing activities": 193,
        "Net profit from business activities": -2789,
        "Profit": 23,
        "Profit before tax": -2765,
        "Present corporate income tax expenses": 14,
        "Deferred income taxes expenses": "N/A",
        "The interests of minority shareholders": "N/A",
        "Total Cost of profits": 14,
        "Profit after tax corporate income": -2779,
        "Volume": 5395985,
        "Close of Quarter": 6.9,
        "EPS": 656,
        "Non-adjusted EPS": 656,
        "PE": 10.5,
        "Book Price": 15.9
      }
    },
    {
      "quarter": "Q4 2014",
      "income status": {
        "Net sales": 92144,
        "Cost of goods sold": 68774,
        "Gross Profit": 23371,
        "Financial expenses": 1329,
        "Of which: Interest expense": 960,
        "Cost of sales": 9063,
        "Enterprise cost management": 2531,
        "Total Operating Expenses": 12923,
        "Total revenue financing activities": 272,
        "Net profit from business activities": 10719,
        "Profit": -1765,
        "Profit before tax": 8954,
        "Present corporate income tax expenses": 134,
        "Deferred income taxes expenses": "N/A",
        "The interests of minority shareholders": "N/A",
        "Total Cost of profits": 134,
        "Profit after tax corporate income": 8820,
        "Volume": 5395985,
        "Close of Quarter": 4.7,
        "EPS": 1248,
        "Non-adjusted EPS": 1248,
        "PE": 3.8,
        "Book Price": 17.4
      }
    },
    {
      "quarter": "Q3 2014",
      "income status": {
        "Net sales": 31967,
        "Cost of goods sold": 20482,
        "Gross Profit": 11485,
        "Financial expenses": 1021,
        "Of which: Interest expense": 999,
        "Cost of sales": 7990,
        "Enterprise cost management": 2823,
        "Total Operating Expenses": 11834,
        "Total revenue financing activities": 125,
        "Net profit from business activities": -224,
        "Profit": 96,
        "Profit before tax": -128,
        "Present corporate income tax expenses": 61,
        "Deferred income taxes expenses": "N/A",
        "The interests of minority shareholders": "N/A",
        "Total Cost of profits": 61,
        "Profit after tax corporate income": -188,
        "Volume": 5395985,
        "Close of Quarter": 4.4,
        "EPS": 1928,
        "Non-adjusted EPS": 1928,
        "PE": 2.3,
        "Book Price": 15.8
      }
    },
    {
      "quarter": "Q2 2014",
      "income status": {
        "Net sales": 26486,
        "Cost of goods sold": 18337,
        "Gross Profit": 8149,
        "Financial expenses": 1136,
        "Of which: Interest expense": 1070,
        "Cost of sales": 5967,
        "Enterprise cost management": 3467,
        "Total Operating Expenses": 10570,
        "Total revenue financing activities": 79,
        "Net profit from business activities": -2343,
        "Profit": -3,
        "Profit before tax": -2346,
        "Present corporate income tax expenses": -35,
        "Deferred income taxes expenses": "N/A",
        "The interests of minority shareholders": "N/A",
        "Total Cost of profits": -35,
        "Profit after tax corporate income": -2312,
        "Volume": 5395985,
        "Close of Quarter": 4.7,
        "EPS": 974,
        "Non-adjusted EPS": 974,
        "PE": 4.8,
        "Book Price": 15.8
      }
    },
    {
      "quarter": "Q1 2014",
      "income status": {
        "Net sales": 42286,
        "Cost of goods sold": 29059,
        "Gross Profit": 13227,
        "Financial expenses": 1148,
        "Of which: Interest expense": 1103,
        "Cost of sales": 7849,
        "Enterprise cost management": 3713,
        "Total Operating Expenses": 12710,
        "Total revenue financing activities": 73,
        "Net profit from business activities": 588,
        "Profit": -31,
        "Profit before tax": 558,
        "Present corporate income tax expenses": 144,
        "Deferred income taxes expenses": "N/A",
        "The interests of minority shareholders": "N/A",
        "Total Cost of profits": 144,
        "Profit after tax corporate income": 414,
        "Volume": 5395985,
        "Close of Quarter": 7,
        "EPS": 841,
        "Non-adjusted EPS": 841,
        "PE": 8.3,
        "Book Price": 16.1
      }
    },
    {
      "quarter": "Q4 2013",
      "income status": {
        "Net sales": 55292,
        "Cost of goods sold": 39121,
        "Gross Profit": 16171,
        "Financial expenses": 1875,
        "Of which: Interest expense": 1075,
        "Cost of sales": 7931,
        "Enterprise cost management": 4853,
        "Total Operating Expenses": 14659,
        "Total revenue financing activities": 7438,
        "Net profit from business activities": 8951,
        "Profit": 3537,
        "Profit before tax": 12487,
        "Present corporate income tax expenses": "N/A",
        "Deferred income taxes expenses": "N/A",
        "The interests of minority shareholders": "N/A",
        "Total Cost of profits": 0,
        "Profit after tax corporate income": 12487,
        "Volume": 5395985,
        "Close of Quarter": 3.6,
        "EPS": 521,
        "Non-adjusted EPS": 521,
        "PE": 6.9,
        "Book Price": 16.1
      }
    },
    {
      "quarter": "Q3 2013",
      "income status": {
        "Net sales": 28246,
        "Cost of goods sold": 20466,
        "Gross Profit": 7780,
        "Financial expenses": 1462,
        "Of which: Interest expense": 1080,
        "Cost of sales": 7039,
        "Enterprise cost management": 4068,
        "Total Operating Expenses": 12569,
        "Total revenue financing activities": 61,
        "Net profit from business activities": -4728,
        "Profit": -603,
        "Profit before tax": -5332,
        "Present corporate income tax expenses": "N/A",
        "Deferred income taxes expenses": "N/A",
        "The interests of minority shareholders": "N/A",
        "Total Cost of profits": 0,
        "Profit after tax corporate income": -5332,
        "Volume": 5395985,
        "Close of Quarter": 3.5,
        "EPS": -1702,
        "Non-adjusted EPS": -1702,
        "PE": -2.1,
        "Book Price": 15
      }
    },
    {
      "quarter": "Q2 2013",
      "income status": {
        "Net sales": 45347,
        "Cost of goods sold": 33473,
        "Gross Profit": 11874,
        "Financial expenses": 1875,
        "Of which: Interest expense": 1931,
        "Cost of sales": 9429,
        "Enterprise cost management": 5520,
        "Total Operating Expenses": 16824,
        "Total revenue financing activities": 319,
        "Net profit from business activities": -4631,
        "Profit": 1603,
        "Profit before tax": -3029,
        "Present corporate income tax expenses": "N/A",
        "Deferred income taxes expenses": "N/A",
        "The interests of minority shareholders": "N/A",
        "Total Cost of profits": 0,
        "Profit after tax corporate income": -3029,
        "Volume": 5395985,
        "Close of Quarter": 3.9,
        "EPS": -929,
        "Non-adjusted EPS": -929,
        "PE": -4.2,
        "Book Price": 16.2
      }
    },
    {
      "quarter": "Q1 2013",
      "income status": {
        "Net sales": 30744,
        "Cost of goods sold": 21184,
        "Gross Profit": 9560,
        "Financial expenses": 1987,
        "Of which: Interest expense": 1630,
        "Cost of sales": 6052,
        "Enterprise cost management": 2867,
        "Total Operating Expenses": 10906,
        "Total revenue financing activities": 125,
        "Net profit from business activities": -1222,
        "Profit": -93,
        "Profit before tax": -1315,
        "Present corporate income tax expenses": "N/A",
        "Deferred income taxes expenses": "N/A",
        "The interests of minority shareholders": "N/A",
        "Total Cost of profits": 0,
        "Profit after tax corporate income": -1315,
        "Volume": 5395985,
        "Close of Quarter": 4.5,
        "EPS": -1386,
        "Non-adjusted EPS": -1386,
        "PE": -3.2,
        "Book Price": 16.7
      }
    },
    {
      "quarter": "Q4 2012",
      "income status": {
        "Net sales": 55850,
        "Cost of goods sold": 40373,
        "Gross Profit": 15477,
        "Financial expenses": 1916,
        "Of which: Interest expense": 1915,
        "Cost of sales": 10075,
        "Enterprise cost management": 4140,
        "Total Operating Expenses": 16131,
        "Total revenue financing activities": 1052,
        "Net profit from business activities": 399,
        "Profit": 723,
        "Profit before tax": 1122,
        "Present corporate income tax expenses": 630,
        "Deferred income taxes expenses": "N/A",
        "The interests of minority shareholders": "N/A",
        "Total Cost of profits": 630,
        "Profit after tax corporate income": 492,
        "Volume": 5395985,
        "Close of Quarter": 4.9,
        "EPS": -1361,
        "Non-adjusted EPS": -1361,
        "PE": -3.6,
        "Book Price": 17.7
      }
    },
    {
      "quarter": "Q3 2012",
      "income status": {
        "Net sales": 71344,
        "Cost of goods sold": 50118,
        "Gross Profit": 21226,
        "Financial expenses": 1961,
        "Of which: Interest expense": 1954,
        "Cost of sales": 17049,
        "Enterprise cost management": 3200,
        "Total Operating Expenses": 22210,
        "Total revenue financing activities": 48,
        "Net profit from business activities": -936,
        "Profit": "N/A",
        "Profit before tax": -937,
        "Present corporate income tax expenses": 226,
        "Deferred income taxes expenses": "N/A",
        "The interests of minority shareholders": "N/A",
        "Total Cost of profits": 226,
        "Profit after tax corporate income": -1162,
        "Volume": 5395985,
        "Close of Quarter": 4.3,
        "EPS": 527,
        "Non-adjusted EPS": 527,
        "PE": 8.1,
        "Book Price": 17.3
      }
    },
    {
      "quarter": "Q2 2012",
      "income status": {
        "Net sales": 46609,
        "Cost of goods sold": 32870,
        "Gross Profit": 13739,
        "Financial expenses": 2390,
        "Of which: Interest expense": 2307,
        "Cost of sales": 12224,
        "Enterprise cost management": 3881,
        "Total Operating Expenses": 18495,
        "Total revenue financing activities": 98,
        "Net profit from business activities": -4659,
        "Profit": -774,
        "Profit before tax": -5433,
        "Present corporate income tax expenses": 61,
        "Deferred income taxes expenses": "N/A",
        "The interests of minority shareholders": "N/A",
        "Total Cost of profits": 61,
        "Profit after tax corporate income": -5494,
        "Volume": 5395985,
        "Close of Quarter": 8.2,
        "EPS": 926,
        "Non-adjusted EPS": 926,
        "PE": 8.8,
        "Book Price": 16.8
      }
    },
    {
      "quarter": "Q1 2012",
      "income status": {
        "Net sales": 51705,
        "Cost of goods sold": 36480,
        "Gross Profit": 15225,
        "Financial expenses": 1826,
        "Of which: Interest expense": 1708,
        "Cost of sales": 12222,
        "Enterprise cost management": 2683,
        "Total Operating Expenses": 16731,
        "Total revenue financing activities": 66,
        "Net profit from business activities": -1440,
        "Profit": 262,
        "Profit before tax": -1178,
        "Present corporate income tax expenses": "N/A",
        "Deferred income taxes expenses": "N/A",
        "The interests of minority shareholders": "N/A",
        "Total Cost of profits": 0,
        "Profit after tax corporate income": -1178,
        "Volume": 3449850,
        "Close of Quarter": 10.0,
        "EPS": 2203.2,
        "Non-adjusted EPS": 3446,
        "PE": 2.9,
        "Book Price": 18.7
      }
    },
    {
      "quarter": "Q4 2011",
      "income status": {
        "Net sales": 144643,
        "Cost of goods sold": 94007,
        "Gross Profit": 50635,
        "Financial expenses": 1621,
        "Of which: Interest expense": 1466,
        "Cost of sales": 32543,
        "Enterprise cost management": 3472,
        "Total Operating Expenses": 37636,
        "Total revenue financing activities": 302,
        "Net profit from business activities": 13302,
        "Profit": -738,
        "Profit before tax": 15102,
        "Present corporate income tax expenses": 1884,
        "Deferred income taxes expenses": "N/A",
        "The interests of minority shareholders": "N/A",
        "Total Cost of profits": 1884,
        "Profit after tax corporate income": 10679,
        "Volume": 3449850,
        "Close of Quarter": 7.0,
        "EPS": 2739.6,
        "Non-adjusted EPS": 4285,
        "PE": 1.6,
        "Book Price": 18.1
      }
    },
    {
      "quarter": "Q3 2011",
      "income status": {
        "Net sales": 89424,
        "Cost of goods sold": 64900,
        "Gross Profit": 24524,
        "Financial expenses": 2239,
        "Of which: Interest expense": 1940,
        "Cost of sales": 17580,
        "Enterprise cost management": 3887,
        "Total Operating Expenses": 23706,
        "Total revenue financing activities": 273,
        "Net profit from business activities": 1091,
        "Profit": 74,
        "Profit before tax": 6221,
        "Present corporate income tax expenses": 175,
        "Deferred income taxes expenses": "N/A",
        "The interests of minority shareholders": "N/A",
        "Total Cost of profits": 175,
        "Profit after tax corporate income": 991,
        "Volume": 3449850,
        "Close of Quarter": 11.9,
        "EPS": 1900.8,
        "Non-adjusted EPS": 2973,
        "PE": 4.0,
        "Book Price": 15.9
      }
    },
    {
      "quarter": "Q2 2011",
      "income status": {
        "Net sales": 68271,
        "Cost of goods sold": 50449,
        "Gross Profit": 17823,
        "Financial expenses": 2182,
        "Of which: Interest expense": 1726,
        "Cost of sales": 11713,
        "Enterprise cost management": 3766,
        "Total Operating Expenses": 17661,
        "Total revenue financing activities": 766,
        "Net profit from business activities": 928,
        "Profit": 1430,
        "Profit before tax": 2357,
        "Present corporate income tax expenses": 998,
        "Deferred income taxes expenses": -38,
        "The interests of minority shareholders": "N/A",
        "Total Cost of profits": 960,
        "Profit after tax corporate income": 1397,
        "Volume": 3449850,
        "Close of Quarter": 22.3,
        "EPS": 1928.2,
        "Non-adjusted EPS": 3016,
        "PE": 7.4,
        "Book Price": 16.8
      }
    },
    {
      "quarter": "Q1 2011",
      "income status": {
        "Net sales": 37343,
        "Cost of goods sold": 24434,
        "Gross Profit": 12910,
        "Financial expenses": 1492,
        "Of which: Interest expense": 1046,
        "Cost of sales": 7725,
        "Enterprise cost management": 1843,
        "Total Operating Expenses": 11060,
        "Total revenue financing activities": 27,
        "Net profit from business activities": 1875,
        "Profit": 145,
        "Profit before tax": 2020,
        "Present corporate income tax expenses": 303,
        "Deferred income taxes expenses": "N/A",
        "The interests of minority shareholders": "N/A",
        "Total Cost of profits": 303,
        "Profit after tax corporate income": 1717,
        "Volume": 3107980,
        "Close of Quarter": 19.8,
        "EPS": 1948.0,
        "Non-adjusted EPS": 3382,
        "PE": 5.8,
        "Book Price": 15.6
      }
    }
  ]
}