{
  "ticker": "JVC",
  "data": [
    {
      "quarter": "Q4 2016",
      "income status": {
        "Net sales": 124505,
        "Cost of goods sold": 118943,
        "Gross Profit": 5563,
        "Financial expenses": 1106,
        "Of which: Interest expense": 1104,
        "Cost of sales": 8354,
        "Enterprise cost management": 2016,
        "Total Operating Expenses": 11476,
        "Total revenue financing activities": 153,
        "Net profit from business activities": -5761,
        "Profit": 6498,
        "Profit before tax": 738,
        "Present corporate income tax expenses": 231,
        "Deferred income taxes expenses": "N/A",
        "The interests of minority shareholders": "N/A",
        "Total Cost of profits": 231,
        "Profit after tax corporate income": 507,
        "Volume": 112500171,
        "Close of Quarter": 3.6,
        "EPS": -6765,
        "Non-adjusted EPS": -6765,
        "PE": -0.5,
        "Book Price": 4.5
      }
    },
    {
      "quarter": "Q3 2016",
      "income status": {
        "Net sales": 115564,
        "Cost of goods sold": 97463,
        "Gross Profit": 18101,
        "Financial expenses": 2042,
        "Of which: Interest expense": 1249,
        "Cost of sales": 11824,
        "Enterprise cost management": 46150,
        "Total Operating Expenses": 60016,
        "Total revenue financing activities": 48,
        "Net profit from business activities": -41867,
        "Profit": 86,
        "Profit before tax": -41781,
        "Present corporate income tax expenses": -915,
        "Deferred income taxes expenses": 228,
        "The interests of minority shareholders": "N/A",
        "Total Cost of profits": -687,
        "Profit after tax corporate income": -41094,
        "Volume": 112500171,
        "Close of Quarter": 3.6,
        "EPS": -6526,
        "Non-adjusted EPS": -6526,
        "PE": -0.6,
        "Book Price": 4.5
      }
    },
    {
      "quarter": "Q2 2016",
      "income status": {
        "Net sales": 133094,
        "Cost of goods sold": 106165,
        "Gross Profit": 26929,
        "Financial expenses": 1256,
        "Of which: Interest expense": 1251,
        "Cost of sales": 6736,
        "Enterprise cost management": 15302,
        "Total Operating Expenses": 23294,
        "Total revenue financing activities": 165,
        "Net profit from business activities": 3800,
        "Profit": -5932,
        "Profit before tax": -2132,
        "Present corporate income tax expenses": 2987,
        "Deferred income taxes expenses": -47,
        "The interests of minority shareholders": "N/A",
        "Total Cost of profits": 2940,
        "Profit after tax corporate income": -5072,
        "Volume": 112500171,
        "Close of Quarter": 4,
        "EPS": -11952,
        "Non-adjusted EPS": -11952,
        "PE": -0.3,
        "Book Price": 4.9
      }
    },
    {
      "quarter": "Q1 2016",
      "income status": {
        "Net sales": 102682,
        "Cost of goods sold": 213152,
        "Gross Profit": -110470,
        "Financial expenses": 111641,
        "Of which: Interest expense": 1725,
        "Cost of sales": 8519,
        "Enterprise cost management": 480629,
        "Total Operating Expenses": 600789,
        "Total revenue financing activities": 78,
        "Net profit from business activities": -711181,
        "Profit": -16389,
        "Profit before tax": -727570,
        "Present corporate income tax expenses": -12033,
        "Deferred income taxes expenses": -83,
        "The interests of minority shareholders": "N/A",
        "Total Cost of profits": -12116,
        "Profit after tax corporate income": -715454,
        "Volume": 112500171,
        "Close of Quarter": 4.6,
        "EPS": -11874,
        "Non-adjusted EPS": -11874,
        "PE": -0.4,
        "Book Price": 4.9
      }
    },
    {
      "quarter": "Q4 2015",
      "income status": {
        "Net sales": 201024,
        "Cost of goods sold": 143846,
        "Gross Profit": 57178,
        "Financial expenses": 2156,
        "Of which: Interest expense": 2156,
        "Cost of sales": 18964,
        "Enterprise cost management": 9184,
        "Total Operating Expenses": 30304,
        "Total revenue financing activities": 37,
        "Net profit from business activities": 26911,
        "Profit": 8568,
        "Profit before tax": 35479,
        "Present corporate income tax expenses": 8092,
        "Deferred income taxes expenses": -52,
        "The interests of minority shareholders": "N/A",
        "Total Cost of profits": 8040,
        "Profit after tax corporate income": 27438,
        "Volume": 112500171,
        "Close of Quarter": 5.3,
        "EPS": -5143,
        "Non-adjusted EPS": -5143,
        "PE": -1.0,
        "Book Price": 11.3
      }
    },
    {
      "quarter": "Q3 2015",
      "income status": {
        "Net sales": 114752,
        "Cost of goods sold": 84290,
        "Gross Profit": 30462,
        "Financial expenses": 11442,
        "Of which: Interest expense": 4261,
        "Cost of sales": 6848,
        "Enterprise cost management": 658384,
        "Total Operating Expenses": 676674,
        "Total revenue financing activities": 406,
        "Net profit from business activities": -645806,
        "Profit": -3031,
        "Profit before tax": -648837,
        "Present corporate income tax expenses": 2783,
        "Deferred income taxes expenses": -52,
        "The interests of minority shareholders": "N/A",
        "Total Cost of profits": 2731,
        "Profit after tax corporate income": -651568,
        "Volume": 112500171,
        "Close of Quarter": 4.8,
        "EPS": -4760,
        "Non-adjusted EPS": -4760,
        "PE": -1.0,
        "Book Price": 11.1
      }
    },
    {
      "quarter": "Q2 2015",
      "income status": {
        "Net sales": 88880,
        "Cost of goods sold": 62663,
        "Gross Profit": 26216,
        "Financial expenses": 8483,
        "Of which: Interest expense": 8330,
        "Cost of sales": 1775,
        "Enterprise cost management": 11088,
        "Total Operating Expenses": 21346,
        "Total revenue financing activities": 173,
        "Net profit from business activities": 5044,
        "Profit": -136,
        "Profit before tax": 4908,
        "Present corporate income tax expenses": 1158,
        "Deferred income taxes expenses": -52,
        "The interests of minority shareholders": "N/A",
        "Total Cost of profits": 1106,
        "Profit after tax corporate income": 3801,
        "Volume": 112500171,
        "Close of Quarter": 8.1,
        "EPS": 1691,
        "Non-adjusted EPS": 1691,
        "PE": 4.8,
        "Book Price": 16.9
      }
    },
    {
      "quarter": "Q1 2015",
      "income status": {
        "Net sales": 193390,
        "Cost of goods sold": 119536,
        "Gross Profit": 73855,
        "Financial expenses": 13262,
        "Of which: Interest expense": 11729,
        "Cost of sales": 1398,
        "Enterprise cost management": 9360,
        "Total Operating Expenses": 24020,
        "Total revenue financing activities": 775,
        "Net profit from business activities": 50609,
        "Profit": 6253,
        "Profit before tax": 56862,
        "Present corporate income tax expenses": 14523,
        "Deferred income taxes expenses": 572,
        "The interests of minority shareholders": "N/A",
        "Total Cost of profits": 15095,
        "Profit after tax corporate income": 41767,
        "Volume": 112500171,
        "Close of Quarter": 20.6,
        "EPS": 1853,
        "Non-adjusted EPS": 1853,
        "PE": 11.1,
        "Book Price": 16.8
      }
    },
    {
      "quarter": "Q4 2014",
      "income status": {
        "Net sales": 305150,
        "Cost of goods sold": 189265,
        "Gross Profit": 115884,
        "Financial expenses": 13821,
        "Of which: Interest expense": 12236,
        "Cost of sales": 2054,
        "Enterprise cost management": 11686,
        "Total Operating Expenses": 27561,
        "Total revenue financing activities": 187,
        "Net profit from business activities": 88509,
        "Profit": 2305,
        "Profit before tax": 90815,
        "Present corporate income tax expenses": 20081,
        "Deferred income taxes expenses": 232,
        "The interests of minority shareholders": "N/A",
        "Total Cost of profits": 20313,
        "Profit after tax corporate income": 70502,
        "Volume": 62500095,
        "Close of Quarter": 16.7,
        "EPS": 1580.6,
        "Non-adjusted EPS": 2845,
        "PE": 5.9,
        "Book Price": 12.7
      }
    },
    {
      "quarter": "Q3 2014",
      "income status": {
        "Net sales": 302336,
        "Cost of goods sold": 202353,
        "Gross Profit": 99983,
        "Financial expenses": 11218,
        "Of which: Interest expense": 11218,
        "Cost of sales": 1139,
        "Enterprise cost management": 7434,
        "Total Operating Expenses": 19791,
        "Total revenue financing activities": 262,
        "Net profit from business activities": 80454,
        "Profit": 14389,
        "Profit before tax": 94843,
        "Present corporate income tax expenses": 21002,
        "Deferred income taxes expenses": -326,
        "The interests of minority shareholders": "N/A",
        "Total Cost of profits": 20676,
        "Profit after tax corporate income": 74168,
        "Volume": 56818530,
        "Close of Quarter": 15.5,
        "EPS": 1111.6,
        "Non-adjusted EPS": 2201,
        "PE": 7.1,
        "Book Price": 9.1
      }
    },
    {
      "quarter": "Q2 2014",
      "income status": {
        "Net sales": 190068,
        "Cost of goods sold": 132340,
        "Gross Profit": 57728,
        "Financial expenses": 12171,
        "Of which: Interest expense": 12048,
        "Cost of sales": 1531,
        "Enterprise cost management": 12357,
        "Total Operating Expenses": 26059,
        "Total revenue financing activities": 35,
        "Net profit from business activities": 31703,
        "Profit": -1227,
        "Profit before tax": 30476,
        "Present corporate income tax expenses": 9293,
        "Deferred income taxes expenses": -848,
        "The interests of minority shareholders": "N/A",
        "Total Cost of profits": 8445,
        "Profit after tax corporate income": 22031,
        "Volume": 56818530,
        "Close of Quarter": 12.6,
        "EPS": 544.5,
        "Non-adjusted EPS": 1078,
        "PE": 11.7,
        "Book Price": 8.5
      }
    },
    {
      "quarter": "Q1 2014",
      "income status": {
        "Net sales": 125523,
        "Cost of goods sold": 93294,
        "Gross Profit": 32229,
        "Financial expenses": 11160,
        "Of which: Interest expense": 11145,
        "Cost of sales": 623,
        "Enterprise cost management": 6940,
        "Total Operating Expenses": 18723,
        "Total revenue financing activities": 30,
        "Net profit from business activities": 13536,
        "Profit": 687,
        "Profit before tax": 14223,
        "Present corporate income tax expenses": 3135,
        "Deferred income taxes expenses": "N/A",
        "The interests of minority shareholders": "N/A",
        "Total Cost of profits": 3135,
        "Profit after tax corporate income": 11088,
        "Volume": 56818530,
        "Close of Quarter": 15.0,
        "EPS": 406.1,
        "Non-adjusted EPS": 804,
        "PE": 18.6,
        "Book Price": 8.5
      }
    },
    {
      "quarter": "Q4 2013",
      "income status": {
        "Net sales": 246173,
        "Cost of goods sold": 176850,
        "Gross Profit": 69323,
        "Financial expenses": 12336,
        "Of which: Interest expense": 11699,
        "Cost of sales": 1219,
        "Enterprise cost management": 9211,
        "Total Operating Expenses": 22766,
        "Total revenue financing activities": 968,
        "Net profit from business activities": 47525,
        "Profit": -18067,
        "Profit before tax": 29457,
        "Present corporate income tax expenses": 12732,
        "Deferred income taxes expenses": -1035,
        "The interests of minority shareholders": "N/A",
        "Total Cost of profits": 11697,
        "Profit after tax corporate income": 17761,
        "Volume": 56818530,
        "Close of Quarter": 15.6,
        "EPS": 370.7,
        "Non-adjusted EPS": 734,
        "PE": 21.2,
        "Book Price": 8.4
      }
    },
    {
      "quarter": "Q3 2013",
      "income status": {
        "Net sales": 106764,
        "Cost of goods sold": 70674,
        "Gross Profit": 36090,
        "Financial expenses": 12956,
        "Of which: Interest expense": 12402,
        "Cost of sales": 1268,
        "Enterprise cost management": 8959,
        "Total Operating Expenses": 23183,
        "Total revenue financing activities": 585,
        "Net profit from business activities": 13493,
        "Profit": 387,
        "Profit before tax": 13880,
        "Present corporate income tax expenses": 3491,
        "Deferred income taxes expenses": "N/A",
        "The interests of minority shareholders": "N/A",
        "Total Cost of profits": 3491,
        "Profit after tax corporate income": 10389,
        "Volume": 49407599,
        "Close of Quarter": 15,
        "EPS": 1152.0,
        "Non-adjusted EPS": 2623,
        "PE": 5.7,
        "Book Price": 8.3
      }
    },
    {
      "quarter": "Q2 2013",
      "income status": {
        "Net sales": 158114,
        "Cost of goods sold": 117599,
        "Gross Profit": 40515,
        "Financial expenses": 17854,
        "Of which: Interest expense": 17101,
        "Cost of sales": 1011,
        "Enterprise cost management": 9034,
        "Total Operating Expenses": 27899,
        "Total revenue financing activities": 862,
        "Net profit from business activities": 13477,
        "Profit": -4919,
        "Profit before tax": 8559,
        "Present corporate income tax expenses": 4443,
        "Deferred income taxes expenses": -2334,
        "The interests of minority shareholders": "N/A",
        "Total Cost of profits": 2109,
        "Profit after tax corporate income": 6450,
        "Volume": 49407599,
        "Close of Quarter": 14.3,
        "EPS": 1601.7,
        "Non-adjusted EPS": 3647,
        "PE": 3.9,
        "Book Price": 8.2
      }
    },
    {
      "quarter": "Q1 2013",
      "income status": {
        "Net sales": 83005,
        "Cost of goods sold": 54668,
        "Gross Profit": 28337,
        "Financial expenses": 11277,
        "Of which: Interest expense": 11274,
        "Cost of sales": 822,
        "Enterprise cost management": 6872,
        "Total Operating Expenses": 18971,
        "Total revenue financing activities": 15,
        "Net profit from business activities": 9381,
        "Profit": 60,
        "Profit before tax": 9441,
        "Present corporate income tax expenses": 2361,
        "Deferred income taxes expenses": "N/A",
        "The interests of minority shareholders": "N/A",
        "Total Cost of profits": 2361,
        "Profit after tax corporate income": 7080,
        "Volume": 35419999,
        "Close of Quarter": 15,
        "EPS": 1555.0,
        "Non-adjusted EPS": 4939,
        "PE": 3.0,
        "Book Price": 6.3
      }
    },
    {
      "quarter": "Q4 2012",
      "income status": {
        "Net sales": 426482,
        "Cost of goods sold": 260556,
        "Gross Profit": 165926,
        "Financial expenses": 18418,
        "Of which: Interest expense": 16297,
        "Cost of sales": 1965,
        "Enterprise cost management": 6512,
        "Total Operating Expenses": 26895,
        "Total revenue financing activities": 50,
        "Net profit from business activities": 139080,
        "Profit": 1831,
        "Profit before tax": 140911,
        "Present corporate income tax expenses": 35230,
        "Deferred income taxes expenses": "N/A",
        "The interests of minority shareholders": "N/A",
        "Total Cost of profits": 35230,
        "Profit after tax corporate income": 105681,
        "Volume": 35419999,
        "Close of Quarter": 14.5,
        "EPS": 1527.9,
        "Non-adjusted EPS": 4853,
        "PE": 3.0,
        "Book Price": 6.2
      }
    },
    {
      "quarter": "Q3 2012",
      "income status": {
        "Net sales": 230570,
        "Cost of goods sold": 132928,
        "Gross Profit": 97642,
        "Financial expenses": 8214,
        "Of which: Interest expense": 8214,
        "Cost of sales": 1245,
        "Enterprise cost management": 6713,
        "Total Operating Expenses": 16172,
        "Total revenue financing activities": 52,
        "Net profit from business activities": 81521,
        "Profit": -152,
        "Profit before tax": 81369,
        "Present corporate income tax expenses": 20382,
        "Deferred income taxes expenses": "N/A",
        "The interests of minority shareholders": "N/A",
        "Total Cost of profits": 20382,
        "Profit after tax corporate income": 60987,
        "Volume": 35419999,
        "Close of Quarter": 13.0,
        "EPS": 1491.7,
        "Non-adjusted EPS": 4738,
        "PE": 2.7,
        "Book Price": 5.3
      }
    },
    {
      "quarter": "Q2 2012",
      "income status": {
        "Net sales": 48531,
        "Cost of goods sold": 30004,
        "Gross Profit": 18527,
        "Financial expenses": 7928,
        "Of which: Interest expense": 7614,
        "Cost of sales": 2195,
        "Enterprise cost management": 7454,
        "Total Operating Expenses": 17577,
        "Total revenue financing activities": 664,
        "Net profit from business activities": 1613,
        "Profit": 24,
        "Profit before tax": 1637,
        "Present corporate income tax expenses": 436,
        "Deferred income taxes expenses": "N/A",
        "The interests of minority shareholders": "N/A",
        "Total Cost of profits": 436,
        "Profit after tax corporate income": 1201,
        "Volume": 32200000,
        "Close of Quarter": 13.6,
        "EPS": 1045,
        "Non-adjusted EPS": 3651,
        "PE": 3.7,
        "Book Price": 4.7
      }
    },
    {
      "quarter": "Q1 2012",
      "income status": {
        "Net sales": 56157,
        "Cost of goods sold": 37306,
        "Gross Profit": 18851,
        "Financial expenses": 7298,
        "Of which: Interest expense": 7298,
        "Cost of sales": 695,
        "Enterprise cost management": 5599,
        "Total Operating Expenses": 13592,
        "Total revenue financing activities": 110,
        "Net profit from business activities": 5369,
        "Profit": -17,
        "Profit before tax": 5353,
        "Present corporate income tax expenses": 1340,
        "Deferred income taxes expenses": "N/A",
        "The interests of minority shareholders": "N/A",
        "Total Cost of profits": 1340,
        "Profit after tax corporate income": 4012,
        "Volume": 32200000,
        "Close of Quarter": 17.1,
        "EPS": 1164.4,
        "Non-adjusted EPS": 4068,
        "PE": 4.2,
        "Book Price": 4.8
      }
    },
    {
      "quarter": "Q4 2011",
      "income status": {
        "Net sales": 384046,
        "Cost of goods sold": 225310,
        "Gross Profit": 158736,
        "Financial expenses": 18676,
        "Of which: Interest expense": 7438,
        "Cost of sales": 56,
        "Enterprise cost management": 10459,
        "Total Operating Expenses": 29191,
        "Total revenue financing activities": 29,
        "Net profit from business activities": 129575,
        "Profit": 5915,
        "Profit before tax": 179603,
        "Present corporate income tax expenses": 33875,
        "Deferred income taxes expenses": "N/A",
        "The interests of minority shareholders": "N/A",
        "Total Cost of profits": 33875,
        "Profit after tax corporate income": 101615,
        "Volume": 24200000,
        "Close of Quarter": 9.2,
        "EPS": 1197.1,
        "Non-adjusted EPS": 5565,
        "PE": 1.7,
        "Book Price": 3.8
      }
    },
    {
      "quarter": "Q3 2011",
      "income status": {
        "Net sales": 72357,
        "Cost of goods sold": 46900,
        "Gross Profit": 25457,
        "Financial expenses": 5942,
        "Of which: Interest expense": 5942,
        "Cost of sales": 46,
        "Enterprise cost management": 5259,
        "Total Operating Expenses": 11247,
        "Total revenue financing activities": 38,
        "Net profit from business activities": 14248,
        "Profit": 81,
        "Profit before tax": 14330,
        "Present corporate income tax expenses": 3586,
        "Deferred income taxes expenses": "N/A",
        "The interests of minority shareholders": "N/A",
        "Total Cost of profits": 3586,
        "Profit after tax corporate income": 10744,
        "Volume": 24200000,
        "Close of Quarter": 8.1,
        "EPS": 628.8,
        "Non-adjusted EPS": 2923,
        "PE": 2.8,
        "Book Price": 2.8
      }
    },
    {
      "quarter": "Q2 2011",
      "income status": {
        "Net sales": 93419,
        "Cost of goods sold": 59538,
        "Gross Profit": 33881,
        "Financial expenses": 5479,
        "Of which: Interest expense": 5474,
        "Cost of sales": 98,
        "Enterprise cost management": 8672,
        "Total Operating Expenses": 14249,
        "Total revenue financing activities": 104,
        "Net profit from business activities": 19735,
        "Profit": -210,
        "Profit before tax": 19526,
        "Present corporate income tax expenses": 4894,
        "Deferred income taxes expenses": "N/A",
        "The interests of minority shareholders": "N/A",
        "Total Cost of profits": 4894,
        "Profit after tax corporate income": 14631,
        "Volume": 24200000,
        "Close of Quarter": 11.4,
        "EPS": 533.3,
        "Non-adjusted EPS": 2479,
        "PE": 4.6,
        "Book Price": 2.7
      }
    },
    {
      "quarter": "Q1 2011",
      "income status": {
        "Net sales": 55559,
        "Cost of goods sold": 38752,
        "Gross Profit": 16806,
        "Financial expenses": 3332,
        "Of which: Interest expense": 3332,
        "Cost of sales": 872,
        "Enterprise cost management": 2501,
        "Total Operating Expenses": 6705,
        "Total revenue financing activities": 16,
        "Net profit from business activities": 10118,
        "Profit": 139,
        "Profit before tax": 10257,
        "Present corporate income tax expenses": 2564,
        "Deferred income taxes expenses": "N/A",
        "The interests of minority shareholders": "N/A",
        "Total Cost of profits": 2564,
        "Profit after tax corporate income": 7693,
        "Volume": 24200000,
        "Close of Quarter": "N/A",
        "EPS": 403.1,
        "Non-adjusted EPS": 1874,
        "PE": "N/A",
        "Book Price": 2.7
      }
    }
  ]
}