{
  "ticker": "VDL",
  "data": [
    {
      "quarter": "Q4 2016",
      "income status": {
        "Net sales": 135517,
        "Cost of goods sold": 112137,
        "Gross Profit": 23380,
        "Financial expenses": 591,
        "Of which: Interest expense": 349,
        "Cost of sales": 3605,
        "Enterprise cost management": 7273,
        "Total Operating Expenses": 11469,
        "Total revenue financing activities": 140,
        "Net profit from business activities": 12052,
        "Profit": -82,
        "Profit before tax": 11970,
        "Present corporate income tax expenses": 2183,
        "Deferred income taxes expenses": "N/A",
        "The interests of minority shareholders": "N/A",
        "Total Cost of profits": 2183,
        "Profit after tax corporate income": 9787,
        "Volume": 14657150,
        "Close of Quarter": 34.5,
        "EPS": 1397,
        "Non-adjusted EPS": 1397,
        "PE": 24.7,
        "Book Price": 12.1
      }
    },
    {
      "quarter": "Q3 2016",
      "income status": {
        "Net sales": 125941,
        "Cost of goods sold": 118823,
        "Gross Profit": 7117,
        "Financial expenses": 164,
        "Of which: Interest expense": 376,
        "Cost of sales": 1277,
        "Enterprise cost management": 2242,
        "Total Operating Expenses": 3683,
        "Total revenue financing activities": 299,
        "Net profit from business activities": 3732,
        "Profit": -287,
        "Profit before tax": 3445,
        "Present corporate income tax expenses": 686,
        "Deferred income taxes expenses": 1,
        "The interests of minority shareholders": "N/A",
        "Total Cost of profits": 687,
        "Profit after tax corporate income": 2759,
        "Volume": 14657150,
        "Close of Quarter": 35.5,
        "EPS": 1336,
        "Non-adjusted EPS": 1336,
        "PE": 26.6,
        "Book Price": 11.4
      }
    },
    {
      "quarter": "Q2 2016",
      "income status": {
        "Net sales": 103998,
        "Cost of goods sold": 94345,
        "Gross Profit": 9653,
        "Financial expenses": 828,
        "Of which: Interest expense": 445,
        "Cost of sales": 1553,
        "Enterprise cost management": 1878,
        "Total Operating Expenses": 4259,
        "Total revenue financing activities": 211,
        "Net profit from business activities": 5603,
        "Profit": -64,
        "Profit before tax": 5539,
        "Present corporate income tax expenses": 1182,
        "Deferred income taxes expenses": "N/A",
        "The interests of minority shareholders": "N/A",
        "Total Cost of profits": 1182,
        "Profit after tax corporate income": 4357,
        "Volume": 12421418,
        "Close of Quarter": 31.1,
        "EPS": 1584.8,
        "Non-adjusted EPS": 1870,
        "PE": 16.6,
        "Book Price": 11.2
      }
    },
    {
      "quarter": "Q1 2016",
      "income status": {
        "Net sales": 78240,
        "Cost of goods sold": 70874,
        "Gross Profit": 7366,
        "Financial expenses": 163,
        "Of which: Interest expense": 31,
        "Cost of sales": 1276,
        "Enterprise cost management": 1840,
        "Total Operating Expenses": 3279,
        "Total revenue financing activities": 306,
        "Net profit from business activities": 4393,
        "Profit": 71,
        "Profit before tax": 4464,
        "Present corporate income tax expenses": 893,
        "Deferred income taxes expenses": "N/A",
        "The interests of minority shareholders": "N/A",
        "Total Cost of profits": 893,
        "Profit after tax corporate income": 3571,
        "Volume": 12421418,
        "Close of Quarter": 31.3,
        "EPS": 1544.1,
        "Non-adjusted EPS": 1822,
        "PE": 17.2,
        "Book Price": 10.9
      }
    },
    {
      "quarter": "Q4 2015",
      "income status": {
        "Net sales": 165705,
        "Cost of goods sold": 123701,
        "Gross Profit": 42004,
        "Financial expenses": 611,
        "Of which: Interest expense": 264,
        "Cost of sales": 22834,
        "Enterprise cost management": 7655,
        "Total Operating Expenses": 31100,
        "Total revenue financing activities": 147,
        "Net profit from business activities": 11050,
        "Profit": 386,
        "Profit before tax": 11436,
        "Present corporate income tax expenses": 2546,
        "Deferred income taxes expenses": "N/A",
        "The interests of minority shareholders": "N/A",
        "Total Cost of profits": 2546,
        "Profit after tax corporate income": 8890,
        "Volume": 12421418,
        "Close of Quarter": 29.7,
        "EPS": 1596.6,
        "Non-adjusted EPS": 1884,
        "PE": 15.7,
        "Book Price": 10.6
      }
    },
    {
      "quarter": "Q3 2015",
      "income status": {
        "Net sales": 104489,
        "Cost of goods sold": 90892,
        "Gross Profit": 13596,
        "Financial expenses": 1074,
        "Of which: Interest expense": 284,
        "Cost of sales": 3930,
        "Enterprise cost management": 2153,
        "Total Operating Expenses": 7157,
        "Total revenue financing activities": 351,
        "Net profit from business activities": 6789,
        "Profit": 6,
        "Profit before tax": 6795,
        "Present corporate income tax expenses": 382,
        "Deferred income taxes expenses": "N/A",
        "The interests of minority shareholders": "N/A",
        "Total Cost of profits": 382,
        "Profit after tax corporate income": 6413,
        "Volume": 12421418,
        "Close of Quarter": 29.8,
        "EPS": 1534.8,
        "Non-adjusted EPS": 1811,
        "PE": 16.4,
        "Book Price": 10
      }
    },
    {
      "quarter": "Q2 2015",
      "income status": {
        "Net sales": 76624,
        "Cost of goods sold": 62731,
        "Gross Profit": 13892,
        "Financial expenses": 571,
        "Of which: Interest expense": 203,
        "Cost of sales": 5703,
        "Enterprise cost management": 2516,
        "Total Operating Expenses": 8790,
        "Total revenue financing activities": 396,
        "Net profit from business activities": 5499,
        "Profit": -10,
        "Profit before tax": 5489,
        "Present corporate income tax expenses": 1090,
        "Deferred income taxes expenses": 646,
        "The interests of minority shareholders": "N/A",
        "Total Cost of profits": 1736,
        "Profit after tax corporate income": 3753,
        "Volume": 10801339,
        "Close of Quarter": 25.7,
        "EPS": 1424.5,
        "Non-adjusted EPS": 1933,
        "PE": 13.3,
        "Book Price": 9.5
      }
    },
    {
      "quarter": "Q1 2015",
      "income status": {
        "Net sales": 74590,
        "Cost of goods sold": 56399,
        "Gross Profit": 18191,
        "Financial expenses": 62,
        "Of which: Interest expense": 27,
        "Cost of sales": 10701,
        "Enterprise cost management": 2870,
        "Total Operating Expenses": 13633,
        "Total revenue financing activities": 598,
        "Net profit from business activities": 5156,
        "Profit": 124,
        "Profit before tax": 5280,
        "Present corporate income tax expenses": 933,
        "Deferred income taxes expenses": "N/A",
        "The interests of minority shareholders": "N/A",
        "Total Cost of profits": 933,
        "Profit after tax corporate income": 4347,
        "Volume": 10801339,
        "Close of Quarter": 22.1,
        "EPS": 1270.5,
        "Non-adjusted EPS": 1724,
        "PE": 12.8,
        "Book Price": 9.3
      }
    },
    {
      "quarter": "Q4 2014",
      "income status": {
        "Net sales": 133493,
        "Cost of goods sold": 86686,
        "Gross Profit": 46807,
        "Financial expenses": 2370,
        "Of which: Interest expense": 407,
        "Cost of sales": 31460,
        "Enterprise cost management": 4403,
        "Total Operating Expenses": 38233,
        "Total revenue financing activities": 1928,
        "Net profit from business activities": 10503,
        "Profit": -244,
        "Profit before tax": 10259,
        "Present corporate income tax expenses": 2800,
        "Deferred income taxes expenses": -522,
        "The interests of minority shareholders": "N/A",
        "Total Cost of profits": 2278,
        "Profit after tax corporate income": 7981,
        "Volume": 10801339,
        "Close of Quarter": 19.0,
        "EPS": 1365.5,
        "Non-adjusted EPS": 1853,
        "PE": 10.3,
        "Book Price": 9.0
      }
    },
    {
      "quarter": "Q3 2014",
      "income status": {
        "Net sales": 86620,
        "Cost of goods sold": 74449,
        "Gross Profit": 12172,
        "Financial expenses": 297,
        "Of which: Interest expense": 668,
        "Cost of sales": 4569,
        "Enterprise cost management": 3011,
        "Total Operating Expenses": 7877,
        "Total revenue financing activities": 578,
        "Net profit from business activities": 4872,
        "Profit": -60,
        "Profit before tax": 4812,
        "Present corporate income tax expenses": 13,
        "Deferred income taxes expenses": "N/A",
        "The interests of minority shareholders": "N/A",
        "Total Cost of profits": 13,
        "Profit after tax corporate income": 4799,
        "Volume": 10801339,
        "Close of Quarter": 17.0,
        "EPS": 1583.7,
        "Non-adjusted EPS": 2149,
        "PE": 7.9,
        "Book Price": 8.4
      }
    },
    {
      "quarter": "Q2 2014",
      "income status": {
        "Net sales": 66370,
        "Cost of goods sold": 52899,
        "Gross Profit": 13472,
        "Financial expenses": 1125,
        "Of which: Interest expense": 546,
        "Cost of sales": 7950,
        "Enterprise cost management": 2712,
        "Total Operating Expenses": 11787,
        "Total revenue financing activities": 639,
        "Net profit from business activities": 2323,
        "Profit": 97,
        "Profit before tax": 2421,
        "Present corporate income tax expenses": 161,
        "Deferred income taxes expenses": 766,
        "The interests of minority shareholders": "N/A",
        "Total Cost of profits": 927,
        "Profit after tax corporate income": 1494,
        "Volume": 6257461,
        "Close of Quarter": 20.3,
        "EPS": 1539.1,
        "Non-adjusted EPS": 3605,
        "PE": 5.6,
        "Book Price": 8.1
      }
    },
    {
      "quarter": "Q1 2014",
      "income status": {
        "Net sales": 65493,
        "Cost of goods sold": 48787,
        "Gross Profit": 16705,
        "Financial expenses": 68,
        "Of which: Interest expense": 60,
        "Cost of sales": 8508,
        "Enterprise cost management": 1582,
        "Total Operating Expenses": 10158,
        "Total revenue financing activities": 520,
        "Net profit from business activities": 7067,
        "Profit": "N/A",
        "Profit before tax": 7067,
        "Present corporate income tax expenses": 1322,
        "Deferred income taxes expenses": "N/A",
        "The interests of minority shareholders": "N/A",
        "Total Cost of profits": 1322,
        "Profit after tax corporate income": 5745,
        "Volume": 6257461,
        "Close of Quarter": 13.7,
        "EPS": 1604.4,
        "Non-adjusted EPS": 3758,
        "PE": 3.6,
        "Book Price": 8.0
      }
    },
    {
      "quarter": "Q4 2013",
      "income status": {
        "Net sales": 107913,
        "Cost of goods sold": 78550,
        "Gross Profit": 29363,
        "Financial expenses": 1769,
        "Of which: Interest expense": 212,
        "Cost of sales": 12942,
        "Enterprise cost management": 1392,
        "Total Operating Expenses": 16103,
        "Total revenue financing activities": 665,
        "Net profit from business activities": 13925,
        "Profit": 13,
        "Profit before tax": 13938,
        "Present corporate income tax expenses": 2760,
        "Deferred income taxes expenses": "N/A",
        "The interests of minority shareholders": "N/A",
        "Total Cost of profits": 2760,
        "Profit after tax corporate income": 11178,
        "Volume": 6257461,
        "Close of Quarter": 10.9,
        "EPS": 1478,
        "Non-adjusted EPS": 3462,
        "PE": 3.2,
        "Book Price": 7.6
      }
    },
    {
      "quarter": "Q3 2013",
      "income status": {
        "Net sales": 53348,
        "Cost of goods sold": 42080,
        "Gross Profit": 11268,
        "Financial expenses": 18,
        "Of which: Interest expense": 356,
        "Cost of sales": 5084,
        "Enterprise cost management": 1346,
        "Total Operating Expenses": 6448,
        "Total revenue financing activities": 219,
        "Net profit from business activities": 5040,
        "Profit": "N/A",
        "Profit before tax": 5040,
        "Present corporate income tax expenses": 898,
        "Deferred income taxes expenses": "N/A",
        "The interests of minority shareholders": "N/A",
        "Total Cost of profits": 898,
        "Profit after tax corporate income": 4141,
        "Volume": 6257461,
        "Close of Quarter": 10.7,
        "EPS": 1060.1,
        "Non-adjusted EPS": 2483,
        "PE": 4.3,
        "Book Price": 6.8
      }
    },
    {
      "quarter": "Q2 2013",
      "income status": {
        "Net sales": 59879,
        "Cost of goods sold": 51633,
        "Gross Profit": 8246,
        "Financial expenses": 974,
        "Of which: Interest expense": 489,
        "Cost of sales": 3588,
        "Enterprise cost management": 1389,
        "Total Operating Expenses": 5951,
        "Total revenue financing activities": 989,
        "Net profit from business activities": 3284,
        "Profit": -17,
        "Profit before tax": 3267,
        "Present corporate income tax expenses": 818,
        "Deferred income taxes expenses": "N/A",
        "The interests of minority shareholders": "N/A",
        "Total Cost of profits": 818,
        "Profit after tax corporate income": 2449,
        "Volume": 6257461,
        "Close of Quarter": 10.7,
        "EPS": 1285.5,
        "Non-adjusted EPS": 3011,
        "PE": 3.5,
        "Book Price": 6.5
      }
    },
    {
      "quarter": "Q1 2013",
      "income status": {
        "Net sales": 50771,
        "Cost of goods sold": 41492,
        "Gross Profit": 9279,
        "Financial expenses": 64,
        "Of which: Interest expense": 75,
        "Cost of sales": 3261,
        "Enterprise cost management": 1895,
        "Total Operating Expenses": 5220,
        "Total revenue financing activities": 762,
        "Net profit from business activities": 4821,
        "Profit": 53,
        "Profit before tax": 4873,
        "Present corporate income tax expenses": 977,
        "Deferred income taxes expenses": "N/A",
        "The interests of minority shareholders": "N/A",
        "Total Cost of profits": 977,
        "Profit after tax corporate income": 3897,
        "Volume": 6257461,
        "Close of Quarter": 9.5,
        "EPS": 1530.1,
        "Non-adjusted EPS": 3584,
        "PE": 2.7,
        "Book Price": 6.8
      }
    },
    {
      "quarter": "Q4 2012",
      "income status": {
        "Net sales": 102961,
        "Cost of goods sold": 87781,
        "Gross Profit": 15180,
        "Financial expenses": 255,
        "Of which: Interest expense": 293,
        "Cost of sales": 6407,
        "Enterprise cost management": 2126,
        "Total Operating Expenses": 8788,
        "Total revenue financing activities": 294,
        "Net profit from business activities": 6685,
        "Profit": 2,
        "Profit before tax": 6687,
        "Present corporate income tax expenses": 1637,
        "Deferred income taxes expenses": "N/A",
        "The interests of minority shareholders": "N/A",
        "Total Cost of profits": 1637,
        "Profit after tax corporate income": 5050,
        "Volume": 6257461,
        "Close of Quarter": 8.3,
        "EPS": 1449.4,
        "Non-adjusted EPS": 3395,
        "PE": 2.4,
        "Book Price": 6.5
      }
    },
    {
      "quarter": "Q3 2012",
      "income status": {
        "Net sales": 87564,
        "Cost of goods sold": 73634,
        "Gross Profit": 13930,
        "Financial expenses": 1003,
        "Of which: Interest expense": 867,
        "Cost of sales": 3158,
        "Enterprise cost management": 1406,
        "Total Operating Expenses": 5567,
        "Total revenue financing activities": 161,
        "Net profit from business activities": 8524,
        "Profit": 249,
        "Profit before tax": 8773,
        "Present corporate income tax expenses": 1328,
        "Deferred income taxes expenses": "N/A",
        "The interests of minority shareholders": "N/A",
        "Total Cost of profits": 1328,
        "Profit after tax corporate income": 7445,
        "Volume": 3128840,
        "Close of Quarter": 7.9,
        "EPS": 1274.4,
        "Non-adjusted EPS": 5970,
        "PE": 1.3,
        "Book Price": 6.2
      }
    },
    {
      "quarter": "Q2 2012",
      "income status": {
        "Net sales": 91875,
        "Cost of goods sold": 78816,
        "Gross Profit": 13059,
        "Financial expenses": 1307,
        "Of which: Interest expense": 1291,
        "Cost of sales": 4203,
        "Enterprise cost management": 996,
        "Total Operating Expenses": 6506,
        "Total revenue financing activities": 112,
        "Net profit from business activities": 6664,
        "Profit": 101,
        "Profit before tax": 6766,
        "Present corporate income tax expenses": 729,
        "Deferred income taxes expenses": "N/A",
        "The interests of minority shareholders": "N/A",
        "Total Cost of profits": 729,
        "Profit after tax corporate income": 6037,
        "Volume": 3128840,
        "Close of Quarter": 7.5,
        "EPS": 1174.7,
        "Non-adjusted EPS": 5503,
        "PE": 1.4,
        "Book Price": 5.7
      }
    },
    {
      "quarter": "Q1 2012",
      "income status": {
        "Net sales": 53936,
        "Cost of goods sold": 46066,
        "Gross Profit": 7870,
        "Financial expenses": 411,
        "Of which: Interest expense": 272,
        "Cost of sales": 3271,
        "Enterprise cost management": 845,
        "Total Operating Expenses": 4527,
        "Total revenue financing activities": 625,
        "Net profit from business activities": 3968,
        "Profit": 35,
        "Profit before tax": 4003,
        "Present corporate income tax expenses": 1293,
        "Deferred income taxes expenses": "N/A",
        "The interests of minority shareholders": "N/A",
        "Total Cost of profits": 1293,
        "Profit after tax corporate income": 2710,
        "Volume": 3128840,
        "Close of Quarter": 6.6,
        "EPS": 985.4,
        "Non-adjusted EPS": 4616,
        "PE": 1.4,
        "Book Price": 6.0
      }
    },
    {
      "quarter": "Q4 2011",
      "income status": {
        "Net sales": 111806,
        "Cost of goods sold": 97293,
        "Gross Profit": 14513,
        "Financial expenses": 1530,
        "Of which: Interest expense": 601,
        "Cost of sales": 8973,
        "Enterprise cost management": 1521,
        "Total Operating Expenses": 12024,
        "Total revenue financing activities": 560,
        "Net profit from business activities": 3050,
        "Profit": 217,
        "Profit before tax": 3267,
        "Present corporate income tax expenses": 781,
        "Deferred income taxes expenses": "N/A",
        "The interests of minority shareholders": "N/A",
        "Total Cost of profits": 781,
        "Profit after tax corporate income": 2486,
        "Volume": 3128840,
        "Close of Quarter": 4.4,
        "EPS": 1074.2,
        "Non-adjusted EPS": 5032,
        "PE": 0.9,
        "Book Price": 5.8
      }
    },
    {
      "quarter": "Q3 2011",
      "income status": {
        "Net sales": 121585,
        "Cost of goods sold": 109678,
        "Gross Profit": 11908,
        "Financial expenses": 1302,
        "Of which: Interest expense": 1250,
        "Cost of sales": 3824,
        "Enterprise cost management": 889,
        "Total Operating Expenses": 6015,
        "Total revenue financing activities": 1125,
        "Net profit from business activities": 7017,
        "Profit": 3,
        "Profit before tax": 7020,
        "Present corporate income tax expenses": 1035,
        "Deferred income taxes expenses": "N/A",
        "The interests of minority shareholders": "N/A",
        "Total Cost of profits": 1035,
        "Profit after tax corporate income": 5985,
        "Volume": 3128840,
        "Close of Quarter": 7.0,
        "EPS": 1316.9,
        "Non-adjusted EPS": 6169,
        "PE": 1.1,
        "Book Price": 5.6
      }
    },
    {
      "quarter": "Q2 2011",
      "income status": {
        "Net sales": 63674,
        "Cost of goods sold": 55288,
        "Gross Profit": 8387,
        "Financial expenses": 1264,
        "Of which: Interest expense": 1199,
        "Cost of sales": 3093,
        "Enterprise cost management": 758,
        "Total Operating Expenses": 5115,
        "Total revenue financing activities": 557,
        "Net profit from business activities": 3828,
        "Profit": 118,
        "Profit before tax": 3946,
        "Present corporate income tax expenses": 683,
        "Deferred income taxes expenses": "N/A",
        "The interests of minority shareholders": "N/A",
        "Total Cost of profits": 683,
        "Profit after tax corporate income": 3263,
        "Volume": 3128840,
        "Close of Quarter": 6.5,
        "EPS": 1246.4,
        "Non-adjusted EPS": 5839,
        "PE": 1.1,
        "Book Price": 5.2
      }
    },
    {
      "quarter": "Q1 2011",
      "income status": {
        "Net sales": 54679,
        "Cost of goods sold": 48423,
        "Gross Profit": 6256,
        "Financial expenses": 11,
        "Of which: Interest expense": 11,
        "Cost of sales": 3083,
        "Enterprise cost management": 679,
        "Total Operating Expenses": 3773,
        "Total revenue financing activities": 2334,
        "Net profit from business activities": 4816,
        "Profit": "N/A",
        "Profit before tax": 4817,
        "Present corporate income tax expenses": 806,
        "Deferred income taxes expenses": "N/A",
        "The interests of minority shareholders": "N/A",
        "Total Cost of profits": 806,
        "Profit after tax corporate income": 4011,
        "Volume": 3128840,
        "Close of Quarter": 6.1,
        "EPS": 1262.7,
        "Non-adjusted EPS": 5915,
        "PE": 1.0,
        "Book Price": 5.6
      }
    }
  ]
}