{
  "ticker": "CSM",
  "data": [
    {
      "quarter": "Q4 2016",
      "income status": {
        "Net sales": 1007924,
        "Cost of goods sold": 832491,
        "Gross Profit": 175432,
        "Financial expenses": 31789,
        "Of which: Interest expense": 16282,
        "Cost of sales": 39953,
        "Enterprise cost management": -2864,
        "Total Operating Expenses": 68878,
        "Total revenue financing activities": 8097,
        "Net profit from business activities": 114652,
        "Profit": -8319,
        "Profit before tax": 106333,
        "Present corporate income tax expenses": 24848,
        "Deferred income taxes expenses": 503,
        "The interests of minority shareholders": "N/A",
        "Total Cost of profits": 25351,
        "Profit after tax corporate income": 80982,
        "Volume": 103625925,
        "Close of Quarter": 18.9,
        "EPS": 2520,
        "Non-adjusted EPS": 2520,
        "PE": 7.5,
        "Book Price": 12.9
      }
    },
    {
      "quarter": "Q3 2016",
      "income status": {
        "Net sales": 787464,
        "Cost of goods sold": 626302,
        "Gross Profit": 161162,
        "Financial expenses": 17437,
        "Of which: Interest expense": 15015,
        "Cost of sales": 37907,
        "Enterprise cost management": 37323,
        "Total Operating Expenses": 92667,
        "Total revenue financing activities": 1039,
        "Net profit from business activities": 69534,
        "Profit": 927,
        "Profit before tax": 70461,
        "Present corporate income tax expenses": 14100,
        "Deferred income taxes expenses": -8,
        "The interests of minority shareholders": "N/A",
        "Total Cost of profits": 14092,
        "Profit after tax corporate income": 56369,
        "Volume": 103625925,
        "Close of Quarter": 20.6,
        "EPS": 2479,
        "Non-adjusted EPS": 2479,
        "PE": 8.3,
        "Book Price": 13.1
      }
    },
    {
      "quarter": "Q2 2016",
      "income status": {
        "Net sales": 806630,
        "Cost of goods sold": 630313,
        "Gross Profit": 176317,
        "Financial expenses": 16790,
        "Of which: Interest expense": 13642,
        "Cost of sales": 37195,
        "Enterprise cost management": 46340,
        "Total Operating Expenses": 100325,
        "Total revenue financing activities": 436,
        "Net profit from business activities": 76428,
        "Profit": 1155,
        "Profit before tax": 77582,
        "Present corporate income tax expenses": 15224,
        "Deferred income taxes expenses": 292,
        "The interests of minority shareholders": "N/A",
        "Total Cost of profits": 15516,
        "Profit after tax corporate income": 62066,
        "Volume": 74019954,
        "Close of Quarter": 23.5,
        "EPS": 2445.1,
        "Non-adjusted EPS": 3423,
        "PE": 6.9,
        "Book Price": 14
      }
    },
    {
      "quarter": "Q1 2016",
      "income status": {
        "Net sales": 684748,
        "Cost of goods sold": 517173,
        "Gross Profit": 167575,
        "Financial expenses": 17797,
        "Of which: Interest expense": 15101,
        "Cost of sales": 35134,
        "Enterprise cost management": 44875,
        "Total Operating Expenses": 97806,
        "Total revenue financing activities": 4334,
        "Net profit from business activities": 74103,
        "Profit": 3200,
        "Profit before tax": 77303,
        "Present corporate income tax expenses": 15883,
        "Deferred income taxes expenses": -273,
        "The interests of minority shareholders": "N/A",
        "Total Cost of profits": 15610,
        "Profit after tax corporate income": 61692,
        "Volume": 74019954,
        "Close of Quarter": 17.5,
        "EPS": 2865.8,
        "Non-adjusted EPS": 4012,
        "PE": 4.4,
        "Book Price": 13.6
      }
    },
    {
      "quarter": "Q4 2015",
      "income status": {
        "Net sales": 856886,
        "Cost of goods sold": 654515,
        "Gross Profit": 202371,
        "Financial expenses": 18274,
        "Of which: Interest expense": 14287,
        "Cost of sales": 44662,
        "Enterprise cost management": 52015,
        "Total Operating Expenses": 114951,
        "Total revenue financing activities": 1222,
        "Net profit from business activities": 88643,
        "Profit": 9612,
        "Profit before tax": 98254,
        "Present corporate income tax expenses": 22384,
        "Deferred income taxes expenses": -933,
        "The interests of minority shareholders": "N/A",
        "Total Cost of profits": 21451,
        "Profit after tax corporate income": 76804,
        "Volume": 74019954,
        "Close of Quarter": 14.8,
        "EPS": 2797.9,
        "Non-adjusted EPS": 3917,
        "PE": 3.8,
        "Book Price": 13
      }
    },
    {
      "quarter": "Q3 2015",
      "income status": {
        "Net sales": 833918,
        "Cost of goods sold": 636475,
        "Gross Profit": 197443,
        "Financial expenses": 37895,
        "Of which: Interest expense": 17320,
        "Cost of sales": 40399,
        "Enterprise cost management": 56079,
        "Total Operating Expenses": 134373,
        "Total revenue financing activities": 4170,
        "Net profit from business activities": 67240,
        "Profit": 476,
        "Profit before tax": 67716,
        "Present corporate income tax expenses": 14774,
        "Deferred income taxes expenses": 123,
        "The interests of minority shareholders": "N/A",
        "Total Cost of profits": 14897,
        "Profit after tax corporate income": 52819,
        "Volume": 74019954,
        "Close of Quarter": 16.2,
        "EPS": 2864.3,
        "Non-adjusted EPS": 4010,
        "PE": 4.1,
        "Book Price": 13.4
      }
    },
    {
      "quarter": "Q2 2015",
      "income status": {
        "Net sales": 1255628,
        "Cost of goods sold": 995818,
        "Gross Profit": 259810,
        "Financial expenses": 39385,
        "Of which: Interest expense": 17516,
        "Cost of sales": 38950,
        "Enterprise cost management": 51504,
        "Total Operating Expenses": 129839,
        "Total revenue financing activities": 5031,
        "Net profit from business activities": 135003,
        "Profit": 459,
        "Profit before tax": 135461,
        "Present corporate income tax expenses": 29189,
        "Deferred income taxes expenses": 612,
        "The interests of minority shareholders": "N/A",
        "Total Cost of profits": 29801,
        "Profit after tax corporate income": 105660,
        "Volume": 67292663,
        "Close of Quarter": 18.9,
        "EPS": 3110.5,
        "Non-adjusted EPS": 4790,
        "PE": 3.9,
        "Book Price": 12.9
      }
    },
    {
      "quarter": "Q1 2015",
      "income status": {
        "Net sales": 689734,
        "Cost of goods sold": 542970,
        "Gross Profit": 146764,
        "Financial expenses": 22597,
        "Of which: Interest expense": 18106,
        "Cost of sales": 27546,
        "Enterprise cost management": 36307,
        "Total Operating Expenses": 86450,
        "Total revenue financing activities": 1541,
        "Net profit from business activities": 61856,
        "Profit": 8201,
        "Profit before tax": 70057,
        "Present corporate income tax expenses": 15413,
        "Deferred income taxes expenses": "N/A",
        "The interests of minority shareholders": "N/A",
        "Total Cost of profits": 15413,
        "Profit after tax corporate income": 54644,
        "Volume": 67292663,
        "Close of Quarter": 19.5,
        "EPS": 2967.0,
        "Non-adjusted EPS": 4569,
        "PE": 4.3,
        "Book Price": 13.7
      }
    },
    {
      "quarter": "Q4 2014",
      "income status": {
        "Net sales": 908011,
        "Cost of goods sold": 694004,
        "Gross Profit": 214007,
        "Financial expenses": 23883,
        "Of which: Interest expense": 17315,
        "Cost of sales": 34848,
        "Enterprise cost management": 64561,
        "Total Operating Expenses": 123292,
        "Total revenue financing activities": 7111,
        "Net profit from business activities": 97826,
        "Profit": 9893,
        "Profit before tax": 107719,
        "Present corporate income tax expenses": 23839,
        "Deferred income taxes expenses": 165,
        "The interests of minority shareholders": "N/A",
        "Total Cost of profits": 24004,
        "Profit after tax corporate income": 83714,
        "Volume": 67292663,
        "Close of Quarter": 20.8,
        "EPS": 3197.6,
        "Non-adjusted EPS": 4924,
        "PE": 4.2,
        "Book Price": 13.2
      }
    },
    {
      "quarter": "Q3 2014",
      "income status": {
        "Net sales": 801793,
        "Cost of goods sold": 590940,
        "Gross Profit": 210853,
        "Financial expenses": 23432,
        "Of which: Interest expense": 17175,
        "Cost of sales": 34345,
        "Enterprise cost management": 61536,
        "Total Operating Expenses": 119313,
        "Total revenue financing activities": 7974,
        "Net profit from business activities": 99514,
        "Profit": 902,
        "Profit before tax": 100416,
        "Present corporate income tax expenses": 22091,
        "Deferred income taxes expenses": "N/A",
        "The interests of minority shareholders": "N/A",
        "Total Cost of profits": 22091,
        "Profit after tax corporate income": 78324,
        "Volume": 67292663,
        "Close of Quarter": 22.6,
        "EPS": 3382.6,
        "Non-adjusted EPS": 5209,
        "PE": 4.3,
        "Book Price": 12.3
      }
    },
    {
      "quarter": "Q2 2014",
      "income status": {
        "Net sales": 784122,
        "Cost of goods sold": 567044,
        "Gross Profit": 217078,
        "Financial expenses": 13078,
        "Of which: Interest expense": 9005,
        "Cost of sales": 31993,
        "Enterprise cost management": 57416,
        "Total Operating Expenses": 102487,
        "Total revenue financing activities": 1078,
        "Net profit from business activities": 115668,
        "Profit": 739,
        "Profit before tax": 116406,
        "Present corporate income tax expenses": 26001,
        "Deferred income taxes expenses": -392,
        "The interests of minority shareholders": "N/A",
        "Total Cost of profits": 25609,
        "Profit after tax corporate income": 90797,
        "Volume": 67292663,
        "Close of Quarter": 20.2,
        "EPS": 3487.2,
        "Non-adjusted EPS": 5370,
        "PE": 3.8,
        "Book Price": 11.6
      }
    },
    {
      "quarter": "Q1 2014",
      "income status": {
        "Net sales": 684300,
        "Cost of goods sold": 499986,
        "Gross Profit": 184314,
        "Financial expenses": 12961,
        "Of which: Interest expense": 10427,
        "Cost of sales": 32024,
        "Enterprise cost management": 37863,
        "Total Operating Expenses": 82848,
        "Total revenue financing activities": 126,
        "Net profit from business activities": 101592,
        "Profit": -578,
        "Profit before tax": 101015,
        "Present corporate income tax expenses": 22494,
        "Deferred income taxes expenses": "N/A",
        "The interests of minority shareholders": "N/A",
        "Total Cost of profits": 22494,
        "Profit after tax corporate income": 78520,
        "Volume": 67292663,
        "Close of Quarter": 19.4,
        "EPS": 3575.5,
        "Non-adjusted EPS": 5506,
        "PE": 3.5,
        "Book Price": 12.5
      }
    },
    {
      "quarter": "Q4 2013",
      "income status": {
        "Net sales": 801194,
        "Cost of goods sold": 582608,
        "Gross Profit": 218586,
        "Financial expenses": 24614,
        "Of which: Interest expense": 9884,
        "Cost of sales": 20487,
        "Enterprise cost management": 47218,
        "Total Operating Expenses": 92319,
        "Total revenue financing activities": 19137,
        "Net profit from business activities": 145404,
        "Profit": -5490,
        "Profit before tax": 139914,
        "Present corporate income tax expenses": 36611,
        "Deferred income taxes expenses": 392,
        "The interests of minority shareholders": "N/A",
        "Total Cost of profits": 37003,
        "Profit after tax corporate income": 102910,
        "Volume": 67292663,
        "Close of Quarter": 16.4,
        "EPS": 3480.0,
        "Non-adjusted EPS": 5359,
        "PE": 3.1,
        "Book Price": 11.8
      }
    },
    {
      "quarter": "Q3 2013",
      "income status": {
        "Net sales": 805089,
        "Cost of goods sold": 583897,
        "Gross Profit": 221192,
        "Financial expenses": 18245,
        "Of which: Interest expense": 9445,
        "Cost of sales": 33178,
        "Enterprise cost management": 53716,
        "Total Operating Expenses": 105139,
        "Total revenue financing activities": 1547,
        "Net profit from business activities": 117600,
        "Profit": 542,
        "Profit before tax": 118142,
        "Present corporate income tax expenses": 28990,
        "Deferred income taxes expenses": "N/A",
        "The interests of minority shareholders": "N/A",
        "Total Cost of profits": 28990,
        "Profit after tax corporate income": 89152,
        "Volume": 67292663,
        "Close of Quarter": 16.0,
        "EPS": 3140.4,
        "Non-adjusted EPS": 4836,
        "PE": 3.3,
        "Book Price": 10.8
      }
    },
    {
      "quarter": "Q2 2013",
      "income status": {
        "Net sales": 826017,
        "Cost of goods sold": 606856,
        "Gross Profit": 219162,
        "Financial expenses": 19814,
        "Of which: Interest expense": 9272,
        "Cost of sales": 23472,
        "Enterprise cost management": 61059,
        "Total Operating Expenses": 104345,
        "Total revenue financing activities": 5065,
        "Net profit from business activities": 119882,
        "Profit": 11948,
        "Profit before tax": 131830,
        "Present corporate income tax expenses": 31989,
        "Deferred income taxes expenses": -112,
        "The interests of minority shareholders": "N/A",
        "Total Cost of profits": 31877,
        "Profit after tax corporate income": 99953,
        "Volume": 58517205,
        "Close of Quarter": 15.0,
        "EPS": 3021.1,
        "Non-adjusted EPS": 5350,
        "PE": 2.8,
        "Book Price": 10.7
      }
    },
    {
      "quarter": "Q1 2013",
      "income status": {
        "Net sales": 701489,
        "Cost of goods sold": 523026,
        "Gross Profit": 178462,
        "Financial expenses": 39242,
        "Of which: Interest expense": 12035,
        "Cost of sales": 20005,
        "Enterprise cost management": 48438,
        "Total Operating Expenses": 107685,
        "Total revenue financing activities": 19550,
        "Net profit from business activities": 90327,
        "Profit": 1176,
        "Profit before tax": 91503,
        "Present corporate income tax expenses": 22876,
        "Deferred income taxes expenses": "N/A",
        "The interests of minority shareholders": "N/A",
        "Total Cost of profits": 22876,
        "Profit after tax corporate income": 68627,
        "Volume": 58517205,
        "Close of Quarter": 11.4,
        "EPS": 2736.0,
        "Non-adjusted EPS": 4845,
        "PE": 2.4,
        "Book Price": 10
      }
    },
    {
      "quarter": "Q4 2012",
      "income status": {
        "Net sales": 762295,
        "Cost of goods sold": 557088,
        "Gross Profit": 205207,
        "Financial expenses": 55542,
        "Of which: Interest expense": 22856,
        "Cost of sales": 15223,
        "Enterprise cost management": 48504,
        "Total Operating Expenses": 119269,
        "Total revenue financing activities": 2434,
        "Net profit from business activities": 88371,
        "Profit": 1107,
        "Profit before tax": 89478,
        "Present corporate income tax expenses": 21808,
        "Deferred income taxes expenses": "N/A",
        "The interests of minority shareholders": "N/A",
        "Total Cost of profits": 21808,
        "Profit after tax corporate income": 67671,
        "Volume": 58517205,
        "Close of Quarter": 8.9,
        "EPS": 2450.2,
        "Non-adjusted EPS": 4339,
        "PE": 2.1,
        "Book Price": 9.3
      }
    },
    {
      "quarter": "Q3 2012",
      "income status": {
        "Net sales": 760191,
        "Cost of goods sold": 580432,
        "Gross Profit": 179759,
        "Financial expenses": 9395,
        "Of which: Interest expense": 9128,
        "Cost of sales": 30788,
        "Enterprise cost management": 39288,
        "Total Operating Expenses": 79471,
        "Total revenue financing activities": 1190,
        "Net profit from business activities": 101478,
        "Profit": 935,
        "Profit before tax": 102413,
        "Present corporate income tax expenses": 25603,
        "Deferred income taxes expenses": "N/A",
        "The interests of minority shareholders": "N/A",
        "Total Cost of profits": 25603,
        "Profit after tax corporate income": 76810,
        "Volume": 52249295,
        "Close of Quarter": 8.5,
        "EPS": 2005.3,
        "Non-adjusted EPS": 3977,
        "PE": 2.1,
        "Book Price": 8.7
      }
    },
    {
      "quarter": "Q2 2012",
      "income status": {
        "Net sales": 819855,
        "Cost of goods sold": 631344,
        "Gross Profit": 188511,
        "Financial expenses": 16959,
        "Of which: Interest expense": 18448,
        "Cost of sales": 34878,
        "Enterprise cost management": 43768,
        "Total Operating Expenses": 95605,
        "Total revenue financing activities": 376,
        "Net profit from business activities": 93282,
        "Profit": 594,
        "Profit before tax": 93876,
        "Present corporate income tax expenses": 23469,
        "Deferred income taxes expenses": "N/A",
        "The interests of minority shareholders": "N/A",
        "Total Cost of profits": 23469,
        "Profit after tax corporate income": 70407,
        "Volume": 42249295,
        "Close of Quarter": 8.6,
        "EPS": 1295.7,
        "Non-adjusted EPS": 3178,
        "PE": 2.7,
        "Book Price": 7.0
      }
    },
    {
      "quarter": "Q1 2012",
      "income status": {
        "Net sales": 701474,
        "Cost of goods sold": 567777,
        "Gross Profit": 133696,
        "Financial expenses": 28579,
        "Of which: Interest expense": 26932,
        "Cost of sales": 28001,
        "Enterprise cost management": 29454,
        "Total Operating Expenses": 86034,
        "Total revenue financing activities": 2531,
        "Net profit from business activities": 50192,
        "Profit": 1331,
        "Profit before tax": 51523,
        "Present corporate income tax expenses": 12522,
        "Deferred income taxes expenses": "N/A",
        "The interests of minority shareholders": "N/A",
        "Total Cost of profits": 12522,
        "Profit after tax corporate income": 39001,
        "Volume": 42249295,
        "Close of Quarter": 4.7,
        "EPS": 680.9,
        "Non-adjusted EPS": 1670,
        "PE": 2.8,
        "Book Price": 6.3
      }
    },
    {
      "quarter": "Q4 2011",
      "income status": {
        "Net sales": 749748,
        "Cost of goods sold": 644893,
        "Gross Profit": 104854,
        "Financial expenses": 37046,
        "Of which: Interest expense": 20694,
        "Cost of sales": 24157,
        "Enterprise cost management": 23393,
        "Total Operating Expenses": 84596,
        "Total revenue financing activities": 2462,
        "Net profit from business activities": 22721,
        "Profit": 5577,
        "Profit before tax": 28298,
        "Present corporate income tax expenses": 6716,
        "Deferred income taxes expenses": "N/A",
        "The interests of minority shareholders": "N/A",
        "Total Cost of profits": 6716,
        "Profit after tax corporate income": 21582,
        "Volume": 42249295,
        "Close of Quarter": 2.9,
        "EPS": 378.0,
        "Non-adjusted EPS": 927,
        "PE": 3.1,
        "Book Price": 6.0
      }
    },
    {
      "quarter": "Q3 2011",
      "income status": {
        "Net sales": 779927,
        "Cost of goods sold": 726224,
        "Gross Profit": 53703,
        "Financial expenses": 22206,
        "Of which: Interest expense": 22182,
        "Cost of sales": 17177,
        "Enterprise cost management": 12256,
        "Total Operating Expenses": 51639,
        "Total revenue financing activities": 455,
        "Net profit from business activities": 2519,
        "Profit": 1825,
        "Profit before tax": 4345,
        "Present corporate income tax expenses": 1086,
        "Deferred income taxes expenses": "N/A",
        "The interests of minority shareholders": "N/A",
        "Total Cost of profits": 1086,
        "Profit after tax corporate income": 3258,
        "Volume": 42249295,
        "Close of Quarter": 4.2,
        "EPS": 546.7,
        "Non-adjusted EPS": 1341,
        "PE": 3.1,
        "Book Price": 5.8
      }
    },
    {
      "quarter": "Q2 2011",
      "income status": {
        "Net sales": 731399,
        "Cost of goods sold": 670614,
        "Gross Profit": 60785,
        "Financial expenses": 19257,
        "Of which: Interest expense": 16785,
        "Cost of sales": 21282,
        "Enterprise cost management": 19121,
        "Total Operating Expenses": 59660,
        "Total revenue financing activities": 5762,
        "Net profit from business activities": 6888,
        "Profit": 2090,
        "Profit before tax": 8978,
        "Present corporate income tax expenses": 2247,
        "Deferred income taxes expenses": "N/A",
        "The interests of minority shareholders": "N/A",
        "Total Cost of profits": 2247,
        "Profit after tax corporate income": 6731,
        "Volume": 42249295,
        "Close of Quarter": 4.4,
        "EPS": 816.6,
        "Non-adjusted EPS": 2003,
        "PE": 2.2,
        "Book Price": 5.7
      }
    },
    {
      "quarter": "Q1 2011",
      "income status": {
        "Net sales": 663272,
        "Cost of goods sold": 620191,
        "Gross Profit": 43081,
        "Financial expenses": 27693,
        "Of which: Interest expense": 16259,
        "Cost of sales": 10570,
        "Enterprise cost management": 4869,
        "Total Operating Expenses": 43132,
        "Total revenue financing activities": 8660,
        "Net profit from business activities": 8609,
        "Profit": 889,
        "Profit before tax": 9498,
        "Present corporate income tax expenses": 1894,
        "Deferred income taxes expenses": "N/A",
        "The interests of minority shareholders": "N/A",
        "Total Cost of profits": 1894,
        "Profit after tax corporate income": 7604,
        "Volume": 42249295,
        "Close of Quarter": 5.6,
        "EPS": 1127.3,
        "Non-adjusted EPS": 2765,
        "PE": 2.0,
        "Book Price": 6.6
      }
    }
  ]
}