{
  "ticker": "IMP",
  "data": [
    {
      "quarter": "Q4 2016",
      "income status": {
        "Net sales": 366011,
        "Cost of goods sold": 218271,
        "Gross Profit": 147740,
        "Financial expenses": 4529,
        "Of which: Interest expense": "N/A",
        "Cost of sales": 68269,
        "Enterprise cost management": 30941,
        "Total Operating Expenses": 103739,
        "Total revenue financing activities": 2258,
        "Net profit from business activities": 46259,
        "Profit": 654,
        "Profit before tax": 46913,
        "Present corporate income tax expenses": 9606,
        "Deferred income taxes expenses": "N/A",
        "The interests of minority shareholders": "N/A",
        "Total Cost of profits": 9606,
        "Profit after tax corporate income": 37307,
        "Volume": 28942646,
        "Close of Quarter": 50.2,
        "EPS": 2683.9,
        "Non-adjusted EPS": 3489,
        "PE": 14.4,
        "Book Price": 24.9
      }
    },
    {
      "quarter": "Q3 2016",
      "income status": {
        "Net sales": 215229,
        "Cost of goods sold": 123531,
        "Gross Profit": 91698,
        "Financial expenses": 2263,
        "Of which: Interest expense": "N/A",
        "Cost of sales": 46128,
        "Enterprise cost management": 14915,
        "Total Operating Expenses": 63306,
        "Total revenue financing activities": 703,
        "Net profit from business activities": 29096,
        "Profit": -265,
        "Profit before tax": 28831,
        "Present corporate income tax expenses": 5766,
        "Deferred income taxes expenses": "N/A",
        "The interests of minority shareholders": "N/A",
        "Total Cost of profits": 5766,
        "Profit after tax corporate income": 23065,
        "Volume": 28942646,
        "Close of Quarter": 55.3,
        "EPS": 2269.2,
        "Non-adjusted EPS": 2950,
        "PE": 18.7,
        "Book Price": 24.2
      }
    },
    {
      "quarter": "Q2 2016",
      "income status": {
        "Net sales": 236401,
        "Cost of goods sold": 140040,
        "Gross Profit": 96361,
        "Financial expenses": 3025,
        "Of which: Interest expense": "N/A",
        "Cost of sales": 58879,
        "Enterprise cost management": 13618,
        "Total Operating Expenses": 75522,
        "Total revenue financing activities": 3754,
        "Net profit from business activities": 24592,
        "Profit": -527,
        "Profit before tax": 24065,
        "Present corporate income tax expenses": 4677,
        "Deferred income taxes expenses": "N/A",
        "The interests of minority shareholders": "N/A",
        "Total Cost of profits": 4677,
        "Profit after tax corporate income": 19388,
        "Volume": 28942646,
        "Close of Quarter": 38.3,
        "EPS": 2123.9,
        "Non-adjusted EPS": 2761,
        "PE": 13.9,
        "Book Price": 23.5
      }
    },
    {
      "quarter": "Q1 2016",
      "income status": {
        "Net sales": 192705,
        "Cost of goods sold": 123451,
        "Gross Profit": 69254,
        "Financial expenses": 2419,
        "Of which: Interest expense": 55,
        "Cost of sales": 30598,
        "Enterprise cost management": 11789,
        "Total Operating Expenses": 44806,
        "Total revenue financing activities": 2382,
        "Net profit from business activities": 26830,
        "Profit": -291,
        "Profit before tax": 26539,
        "Present corporate income tax expenses": 5308,
        "Deferred income taxes expenses": "N/A",
        "The interests of minority shareholders": "N/A",
        "Total Cost of profits": 5308,
        "Profit after tax corporate income": 21231,
        "Volume": 28942646,
        "Close of Quarter": 38.7,
        "EPS": 2330,
        "Non-adjusted EPS": 3029,
        "PE": 12.8,
        "Book Price": 24.7
      }
    },
    {
      "quarter": "Q4 2015",
      "income status": {
        "Net sales": 335252,
        "Cost of goods sold": 212660,
        "Gross Profit": 122592,
        "Financial expenses": 4507,
        "Of which: Interest expense": 166,
        "Cost of sales": 61516,
        "Enterprise cost management": 32651,
        "Total Operating Expenses": 98674,
        "Total revenue financing activities": 4528,
        "Net profit from business activities": 28446,
        "Profit": -296,
        "Profit before tax": 28150,
        "Present corporate income tax expenses": 6450,
        "Deferred income taxes expenses": "N/A",
        "The interests of minority shareholders": "N/A",
        "Total Cost of profits": 6450,
        "Profit after tax corporate income": 21700,
        "Volume": 28942646,
        "Close of Quarter": 30.7,
        "EPS": 2452.3,
        "Non-adjusted EPS": 3188,
        "PE": 9.6,
        "Book Price": 24.1
      }
    },
    {
      "quarter": "Q3 2015",
      "income status": {
        "Net sales": 183851,
        "Cost of goods sold": 119813,
        "Gross Profit": 64037,
        "Financial expenses": 3214,
        "Of which: Interest expense": 203,
        "Cost of sales": 27194,
        "Enterprise cost management": 11783,
        "Total Operating Expenses": 42191,
        "Total revenue financing activities": 1076,
        "Net profit from business activities": 22922,
        "Profit": -378,
        "Profit before tax": 22544,
        "Present corporate income tax expenses": 4960,
        "Deferred income taxes expenses": "N/A",
        "The interests of minority shareholders": "N/A",
        "Total Cost of profits": 4960,
        "Profit after tax corporate income": 17584,
        "Volume": 28942646,
        "Close of Quarter": 35.1,
        "EPS": 2460.8,
        "Non-adjusted EPS": 3199,
        "PE": 11.0,
        "Book Price": 23.7
      }
    },
    {
      "quarter": "Q2 2015",
      "income status": {
        "Net sales": 227211,
        "Cost of goods sold": 141622,
        "Gross Profit": 85589,
        "Financial expenses": 5714,
        "Of which: Interest expense": 36,
        "Cost of sales": 41780,
        "Enterprise cost management": 14645,
        "Total Operating Expenses": 62139,
        "Total revenue financing activities": 10702,
        "Net profit from business activities": 34152,
        "Profit": -105,
        "Profit before tax": 34047,
        "Present corporate income tax expenses": 6893,
        "Deferred income taxes expenses": "N/A",
        "The interests of minority shareholders": "N/A",
        "Total Cost of profits": 6893,
        "Profit after tax corporate income": 27154,
        "Volume": 28942646,
        "Close of Quarter": 37.2,
        "EPS": 2557.7,
        "Non-adjusted EPS": 3325,
        "PE": 11.2,
        "Book Price": 23.2
      }
    },
    {
      "quarter": "Q1 2015",
      "income status": {
        "Net sales": 218006,
        "Cost of goods sold": 107776,
        "Gross Profit": 110229,
        "Financial expenses": 1796,
        "Of which: Interest expense": "N/A",
        "Cost of sales": 62660,
        "Enterprise cost management": 13710,
        "Total Operating Expenses": 78166,
        "Total revenue financing activities": 1531,
        "Net profit from business activities": 33595,
        "Profit": -470,
        "Profit before tax": 33125,
        "Present corporate income tax expenses": 7287,
        "Deferred income taxes expenses": "N/A",
        "The interests of minority shareholders": "N/A",
        "Total Cost of profits": 7287,
        "Profit after tax corporate income": 25837,
        "Volume": 28942646,
        "Close of Quarter": 35.2,
        "EPS": 2383.1,
        "Non-adjusted EPS": 3098,
        "PE": 11.4,
        "Book Price": 24.2
      }
    },
    {
      "quarter": "Q4 2014",
      "income status": {
        "Net sales": 306018,
        "Cost of goods sold": 169866,
        "Gross Profit": 136152,
        "Financial expenses": 743,
        "Of which: Interest expense": 91,
        "Cost of sales": 85087,
        "Enterprise cost management": 28091,
        "Total Operating Expenses": 113921,
        "Total revenue financing activities": 2477,
        "Net profit from business activities": 24708,
        "Profit": 3068,
        "Profit before tax": 27776,
        "Present corporate income tax expenses": 5764,
        "Deferred income taxes expenses": "N/A",
        "The interests of minority shareholders": "N/A",
        "Total Cost of profits": 5764,
        "Profit after tax corporate income": 22012,
        "Volume": 26311486,
        "Close of Quarter": 31.8,
        "EPS": 2272.0,
        "Non-adjusted EPS": 3249,
        "PE": 9.8,
        "Book Price": 21.2
      }
    },
    {
      "quarter": "Q3 2014",
      "income status": {
        "Net sales": 217618,
        "Cost of goods sold": 114768,
        "Gross Profit": 102849,
        "Financial expenses": 2639,
        "Of which: Interest expense": 285,
        "Cost of sales": 62356,
        "Enterprise cost management": 12607,
        "Total Operating Expenses": 77602,
        "Total revenue financing activities": 2903,
        "Net profit from business activities": 28150,
        "Profit": -1208,
        "Profit before tax": 26942,
        "Present corporate income tax expenses": 5699,
        "Deferred income taxes expenses": "N/A",
        "The interests of minority shareholders": "N/A",
        "Total Cost of profits": 5699,
        "Profit after tax corporate income": 21243,
        "Volume": 25058586,
        "Close of Quarter": 32.3,
        "EPS": 1683.0,
        "Non-adjusted EPS": 2527,
        "PE": 12.8,
        "Book Price": 20.7
      }
    },
    {
      "quarter": "Q2 2014",
      "income status": {
        "Net sales": 198759,
        "Cost of goods sold": 102360,
        "Gross Profit": 96399,
        "Financial expenses": 2694,
        "Of which: Interest expense": -13,
        "Cost of sales": 55673,
        "Enterprise cost management": 11961,
        "Total Operating Expenses": 70328,
        "Total revenue financing activities": 2644,
        "Net profit from business activities": 28715,
        "Profit": -1313,
        "Profit before tax": 27403,
        "Present corporate income tax expenses": 6830,
        "Deferred income taxes expenses": "N/A",
        "The interests of minority shareholders": "N/A",
        "Total Cost of profits": 6830,
        "Profit after tax corporate income": 20573,
        "Volume": 16405810,
        "Close of Quarter": 27.4,
        "EPS": 1640.3,
        "Non-adjusted EPS": 3762,
        "PE": 7.3,
        "Book Price": 19.8
      }
    },
    {
      "quarter": "Q1 2014",
      "income status": {
        "Net sales": 174741,
        "Cost of goods sold": 93315,
        "Gross Profit": 81426,
        "Financial expenses": 1870,
        "Of which: Interest expense": 13,
        "Cost of sales": 41948,
        "Enterprise cost management": 9941,
        "Total Operating Expenses": 53759,
        "Total revenue financing activities": 1537,
        "Net profit from business activities": 29204,
        "Profit": -1433,
        "Profit before tax": 27771,
        "Present corporate income tax expenses": 6110,
        "Deferred income taxes expenses": "N/A",
        "The interests of minority shareholders": "N/A",
        "Total Cost of profits": 6110,
        "Profit after tax corporate income": 21661,
        "Volume": 16405810,
        "Close of Quarter": 30.7,
        "EPS": 1631.6,
        "Non-adjusted EPS": 3742,
        "PE": 8.2,
        "Book Price": 19.8
      }
    },
    {
      "quarter": "Q4 2013",
      "income status": {
        "Net sales": 235180,
        "Cost of goods sold": 129976,
        "Gross Profit": 105204,
        "Financial expenses": 239,
        "Of which: Interest expense": 571,
        "Cost of sales": 65401,
        "Enterprise cost management": 26491,
        "Total Operating Expenses": 92131,
        "Total revenue financing activities": 3215,
        "Net profit from business activities": 16289,
        "Profit": -1694,
        "Profit before tax": 14594,
        "Present corporate income tax expenses": 14755,
        "Deferred income taxes expenses": "N/A",
        "The interests of minority shareholders": "N/A",
        "Total Cost of profits": 14755,
        "Profit after tax corporate income": -161,
        "Volume": 16405810,
        "Close of Quarter": 18.3,
        "EPS": 1605.5,
        "Non-adjusted EPS": 3682,
        "PE": 5.0,
        "Book Price": 19.3
      }
    },
    {
      "quarter": "Q3 2013",
      "income status": {
        "Net sales": 201423,
        "Cost of goods sold": 111123,
        "Gross Profit": 90300,
        "Financial expenses": 1526,
        "Of which: Interest expense": "N/A",
        "Cost of sales": 53301,
        "Enterprise cost management": 9866,
        "Total Operating Expenses": 64693,
        "Total revenue financing activities": 1376,
        "Net profit from business activities": 26983,
        "Profit": -790,
        "Profit before tax": 26193,
        "Present corporate income tax expenses": 6548,
        "Deferred income taxes expenses": "N/A",
        "The interests of minority shareholders": "N/A",
        "Total Cost of profits": 6548,
        "Profit after tax corporate income": 19645,
        "Volume": 16405810,
        "Close of Quarter": 16.9,
        "EPS": 1931.2,
        "Non-adjusted EPS": 4429,
        "PE": 3.8,
        "Book Price": 19.9
      }
    },
    {
      "quarter": "Q2 2013",
      "income status": {
        "Net sales": 219857,
        "Cost of goods sold": 113831,
        "Gross Profit": 106026,
        "Financial expenses": 3415,
        "Of which: Interest expense": -218,
        "Cost of sales": 60443,
        "Enterprise cost management": 13860,
        "Total Operating Expenses": 77718,
        "Total revenue financing activities": 1786,
        "Net profit from business activities": 30094,
        "Profit": -2365,
        "Profit before tax": 27729,
        "Present corporate income tax expenses": 7491,
        "Deferred income taxes expenses": "N/A",
        "The interests of minority shareholders": "N/A",
        "Total Cost of profits": 7491,
        "Profit after tax corporate income": 20238,
        "Volume": 16405810,
        "Close of Quarter": 16.3,
        "EPS": 1999.2,
        "Non-adjusted EPS": 4585,
        "PE": 3.6,
        "Book Price": 19.3
      }
    },
    {
      "quarter": "Q1 2013",
      "income status": {
        "Net sales": 185849,
        "Cost of goods sold": 96165,
        "Gross Profit": 89685,
        "Financial expenses": 2381,
        "Of which: Interest expense": 218,
        "Cost of sales": 52591,
        "Enterprise cost management": 9488,
        "Total Operating Expenses": 64460,
        "Total revenue financing activities": 827,
        "Net profit from business activities": 26051,
        "Profit": 1533,
        "Profit before tax": 27583,
        "Present corporate income tax expenses": 6897,
        "Deferred income taxes expenses": "N/A",
        "The interests of minority shareholders": "N/A",
        "Total Cost of profits": 6897,
        "Profit after tax corporate income": 20686,
        "Volume": 16405810,
        "Close of Quarter": 15.8,
        "EPS": 2031.9,
        "Non-adjusted EPS": 4660,
        "PE": 3.4,
        "Book Price": 19.3
      }
    },
    {
      "quarter": "Q4 2012",
      "income status": {
        "Net sales": 255871,
        "Cost of goods sold": 149757,
        "Gross Profit": 106114,
        "Financial expenses": 5505,
        "Of which: Interest expense": 105,
        "Cost of sales": 62503,
        "Enterprise cost management": 25956,
        "Total Operating Expenses": 93964,
        "Total revenue financing activities": 4501,
        "Net profit from business activities": 16651,
        "Profit": -109,
        "Profit before tax": 16542,
        "Present corporate income tax expenses": 4454,
        "Deferred income taxes expenses": "N/A",
        "The interests of minority shareholders": "N/A",
        "Total Cost of profits": 4454,
        "Profit after tax corporate income": 12087,
        "Volume": 16405810,
        "Close of Quarter": 16.4,
        "EPS": 2062.9,
        "Non-adjusted EPS": 4731,
        "PE": 3.5,
        "Book Price": 19.0
      }
    },
    {
      "quarter": "Q3 2012",
      "income status": {
        "Net sales": 200906,
        "Cost of goods sold": 107932,
        "Gross Profit": 92974,
        "Financial expenses": -2462,
        "Of which: Interest expense": 60,
        "Cost of sales": 53552,
        "Enterprise cost management": 14309,
        "Total Operating Expenses": 65399,
        "Total revenue financing activities": 2231,
        "Net profit from business activities": 29805,
        "Profit": -185,
        "Profit before tax": 29621,
        "Present corporate income tax expenses": 7416,
        "Deferred income taxes expenses": "N/A",
        "The interests of minority shareholders": "N/A",
        "Total Cost of profits": 7416,
        "Profit after tax corporate income": 22205,
        "Volume": 14914500,
        "Close of Quarter": 16.4,
        "EPS": 3796.7,
        "Non-adjusted EPS": 9578,
        "PE": 1.7,
        "Book Price": 19.2
      }
    },
    {
      "quarter": "Q2 2012",
      "income status": {
        "Net sales": 187359,
        "Cost of goods sold": 98986,
        "Gross Profit": 88373,
        "Financial expenses": 3804,
        "Of which: Interest expense": 175,
        "Cost of sales": 48847,
        "Enterprise cost management": 10807,
        "Total Operating Expenses": 63458,
        "Total revenue financing activities": 3671,
        "Net profit from business activities": 28585,
        "Profit": -239,
        "Profit before tax": 28346,
        "Present corporate income tax expenses": 6870,
        "Deferred income taxes expenses": "N/A",
        "The interests of minority shareholders": "N/A",
        "Total Cost of profits": 6870,
        "Profit after tax corporate income": 21476,
        "Volume": 15014500,
        "Close of Quarter": 16.0,
        "EPS": 3815.7,
        "Non-adjusted EPS": 9562,
        "PE": 1.7,
        "Book Price": 18.6
      }
    },
    {
      "quarter": "Q1 2012",
      "income status": {
        "Net sales": 173986,
        "Cost of goods sold": 83842,
        "Gross Profit": 90143,
        "Financial expenses": 703,
        "Of which: Interest expense": 189,
        "Cost of sales": 50583,
        "Enterprise cost management": 10124,
        "Total Operating Expenses": 61410,
        "Total revenue financing activities": 1324,
        "Net profit from business activities": 30059,
        "Profit": -932,
        "Profit before tax": 29126,
        "Present corporate income tax expenses": 7281,
        "Deferred income taxes expenses": "N/A",
        "The interests of minority shareholders": "N/A",
        "Total Cost of profits": 7281,
        "Profit after tax corporate income": 21845,
        "Volume": 15014500,
        "Close of Quarter": 14.6,
        "EPS": 3877.6,
        "Non-adjusted EPS": 9717,
        "PE": 1.5,
        "Book Price": 19.0
      }
    },
    {
      "quarter": "Q4 2011",
      "income status": {
        "Net sales": 776365,
        "Cost of goods sold": 388430,
        "Gross Profit": 387935,
        "Financial expenses": 7216,
        "Of which: Interest expense": 723,
        "Cost of sales": 234582,
        "Enterprise cost management": 48098,
        "Total Operating Expenses": 289896,
        "Total revenue financing activities": 12941,
        "Net profit from business activities": 110980,
        "Profit": -516,
        "Profit before tax": 110464,
        "Present corporate income tax expenses": 33139,
        "Deferred income taxes expenses": "N/A",
        "The interests of minority shareholders": "N/A",
        "Total Cost of profits": 33139,
        "Profit after tax corporate income": 77325,
        "Volume": 15214500,
        "Close of Quarter": 14.9,
        "EPS": 3870.6,
        "Non-adjusted EPS": 9572,
        "PE": 1.6,
        "Book Price": 18.8
      }
    },
    {
      "quarter": "Q3 2011",
      "income status": {
        "Net sales": 168014,
        "Cost of goods sold": 83608,
        "Gross Profit": 84406,
        "Financial expenses": 2605,
        "Of which: Interest expense": 131,
        "Cost of sales": 48000,
        "Enterprise cost management": 8985,
        "Total Operating Expenses": 59590,
        "Total revenue financing activities": 3459,
        "Net profit from business activities": 28275,
        "Profit": 652,
        "Profit before tax": 28928,
        "Present corporate income tax expenses": 6002,
        "Deferred income taxes expenses": "N/A",
        "The interests of minority shareholders": "N/A",
        "Total Cost of profits": 6002,
        "Profit after tax corporate income": 22925,
        "Volume": 15214500,
        "Close of Quarter": 17.4,
        "EPS": 2182.4,
        "Non-adjusted EPS": 5397,
        "PE": 3.2,
        "Book Price": 18.8
      }
    },
    {
      "quarter": "Q2 2011",
      "income status": {
        "Net sales": 185932,
        "Cost of goods sold": 90369,
        "Gross Profit": 95562,
        "Financial expenses": 3247,
        "Of which: Interest expense": 115,
        "Cost of sales": 57016,
        "Enterprise cost management": 13273,
        "Total Operating Expenses": 73536,
        "Total revenue financing activities": 4788,
        "Net profit from business activities": 26814,
        "Profit": -348,
        "Profit before tax": 26466,
        "Present corporate income tax expenses": 2662,
        "Deferred income taxes expenses": "N/A",
        "The interests of minority shareholders": "N/A",
        "Total Cost of profits": 2662,
        "Profit after tax corporate income": 23804,
        "Volume": 15214500,
        "Close of Quarter": 15.8,
        "EPS": 2308.1,
        "Non-adjusted EPS": 5708,
        "PE": 2.8,
        "Book Price": 18.2
      }
    },
    {
      "quarter": "Q1 2011",
      "income status": {
        "Net sales": 176968,
        "Cost of goods sold": 86168,
        "Gross Profit": 90800,
        "Financial expenses": 2566,
        "Of which: Interest expense": 361,
        "Cost of sales": 52875,
        "Enterprise cost management": 11570,
        "Total Operating Expenses": 67011,
        "Total revenue financing activities": 3152,
        "Net profit from business activities": 26941,
        "Profit": 162,
        "Profit before tax": 27103,
        "Present corporate income tax expenses": 5519,
        "Deferred income taxes expenses": "N/A",
        "The interests of minority shareholders": "N/A",
        "Total Cost of profits": 5519,
        "Profit after tax corporate income": 21584,
        "Volume": 11659820,
        "Close of Quarter": 17.1,
        "EPS": 2202.7,
        "Non-adjusted EPS": 7108,
        "PE": 2.4,
        "Book Price": 17.6
      }
    }
  ]
}