{
  "ticker": "V12",
  "data": [
    {
      "quarter": "Q4 2016",
      "income status": {
        "Net sales": 224090,
        "Cost of goods sold": 207368,
        "Gross Profit": 16722,
        "Financial expenses": 2393,
        "Of which: Interest expense": 2393,
        "Cost of sales": "N/A",
        "Enterprise cost management": 8366,
        "Total Operating Expenses": 10759,
        "Total revenue financing activities": 574,
        "Net profit from business activities": 6538,
        "Profit": -2588,
        "Profit before tax": 3950,
        "Present corporate income tax expenses": 2383,
        "Deferred income taxes expenses": "N/A",
        "The interests of minority shareholders": "N/A",
        "Total Cost of profits": 2383,
        "Profit after tax corporate income": 1567,
        "Volume": 5818000,
        "Close of Quarter": 10.4,
        "EPS": 1344,
        "Non-adjusted EPS": 1344,
        "PE": 7.7,
        "Book Price": 16
      }
    },
    {
      "quarter": "Q3 2016",
      "income status": {
        "Net sales": 84678,
        "Cost of goods sold": 78134,
        "Gross Profit": 6543,
        "Financial expenses": 2163,
        "Of which: Interest expense": 2163,
        "Cost of sales": "N/A",
        "Enterprise cost management": 2711,
        "Total Operating Expenses": 4874,
        "Total revenue financing activities": 629,
        "Net profit from business activities": 2298,
        "Profit": 97,
        "Profit before tax": 2395,
        "Present corporate income tax expenses": -1,
        "Deferred income taxes expenses": "N/A",
        "The interests of minority shareholders": "N/A",
        "Total Cost of profits": -1,
        "Profit after tax corporate income": 2396,
        "Volume": 5818000,
        "Close of Quarter": 9.3,
        "EPS": 1459,
        "Non-adjusted EPS": 1459,
        "PE": 6.4,
        "Book Price": 15.7
      }
    },
    {
      "quarter": "Q2 2016",
      "income status": {
        "Net sales": 131396,
        "Cost of goods sold": 124122,
        "Gross Profit": 7275,
        "Financial expenses": 2188,
        "Of which: Interest expense": 2188,
        "Cost of sales": "N/A",
        "Enterprise cost management": 3534,
        "Total Operating Expenses": 5722,
        "Total revenue financing activities": 1398,
        "Net profit from business activities": 2950,
        "Profit": -523,
        "Profit before tax": 2427,
        "Present corporate income tax expenses": 6,
        "Deferred income taxes expenses": "N/A",
        "The interests of minority shareholders": "N/A",
        "Total Cost of profits": 6,
        "Profit after tax corporate income": 2421,
        "Volume": 5818000,
        "Close of Quarter": 9.3,
        "EPS": 1252,
        "Non-adjusted EPS": 1252,
        "PE": 7.4,
        "Book Price": 15.3
      }
    },
    {
      "quarter": "Q1 2016",
      "income status": {
        "Net sales": 69552,
        "Cost of goods sold": 64490,
        "Gross Profit": 5062,
        "Financial expenses": 1525,
        "Of which: Interest expense": 1525,
        "Cost of sales": "N/A",
        "Enterprise cost management": 2882,
        "Total Operating Expenses": 4407,
        "Total revenue financing activities": 990,
        "Net profit from business activities": 1645,
        "Profit": -47,
        "Profit before tax": 1598,
        "Present corporate income tax expenses": 160,
        "Deferred income taxes expenses": "N/A",
        "The interests of minority shareholders": "N/A",
        "Total Cost of profits": 160,
        "Profit after tax corporate income": 1438,
        "Volume": 5818000,
        "Close of Quarter": 9.4,
        "EPS": 1197,
        "Non-adjusted EPS": 1197,
        "PE": 7.8,
        "Book Price": 14.9
      }
    },
    {
      "quarter": "Q4 2015",
      "income status": {
        "Net sales": 197310,
        "Cost of goods sold": 189468,
        "Gross Profit": 7842,
        "Financial expenses": 2497,
        "Of which: Interest expense": 2497,
        "Cost of sales": "N/A",
        "Enterprise cost management": 4323,
        "Total Operating Expenses": 6820,
        "Total revenue financing activities": 1202,
        "Net profit from business activities": 2224,
        "Profit": 13,
        "Profit before tax": 2237,
        "Present corporate income tax expenses": 3,
        "Deferred income taxes expenses": "N/A",
        "The interests of minority shareholders": "N/A",
        "Total Cost of profits": 3,
        "Profit after tax corporate income": 2234,
        "Volume": 5818000,
        "Close of Quarter": 8.1,
        "EPS": 1538,
        "Non-adjusted EPS": 1538,
        "PE": 5.3,
        "Book Price": 16.2
      }
    },
    {
      "quarter": "Q3 2015",
      "income status": {
        "Net sales": 108311,
        "Cost of goods sold": 102407,
        "Gross Profit": 5904,
        "Financial expenses": 2088,
        "Of which: Interest expense": 2088,
        "Cost of sales": "N/A",
        "Enterprise cost management": 3700,
        "Total Operating Expenses": 5788,
        "Total revenue financing activities": 841,
        "Net profit from business activities": 957,
        "Profit": 98,
        "Profit before tax": 1055,
        "Present corporate income tax expenses": -134,
        "Deferred income taxes expenses": "N/A",
        "The interests of minority shareholders": "N/A",
        "Total Cost of profits": -134,
        "Profit after tax corporate income": 1189,
        "Volume": 5818000,
        "Close of Quarter": 7.8,
        "EPS": 1306,
        "Non-adjusted EPS": 1306,
        "PE": 5.9,
        "Book Price": 15.8
      }
    },
    {
      "quarter": "Q2 2015",
      "income status": {
        "Net sales": 101853,
        "Cost of goods sold": 94250,
        "Gross Profit": 7603,
        "Financial expenses": 2410,
        "Of which: Interest expense": 2410,
        "Cost of sales": "N/A",
        "Enterprise cost management": 5159,
        "Total Operating Expenses": 7569,
        "Total revenue financing activities": 1479,
        "Net profit from business activities": 1512,
        "Profit": 849,
        "Profit before tax": 2361,
        "Present corporate income tax expenses": 257,
        "Deferred income taxes expenses": "N/A",
        "The interests of minority shareholders": "N/A",
        "Total Cost of profits": 257,
        "Profit after tax corporate income": 2104,
        "Volume": 5818000,
        "Close of Quarter": 7.4,
        "EPS": 1375,
        "Non-adjusted EPS": 1375,
        "PE": 5.4,
        "Book Price": 15.1
      }
    },
    {
      "quarter": "Q1 2015",
      "income status": {
        "Net sales": 151474,
        "Cost of goods sold": 142619,
        "Gross Profit": 8855,
        "Financial expenses": 2062,
        "Of which: Interest expense": 2062,
        "Cost of sales": "N/A",
        "Enterprise cost management": 4104,
        "Total Operating Expenses": 6166,
        "Total revenue financing activities": 731,
        "Net profit from business activities": 3420,
        "Profit": "N/A",
        "Profit before tax": 3420,
        "Present corporate income tax expenses": "N/A",
        "Deferred income taxes expenses": "N/A",
        "The interests of minority shareholders": "N/A",
        "Total Cost of profits": 0,
        "Profit after tax corporate income": 3420,
        "Volume": 5818000,
        "Close of Quarter": 6.8,
        "EPS": 1270,
        "Non-adjusted EPS": 1270,
        "PE": 5.3,
        "Book Price": 16.1
      }
    },
    {
      "quarter": "Q4 2014",
      "income status": {
        "Net sales": 164289,
        "Cost of goods sold": 134240,
        "Gross Profit": 30049,
        "Financial expenses": 2141,
        "Of which: Interest expense": 2141,
        "Cost of sales": "N/A",
        "Enterprise cost management": 15259,
        "Total Operating Expenses": 17400,
        "Total revenue financing activities": 993,
        "Net profit from business activities": 13642,
        "Profit": -6567,
        "Profit before tax": 7075,
        "Present corporate income tax expenses": 6190,
        "Deferred income taxes expenses": "N/A",
        "The interests of minority shareholders": "N/A",
        "Total Cost of profits": 6190,
        "Profit after tax corporate income": 885,
        "Volume": 5818000,
        "Close of Quarter": 6.4,
        "EPS": 1224,
        "Non-adjusted EPS": 1224,
        "PE": 5.2,
        "Book Price": 15.2
      }
    },
    {
      "quarter": "Q3 2014",
      "income status": {
        "Net sales": 102176,
        "Cost of goods sold": 92259,
        "Gross Profit": 9918,
        "Financial expenses": 1878,
        "Of which: Interest expense": 1878,
        "Cost of sales": "N/A",
        "Enterprise cost management": 4369,
        "Total Operating Expenses": 6247,
        "Total revenue financing activities": 1117,
        "Net profit from business activities": 4787,
        "Profit": -2118,
        "Profit before tax": 2670,
        "Present corporate income tax expenses": 1081,
        "Deferred income taxes expenses": "N/A",
        "The interests of minority shareholders": "N/A",
        "Total Cost of profits": 1081,
        "Profit after tax corporate income": 1589,
        "Volume": 5818000,
        "Close of Quarter": 6.6,
        "EPS": 1297,
        "Non-adjusted EPS": 1297,
        "PE": 5.1,
        "Book Price": 15.1
      }
    },
    {
      "quarter": "Q2 2014",
      "income status": {
        "Net sales": 93567,
        "Cost of goods sold": 87817,
        "Gross Profit": 5750,
        "Financial expenses": 2307,
        "Of which: Interest expense": 2307,
        "Cost of sales": "N/A",
        "Enterprise cost management": 4211,
        "Total Operating Expenses": 6518,
        "Total revenue financing activities": 2430,
        "Net profit from business activities": 1662,
        "Profit": "N/A",
        "Profit before tax": 1662,
        "Present corporate income tax expenses": 166,
        "Deferred income taxes expenses": "N/A",
        "The interests of minority shareholders": "N/A",
        "Total Cost of profits": 166,
        "Profit after tax corporate income": 1496,
        "Volume": 5818000,
        "Close of Quarter": 6.4,
        "EPS": 1485,
        "Non-adjusted EPS": 1485,
        "PE": 4.3,
        "Book Price": 14.8
      }
    },
    {
      "quarter": "Q1 2014",
      "income status": {
        "Net sales": 184146,
        "Cost of goods sold": 174765,
        "Gross Profit": 9381,
        "Financial expenses": 1940,
        "Of which: Interest expense": 1940,
        "Cost of sales": "N/A",
        "Enterprise cost management": 4718,
        "Total Operating Expenses": 6658,
        "Total revenue financing activities": 1300,
        "Net profit from business activities": 4023,
        "Profit": 17,
        "Profit before tax": 4041,
        "Present corporate income tax expenses": 889,
        "Deferred income taxes expenses": "N/A",
        "The interests of minority shareholders": "N/A",
        "Total Cost of profits": 889,
        "Profit after tax corporate income": 3152,
        "Volume": 5818000,
        "Close of Quarter": 7.6,
        "EPS": 1253,
        "Non-adjusted EPS": 1253,
        "PE": 6.1,
        "Book Price": 14.6
      }
    },
    {
      "quarter": "Q4 2013",
      "income status": {
        "Net sales": 124109,
        "Cost of goods sold": 117710,
        "Gross Profit": 6399,
        "Financial expenses": 1971,
        "Of which: Interest expense": 1971,
        "Cost of sales": "N/A",
        "Enterprise cost management": 3424,
        "Total Operating Expenses": 5395,
        "Total revenue financing activities": 1565,
        "Net profit from business activities": 2569,
        "Profit": -408,
        "Profit before tax": 2162,
        "Present corporate income tax expenses": 855,
        "Deferred income taxes expenses": "N/A",
        "The interests of minority shareholders": "N/A",
        "Total Cost of profits": 855,
        "Profit after tax corporate income": 1307,
        "Volume": 5818000,
        "Close of Quarter": 5.3,
        "EPS": 1539,
        "Non-adjusted EPS": 1539,
        "PE": 3.5,
        "Book Price": 15.6
      }
    },
    {
      "quarter": "Q3 2013",
      "income status": {
        "Net sales": 106984,
        "Cost of goods sold": 99886,
        "Gross Profit": 7098,
        "Financial expenses": 2223,
        "Of which: Interest expense": 2223,
        "Cost of sales": "N/A",
        "Enterprise cost management": 2561,
        "Total Operating Expenses": 4784,
        "Total revenue financing activities": 1269,
        "Net profit from business activities": 3583,
        "Profit": "N/A",
        "Profit before tax": 3583,
        "Present corporate income tax expenses": 896,
        "Deferred income taxes expenses": "N/A",
        "The interests of minority shareholders": "N/A",
        "Total Cost of profits": 896,
        "Profit after tax corporate income": 2687,
        "Volume": 5818000,
        "Close of Quarter": 4.3,
        "EPS": 2103,
        "Non-adjusted EPS": 2103,
        "PE": 2.1,
        "Book Price": 15.3
      }
    },
    {
      "quarter": "Q2 2013",
      "income status": {
        "Net sales": 100661,
        "Cost of goods sold": 97775,
        "Gross Profit": 2886,
        "Financial expenses": 2594,
        "Of which: Interest expense": 2594,
        "Cost of sales": "N/A",
        "Enterprise cost management": 2653,
        "Total Operating Expenses": 5247,
        "Total revenue financing activities": 2442,
        "Net profit from business activities": 82,
        "Profit": "N/A",
        "Profit before tax": 82,
        "Present corporate income tax expenses": -64,
        "Deferred income taxes expenses": "N/A",
        "The interests of minority shareholders": "N/A",
        "Total Cost of profits": -64,
        "Profit after tax corporate income": 146,
        "Volume": 5818000,
        "Close of Quarter": 4.9,
        "EPS": 1974,
        "Non-adjusted EPS": 1974,
        "PE": 2.5,
        "Book Price": 14.9
      }
    },
    {
      "quarter": "Q1 2013",
      "income status": {
        "Net sales": 167936,
        "Cost of goods sold": 155742,
        "Gross Profit": 12194,
        "Financial expenses": 2102,
        "Of which: Interest expense": 2102,
        "Cost of sales": "N/A",
        "Enterprise cost management": 5269,
        "Total Operating Expenses": 7371,
        "Total revenue financing activities": 1454,
        "Net profit from business activities": 6276,
        "Profit": 141,
        "Profit before tax": 6417,
        "Present corporate income tax expenses": 1604,
        "Deferred income taxes expenses": "N/A",
        "The interests of minority shareholders": "N/A",
        "Total Cost of profits": 1604,
        "Profit after tax corporate income": 4812,
        "Volume": 5818000,
        "Close of Quarter": 4.3,
        "EPS": 2359,
        "Non-adjusted EPS": 2359,
        "PE": 1.8,
        "Book Price": 14.9
      }
    },
    {
      "quarter": "Q4 2012",
      "income status": {
        "Net sales": 182264,
        "Cost of goods sold": 166904,
        "Gross Profit": 15361,
        "Financial expenses": 2026,
        "Of which: Interest expense": 2026,
        "Cost of sales": "N/A",
        "Enterprise cost management": 7427,
        "Total Operating Expenses": 9453,
        "Total revenue financing activities": 1635,
        "Net profit from business activities": 7542,
        "Profit": -560,
        "Profit before tax": 6982,
        "Present corporate income tax expenses": 2390,
        "Deferred income taxes expenses": "N/A",
        "The interests of minority shareholders": "N/A",
        "Total Cost of profits": 2390,
        "Profit after tax corporate income": 4592,
        "Volume": 5818000,
        "Close of Quarter": 3.1,
        "EPS": 1909,
        "Non-adjusted EPS": 1909,
        "PE": 1.6,
        "Book Price": 15.5
      }
    },
    {
      "quarter": "Q3 2012",
      "income status": {
        "Net sales": 85056,
        "Cost of goods sold": 79314,
        "Gross Profit": 5743,
        "Financial expenses": 2750,
        "Of which: Interest expense": 2750,
        "Cost of sales": "N/A",
        "Enterprise cost management": 1539,
        "Total Operating Expenses": 4289,
        "Total revenue financing activities": 1840,
        "Net profit from business activities": 3294,
        "Profit": -713,
        "Profit before tax": 2581,
        "Present corporate income tax expenses": 645,
        "Deferred income taxes expenses": "N/A",
        "The interests of minority shareholders": "N/A",
        "Total Cost of profits": 645,
        "Profit after tax corporate income": 1936,
        "Volume": 5818000,
        "Close of Quarter": 2.9,
        "EPS": 1304,
        "Non-adjusted EPS": 1304,
        "PE": 2.2,
        "Book Price": 14.2
      }
    },
    {
      "quarter": "Q2 2012",
      "income status": {
        "Net sales": 79401,
        "Cost of goods sold": 72999,
        "Gross Profit": 6402,
        "Financial expenses": 3778,
        "Of which: Interest expense": 3778,
        "Cost of sales": "N/A",
        "Enterprise cost management": 3515,
        "Total Operating Expenses": 7293,
        "Total revenue financing activities": 2672,
        "Net profit from business activities": 1780,
        "Profit": 172,
        "Profit before tax": 1952,
        "Present corporate income tax expenses": 297,
        "Deferred income taxes expenses": "N/A",
        "The interests of minority shareholders": -730,
        "Total Cost of profits": -433,
        "Profit after tax corporate income": 2385,
        "Volume": 5818000,
        "Close of Quarter": 4.0,
        "EPS": 1387,
        "Non-adjusted EPS": 1387,
        "PE": 2.9,
        "Book Price": 13.9
      }
    },
    {
      "quarter": "Q1 2012",
      "income status": {
        "Net sales": 170707,
        "Cost of goods sold": 162084,
        "Gross Profit": 8623,
        "Financial expenses": 2559,
        "Of which: Interest expense": 2559,
        "Cost of sales": "N/A",
        "Enterprise cost management": 4482,
        "Total Operating Expenses": 7041,
        "Total revenue financing activities": 2526,
        "Net profit from business activities": 4108,
        "Profit": -206,
        "Profit before tax": 3902,
        "Present corporate income tax expenses": 975,
        "Deferred income taxes expenses": "N/A",
        "The interests of minority shareholders": 730,
        "Total Cost of profits": 1705,
        "Profit after tax corporate income": 2196,
        "Volume": 5818000,
        "Close of Quarter": 3.2,
        "EPS": 1678,
        "Non-adjusted EPS": 1678,
        "PE": 1.9,
        "Book Price": 14.1
      }
    },
    {
      "quarter": "Q4 2011",
      "income status": {
        "Net sales": 140179,
        "Cost of goods sold": 136333,
        "Gross Profit": 3847,
        "Financial expenses": 2622,
        "Of which: Interest expense": 2624,
        "Cost of sales": "N/A",
        "Enterprise cost management": 7040,
        "Total Operating Expenses": 9662,
        "Total revenue financing activities": 7136,
        "Net profit from business activities": 1321,
        "Profit": 85,
        "Profit before tax": 1406,
        "Present corporate income tax expenses": 57,
        "Deferred income taxes expenses": "N/A",
        "The interests of minority shareholders": 280,
        "Total Cost of profits": 337,
        "Profit after tax corporate income": 1069,
        "Volume": 5818000,
        "Close of Quarter": 2.4,
        "EPS": 1865,
        "Non-adjusted EPS": 1865,
        "PE": 1.3,
        "Book Price": 15
      }
    },
    {
      "quarter": "Q3 2011",
      "income status": {
        "Net sales": 110928,
        "Cost of goods sold": 102188,
        "Gross Profit": 8740,
        "Financial expenses": 2749,
        "Of which: Interest expense": 2747,
        "Cost of sales": "N/A",
        "Enterprise cost management": 4229,
        "Total Operating Expenses": 6978,
        "Total revenue financing activities": 1537,
        "Net profit from business activities": 3299,
        "Profit": 197,
        "Profit before tax": 3495,
        "Present corporate income tax expenses": 853,
        "Deferred income taxes expenses": "N/A",
        "The interests of minority shareholders": 225,
        "Total Cost of profits": 1078,
        "Profit after tax corporate income": 2418,
        "Volume": 5818000,
        "Close of Quarter": 2.9,
        "EPS": 2150,
        "Non-adjusted EPS": 2150,
        "PE": 1.4,
        "Book Price": 14.8
      }
    },
    {
      "quarter": "Q2 2011",
      "income status": {
        "Net sales": 142818,
        "Cost of goods sold": 130486,
        "Gross Profit": 12332,
        "Financial expenses": 3401,
        "Of which: Interest expense": 3401,
        "Cost of sales": "N/A",
        "Enterprise cost management": 4864,
        "Total Operating Expenses": 8265,
        "Total revenue financing activities": 2260,
        "Net profit from business activities": 6328,
        "Profit": "N/A",
        "Profit before tax": 6328,
        "Present corporate income tax expenses": 1582,
        "Deferred income taxes expenses": "N/A",
        "The interests of minority shareholders": 668,
        "Total Cost of profits": 2250,
        "Profit after tax corporate income": 4078,
        "Volume": 5818000,
        "Close of Quarter": 3.4,
        "EPS": 2324,
        "Non-adjusted EPS": 2324,
        "PE": 1.5,
        "Book Price": 14.4
      }
    },
    {
      "quarter": "Q1 2011",
      "income status": {
        "Net sales": 134147,
        "Cost of goods sold": 124355,
        "Gross Profit": 9792,
        "Financial expenses": 2992,
        "Of which: Interest expense": 2533,
        "Cost of sales": "N/A",
        "Enterprise cost management": 3243,
        "Total Operating Expenses": 6235,
        "Total revenue financing activities": 1595,
        "Net profit from business activities": 5152,
        "Profit": "N/A",
        "Profit before tax": 5152,
        "Present corporate income tax expenses": 1288,
        "Deferred income taxes expenses": "N/A",
        "The interests of minority shareholders": 578,
        "Total Cost of profits": 1866,
        "Profit after tax corporate income": 3286,
        "Volume": 5700000,
        "Close of Quarter": 5.1,
        "EPS": 2079.0,
        "Non-adjusted EPS": 2122,
        "PE": 2.4,
        "Book Price": 14.5
      }
    }
  ]
}