{
  "ticker": "VBC",
  "data": [
    {
      "quarter": "Q4 2016",
      "income status": {
        "Net sales": 191737,
        "Cost of goods sold": 173883,
        "Gross Profit": 17854,
        "Financial expenses": 3210,
        "Of which: Interest expense": 3206,
        "Cost of sales": 3918,
        "Enterprise cost management": 5504,
        "Total Operating Expenses": 12632,
        "Total revenue financing activities": 181,
        "Net profit from business activities": 5403,
        "Profit": -62,
        "Profit before tax": 5342,
        "Present corporate income tax expenses": 1219,
        "Deferred income taxes expenses": "N/A",
        "The interests of minority shareholders": "N/A",
        "Total Cost of profits": 1219,
        "Profit after tax corporate income": 4123,
        "Volume": 2999989,
        "Close of Quarter": 70,
        "EPS": 8816,
        "Non-adjusted EPS": 8816,
        "PE": 7.9,
        "Book Price": 32.7
      }
    },
    {
      "quarter": "Q3 2016",
      "income status": {
        "Net sales": 163443,
        "Cost of goods sold": 142614,
        "Gross Profit": 20829,
        "Financial expenses": 2654,
        "Of which: Interest expense": 2653,
        "Cost of sales": 4774,
        "Enterprise cost management": 4460,
        "Total Operating Expenses": 11888,
        "Total revenue financing activities": 5,
        "Net profit from business activities": 8946,
        "Profit": -65,
        "Profit before tax": 8881,
        "Present corporate income tax expenses": 1786,
        "Deferred income taxes expenses": "N/A",
        "The interests of minority shareholders": "N/A",
        "Total Cost of profits": 1786,
        "Profit after tax corporate income": 7095,
        "Volume": 2999989,
        "Close of Quarter": 76.5,
        "EPS": 9415,
        "Non-adjusted EPS": 9415,
        "PE": 8.1,
        "Book Price": 31.4
      }
    },
    {
      "quarter": "Q2 2016",
      "income status": {
        "Net sales": 173605,
        "Cost of goods sold": 153505,
        "Gross Profit": 20100,
        "Financial expenses": 2041,
        "Of which: Interest expense": 1959,
        "Cost of sales": 4941,
        "Enterprise cost management": 3500,
        "Total Operating Expenses": 10482,
        "Total revenue financing activities": 10,
        "Net profit from business activities": 9628,
        "Profit": 21,
        "Profit before tax": 9650,
        "Present corporate income tax expenses": 1943,
        "Deferred income taxes expenses": "N/A",
        "The interests of minority shareholders": "N/A",
        "Total Cost of profits": 1943,
        "Profit after tax corporate income": 7707,
        "Volume": 2999989,
        "Close of Quarter": 71.7,
        "EPS": 8885,
        "Non-adjusted EPS": 8885,
        "PE": 8.1,
        "Book Price": 29
      }
    },
    {
      "quarter": "Q1 2016",
      "income status": {
        "Net sales": 171287,
        "Cost of goods sold": 151960,
        "Gross Profit": 19326,
        "Financial expenses": 2176,
        "Of which: Interest expense": 2176,
        "Cost of sales": 4715,
        "Enterprise cost management": 3012,
        "Total Operating Expenses": 9903,
        "Total revenue financing activities": 4,
        "Net profit from business activities": 9428,
        "Profit": -24,
        "Profit before tax": 9404,
        "Present corporate income tax expenses": 1881,
        "Deferred income taxes expenses": "N/A",
        "The interests of minority shareholders": "N/A",
        "Total Cost of profits": 1881,
        "Profit after tax corporate income": 7523,
        "Volume": 2999989,
        "Close of Quarter": 55.8,
        "EPS": 8777,
        "Non-adjusted EPS": 8777,
        "PE": 6.4,
        "Book Price": 34.2
      }
    },
    {
      "quarter": "Q4 2015",
      "income status": {
        "Net sales": 183391,
        "Cost of goods sold": 165653,
        "Gross Profit": 17738,
        "Financial expenses": 2334,
        "Of which: Interest expense": 2315,
        "Cost of sales": 4401,
        "Enterprise cost management": 3429,
        "Total Operating Expenses": 10164,
        "Total revenue financing activities": 339,
        "Net profit from business activities": 7912,
        "Profit": -233,
        "Profit before tax": 7679,
        "Present corporate income tax expenses": 1758,
        "Deferred income taxes expenses": "N/A",
        "The interests of minority shareholders": "N/A",
        "Total Cost of profits": 1758,
        "Profit after tax corporate income": 5920,
        "Volume": 2999989,
        "Close of Quarter": 39.2,
        "EPS": 8499,
        "Non-adjusted EPS": 8499,
        "PE": 4.6,
        "Book Price": 31.7
      }
    },
    {
      "quarter": "Q3 2015",
      "income status": {
        "Net sales": 160548,
        "Cost of goods sold": 143615,
        "Gross Profit": 16933,
        "Financial expenses": 2485,
        "Of which: Interest expense": 2430,
        "Cost of sales": 4685,
        "Enterprise cost management": 2687,
        "Total Operating Expenses": 9857,
        "Total revenue financing activities": 3,
        "Net profit from business activities": 7079,
        "Profit": -3,
        "Profit before tax": 7075,
        "Present corporate income tax expenses": 1569,
        "Deferred income taxes expenses": "N/A",
        "The interests of minority shareholders": "N/A",
        "Total Cost of profits": 1569,
        "Profit after tax corporate income": 5506,
        "Volume": 2999989,
        "Close of Quarter": 40.5,
        "EPS": 8274,
        "Non-adjusted EPS": 8274,
        "PE": 4.9,
        "Book Price": 29.7
      }
    },
    {
      "quarter": "Q2 2015",
      "income status": {
        "Net sales": 165943,
        "Cost of goods sold": 146647,
        "Gross Profit": 19296,
        "Financial expenses": 2486,
        "Of which: Interest expense": 2302,
        "Cost of sales": 4745,
        "Enterprise cost management": 2461,
        "Total Operating Expenses": 9692,
        "Total revenue financing activities": 19,
        "Net profit from business activities": 9624,
        "Profit": -62,
        "Profit before tax": 9562,
        "Present corporate income tax expenses": 2180,
        "Deferred income taxes expenses": "N/A",
        "The interests of minority shareholders": "N/A",
        "Total Cost of profits": 2180,
        "Profit after tax corporate income": 7382,
        "Volume": 2999989,
        "Close of Quarter": 36.0,
        "EPS": 8295,
        "Non-adjusted EPS": 8295,
        "PE": 4.3,
        "Book Price": 27.9
      }
    },
    {
      "quarter": "Q1 2015",
      "income status": {
        "Net sales": 152930,
        "Cost of goods sold": 135684,
        "Gross Profit": 17246,
        "Financial expenses": 2153,
        "Of which: Interest expense": 2136,
        "Cost of sales": 4248,
        "Enterprise cost management": 2310,
        "Total Operating Expenses": 8711,
        "Total revenue financing activities": 104,
        "Net profit from business activities": 8638,
        "Profit": -65,
        "Profit before tax": 8574,
        "Present corporate income tax expenses": 1886,
        "Deferred income taxes expenses": "N/A",
        "The interests of minority shareholders": "N/A",
        "Total Cost of profits": 1886,
        "Profit after tax corporate income": 6688,
        "Volume": 2999989,
        "Close of Quarter": 31.2,
        "EPS": 7425,
        "Non-adjusted EPS": 7425,
        "PE": 4.2,
        "Book Price": 31.2
      }
    },
    {
      "quarter": "Q4 2014",
      "income status": {
        "Net sales": 180118,
        "Cost of goods sold": 161730,
        "Gross Profit": 18388,
        "Financial expenses": 2936,
        "Of which: Interest expense": 2796,
        "Cost of sales": 5589,
        "Enterprise cost management": 3152,
        "Total Operating Expenses": 11677,
        "Total revenue financing activities": 49,
        "Net profit from business activities": 6761,
        "Profit": 58,
        "Profit before tax": 6819,
        "Present corporate income tax expenses": 1573,
        "Deferred income taxes expenses": "N/A",
        "The interests of minority shareholders": "N/A",
        "Total Cost of profits": 1573,
        "Profit after tax corporate income": 5246,
        "Volume": 2999989,
        "Close of Quarter": 27.2,
        "EPS": 7152,
        "Non-adjusted EPS": 7152,
        "PE": 3.8,
        "Book Price": 29
      }
    },
    {
      "quarter": "Q3 2014",
      "income status": {
        "Net sales": 156869,
        "Cost of goods sold": 138993,
        "Gross Profit": 17877,
        "Financial expenses": 2993,
        "Of which: Interest expense": 2990,
        "Cost of sales": 5535,
        "Enterprise cost management": 2186,
        "Total Operating Expenses": 10714,
        "Total revenue financing activities": 37,
        "Net profit from business activities": 7200,
        "Profit": -42,
        "Profit before tax": 7158,
        "Present corporate income tax expenses": 1589,
        "Deferred income taxes expenses": "N/A",
        "The interests of minority shareholders": "N/A",
        "Total Cost of profits": 1589,
        "Profit after tax corporate income": 5569,
        "Volume": 2999989,
        "Close of Quarter": 24.0,
        "EPS": 7606,
        "Non-adjusted EPS": 7606,
        "PE": 3.2,
        "Book Price": 27.3
      }
    },
    {
      "quarter": "Q2 2014",
      "income status": {
        "Net sales": 139094,
        "Cost of goods sold": 121899,
        "Gross Profit": 17194,
        "Financial expenses": 3481,
        "Of which: Interest expense": 3087,
        "Cost of sales": 5024,
        "Enterprise cost management": 2458,
        "Total Operating Expenses": 10963,
        "Total revenue financing activities": 5,
        "Net profit from business activities": 6236,
        "Profit": -70,
        "Profit before tax": 6166,
        "Present corporate income tax expenses": 1395,
        "Deferred income taxes expenses": "N/A",
        "The interests of minority shareholders": "N/A",
        "Total Cost of profits": 1395,
        "Profit after tax corporate income": 4771,
        "Volume": 2999989,
        "Close of Quarter": 19.6,
        "EPS": 7588,
        "Non-adjusted EPS": 7588,
        "PE": 2.6,
        "Book Price": 25.4
      }
    },
    {
      "quarter": "Q1 2014",
      "income status": {
        "Net sales": 133444,
        "Cost of goods sold": 115290,
        "Gross Profit": 18154,
        "Financial expenses": 3411,
        "Of which: Interest expense": 3274,
        "Cost of sales": 4210,
        "Enterprise cost management": 2870,
        "Total Operating Expenses": 10491,
        "Total revenue financing activities": 6,
        "Net profit from business activities": 7669,
        "Profit": -143,
        "Profit before tax": 7526,
        "Present corporate income tax expenses": 1656,
        "Deferred income taxes expenses": "N/A",
        "The interests of minority shareholders": "N/A",
        "Total Cost of profits": 1656,
        "Profit after tax corporate income": 5870,
        "Volume": 2999989,
        "Close of Quarter": 25.8,
        "EPS": 7213,
        "Non-adjusted EPS": 7213,
        "PE": 3.6,
        "Book Price": 23.8
      }
    },
    {
      "quarter": "Q4 2013",
      "income status": {
        "Net sales": 185494,
        "Cost of goods sold": 164725,
        "Gross Profit": 20769,
        "Financial expenses": 3309,
        "Of which: Interest expense": 2901,
        "Cost of sales": 5846,
        "Enterprise cost management": 2787,
        "Total Operating Expenses": 11942,
        "Total revenue financing activities": 51,
        "Net profit from business activities": 8878,
        "Profit": -30,
        "Profit before tax": 8848,
        "Present corporate income tax expenses": 2240,
        "Deferred income taxes expenses": "N/A",
        "The interests of minority shareholders": "N/A",
        "Total Cost of profits": 2240,
        "Profit after tax corporate income": 6609,
        "Volume": 2999989,
        "Close of Quarter": 20.1,
        "EPS": 7216,
        "Non-adjusted EPS": 7216,
        "PE": 2.8,
        "Book Price": 27.5
      }
    },
    {
      "quarter": "Q3 2013",
      "income status": {
        "Net sales": 140953,
        "Cost of goods sold": 123332,
        "Gross Profit": 17622,
        "Financial expenses": 3277,
        "Of which: Interest expense": 3003,
        "Cost of sales": 4353,
        "Enterprise cost management": 2620,
        "Total Operating Expenses": 10250,
        "Total revenue financing activities": 4,
        "Net profit from business activities": 7376,
        "Profit": -22,
        "Profit before tax": 7353,
        "Present corporate income tax expenses": 1838,
        "Deferred income taxes expenses": "N/A",
        "The interests of minority shareholders": "N/A",
        "Total Cost of profits": 1838,
        "Profit after tax corporate income": 5515,
        "Volume": 2999989,
        "Close of Quarter": 16.1,
        "EPS": 6533,
        "Non-adjusted EPS": 6533,
        "PE": 2.5,
        "Book Price": 25.3
      }
    },
    {
      "quarter": "Q2 2013",
      "income status": {
        "Net sales": 70679,
        "Cost of goods sold": 57958,
        "Gross Profit": 12720,
        "Financial expenses": 3529,
        "Of which: Interest expense": 2294,
        "Cost of sales": 3843,
        "Enterprise cost management": 1275,
        "Total Operating Expenses": 8647,
        "Total revenue financing activities": 14,
        "Net profit from business activities": 4088,
        "Profit": 590,
        "Profit before tax": 4678,
        "Present corporate income tax expenses": 1034,
        "Deferred income taxes expenses": "N/A",
        "The interests of minority shareholders": "N/A",
        "Total Cost of profits": 1034,
        "Profit after tax corporate income": 3644,
        "Volume": 2999989,
        "Close of Quarter": 21.3,
        "EPS": 6375,
        "Non-adjusted EPS": 6375,
        "PE": 3.3,
        "Book Price": 16.9
      }
    },
    {
      "quarter": "Q1 2013",
      "income status": {
        "Net sales": 161596,
        "Cost of goods sold": 142429,
        "Gross Profit": 19167,
        "Financial expenses": 3443,
        "Of which: Interest expense": 3312,
        "Cost of sales": 4658,
        "Enterprise cost management": 2488,
        "Total Operating Expenses": 10589,
        "Total revenue financing activities": 52,
        "Net profit from business activities": 8630,
        "Profit": -582,
        "Profit before tax": 8048,
        "Present corporate income tax expenses": 2168,
        "Deferred income taxes expenses": "N/A",
        "The interests of minority shareholders": "N/A",
        "Total Cost of profits": 2168,
        "Profit after tax corporate income": 5880,
        "Volume": 2999989,
        "Close of Quarter": 17.6,
        "EPS": 6717,
        "Non-adjusted EPS": 6717,
        "PE": 2.6,
        "Book Price": 22
      }
    },
    {
      "quarter": "Q4 2012",
      "income status": {
        "Net sales": 142625,
        "Cost of goods sold": 126889,
        "Gross Profit": 15736,
        "Financial expenses": 3857,
        "Of which: Interest expense": 3214,
        "Cost of sales": 4214,
        "Enterprise cost management": 1442,
        "Total Operating Expenses": 9513,
        "Total revenue financing activities": 16,
        "Net profit from business activities": 6240,
        "Profit": -16,
        "Profit before tax": 6224,
        "Present corporate income tax expenses": 1664,
        "Deferred income taxes expenses": "N/A",
        "The interests of minority shareholders": "N/A",
        "Total Cost of profits": 1664,
        "Profit after tax corporate income": 4559,
        "Volume": 2999989,
        "Close of Quarter": 9.3,
        "EPS": 5424,
        "Non-adjusted EPS": 5424,
        "PE": 1.7,
        "Book Price": 21.4
      }
    },
    {
      "quarter": "Q2 2012",
      "income status": {
        "Net sales": 138776,
        "Cost of goods sold": 119637,
        "Gross Profit": 19139,
        "Financial expenses": 3920,
        "Of which: Interest expense": 3745,
        "Cost of sales": 4985,
        "Enterprise cost management": 3624,
        "Total Operating Expenses": 12529,
        "Total revenue financing activities": 67,
        "Net profit from business activities": 6676,
        "Profit": 71,
        "Profit before tax": 6747,
        "Present corporate income tax expenses": 1706,
        "Deferred income taxes expenses": "N/A",
        "The interests of minority shareholders": "N/A",
        "Total Cost of profits": 1706,
        "Profit after tax corporate income": 5041,
        "Volume": 2999989,
        "Close of Quarter": 8.9,
        "EPS": 5168,
        "Non-adjusted EPS": 5168,
        "PE": 1.7,
        "Book Price": 19.8
      }
    },
    {
      "quarter": "Q1 2012",
      "income status": {
        "Net sales": 121860,
        "Cost of goods sold": 105535,
        "Gross Profit": 16325,
        "Financial expenses": 3899,
        "Of which: Interest expense": 3779,
        "Cost of sales": 4386,
        "Enterprise cost management": 1931,
        "Total Operating Expenses": 10216,
        "Total revenue financing activities": 126,
        "Net profit from business activities": 6235,
        "Profit": -5,
        "Profit before tax": 6230,
        "Present corporate income tax expenses": 1557,
        "Deferred income taxes expenses": "N/A",
        "The interests of minority shareholders": "N/A",
        "Total Cost of profits": 1557,
        "Profit after tax corporate income": 4672,
        "Volume": 2999989,
        "Close of Quarter": 8.4,
        "EPS": 5145,
        "Non-adjusted EPS": 5145,
        "PE": 1.6,
        "Book Price": 20.4
      }
    },
    {
      "quarter": "Q4 2011",
      "income status": {
        "Net sales": 121384,
        "Cost of goods sold": 108120,
        "Gross Profit": 13264,
        "Financial expenses": 3928,
        "Of which: Interest expense": 3624,
        "Cost of sales": 4730,
        "Enterprise cost management": 2028,
        "Total Operating Expenses": 10686,
        "Total revenue financing activities": 170,
        "Net profit from business activities": 2748,
        "Profit": -33,
        "Profit before tax": 2715,
        "Present corporate income tax expenses": 716,
        "Deferred income taxes expenses": "N/A",
        "The interests of minority shareholders": "N/A",
        "Total Cost of profits": 716,
        "Profit after tax corporate income": 1999,
        "Volume": 2999989,
        "Close of Quarter": 7.4,
        "EPS": 5112,
        "Non-adjusted EPS": 5112,
        "PE": 1.4,
        "Book Price": 18.8
      }
    },
    {
      "quarter": "Q3 2011",
      "income status": {
        "Net sales": 115636,
        "Cost of goods sold": 99935,
        "Gross Profit": 15701,
        "Financial expenses": 4375,
        "Of which: Interest expense": 3786,
        "Cost of sales": 4410,
        "Enterprise cost management": 1852,
        "Total Operating Expenses": 10637,
        "Total revenue financing activities": 23,
        "Net profit from business activities": 5086,
        "Profit": -31,
        "Profit before tax": 5056,
        "Present corporate income tax expenses": 1264,
        "Deferred income taxes expenses": "N/A",
        "The interests of minority shareholders": "N/A",
        "Total Cost of profits": 1264,
        "Profit after tax corporate income": 3792,
        "Volume": 2999989,
        "Close of Quarter": 7.0,
        "EPS": 5011,
        "Non-adjusted EPS": 5011,
        "PE": 1.4,
        "Book Price": 18.2
      }
    },
    {
      "quarter": "Q2 2011",
      "income status": {
        "Net sales": 136164,
        "Cost of goods sold": 118071,
        "Gross Profit": 18093,
        "Financial expenses": 3558,
        "Of which: Interest expense": 3171,
        "Cost of sales": 5860,
        "Enterprise cost management": 2085,
        "Total Operating Expenses": 11503,
        "Total revenue financing activities": 34,
        "Net profit from business activities": 6623,
        "Profit": 28,
        "Profit before tax": 6651,
        "Present corporate income tax expenses": 1680,
        "Deferred income taxes expenses": "N/A",
        "The interests of minority shareholders": "N/A",
        "Total Cost of profits": 1680,
        "Profit after tax corporate income": 4971,
        "Volume": 2999989,
        "Close of Quarter": 10.5,
        "EPS": 4912,
        "Non-adjusted EPS": 4912,
        "PE": 2.1,
        "Book Price": 16.9
      }
    },
    {
      "quarter": "Q1 2011",
      "income status": {
        "Net sales": 96111,
        "Cost of goods sold": 82316,
        "Gross Profit": 13794,
        "Financial expenses": 3413,
        "Of which: Interest expense": 2435,
        "Cost of sales": 2641,
        "Enterprise cost management": 1665,
        "Total Operating Expenses": 7719,
        "Total revenue financing activities": 32,
        "Net profit from business activities": 6107,
        "Profit": -10,
        "Profit before tax": 6097,
        "Present corporate income tax expenses": 1524,
        "Deferred income taxes expenses": "N/A",
        "The interests of minority shareholders": "N/A",
        "Total Cost of profits": 1524,
        "Profit after tax corporate income": 4573,
        "Volume": 2999989,
        "Close of Quarter": 14.2,
        "EPS": 4563,
        "Non-adjusted EPS": 4563,
        "PE": 3.1,
        "Book Price": 17.7
      }
    }
  ]
}