{
  "ticker": "PXI",
  "data": [
    {
      "quarter": "Q4 2016",
      "income status": {
        "Net sales": 73763,
        "Cost of goods sold": 82784,
        "Gross Profit": -9021,
        "Financial expenses": 6926,
        "Of which: Interest expense": 6926,
        "Cost of sales": "N/A",
        "Enterprise cost management": 7262,
        "Total Operating Expenses": 14188,
        "Total revenue financing activities": 738,
        "Net profit from business activities": -22471,
        "Profit": 15589,
        "Profit before tax": -6882,
        "Present corporate income tax expenses": "N/A",
        "Deferred income taxes expenses": -1363,
        "The interests of minority shareholders": "N/A",
        "Total Cost of profits": -1363,
        "Profit after tax corporate income": -5519,
        "Volume": 30000000,
        "Close of Quarter": 3.6,
        "EPS": 18,
        "Non-adjusted EPS": 18,
        "PE": 202.2,
        "Book Price": 10.5
      }
    },
    {
      "quarter": "Q3 2016",
      "income status": {
        "Net sales": 135019,
        "Cost of goods sold": 123506,
        "Gross Profit": 11513,
        "Financial expenses": 7366,
        "Of which: Interest expense": 7366,
        "Cost of sales": "N/A",
        "Enterprise cost management": 4188,
        "Total Operating Expenses": 11554,
        "Total revenue financing activities": 872,
        "Net profit from business activities": 830,
        "Profit": 364,
        "Profit before tax": 1194,
        "Present corporate income tax expenses": 239,
        "Deferred income taxes expenses": "N/A",
        "The interests of minority shareholders": "N/A",
        "Total Cost of profits": 239,
        "Profit after tax corporate income": 955,
        "Volume": 30000000,
        "Close of Quarter": 4.4,
        "EPS": 701,
        "Non-adjusted EPS": 701,
        "PE": 6.3,
        "Book Price": 10.7
      }
    },
    {
      "quarter": "Q2 2016",
      "income status": {
        "Net sales": 161975,
        "Cost of goods sold": 140539,
        "Gross Profit": 21436,
        "Financial expenses": 7773,
        "Of which: Interest expense": 4773,
        "Cost of sales": "N/A",
        "Enterprise cost management": 8457,
        "Total Operating Expenses": 16230,
        "Total revenue financing activities": 561,
        "Net profit from business activities": 5767,
        "Profit": -27,
        "Profit before tax": 5740,
        "Present corporate income tax expenses": 1285,
        "Deferred income taxes expenses": -145,
        "The interests of minority shareholders": "N/A",
        "Total Cost of profits": 1140,
        "Profit after tax corporate income": 4600,
        "Volume": 30000000,
        "Close of Quarter": 5.6,
        "EPS": 774,
        "Non-adjusted EPS": 774,
        "PE": 7.2,
        "Book Price": 10.7
      }
    },
    {
      "quarter": "Q1 2016",
      "income status": {
        "Net sales": 105050,
        "Cost of goods sold": 90829,
        "Gross Profit": 14221,
        "Financial expenses": 6970,
        "Of which: Interest expense": 6970,
        "Cost of sales": "N/A",
        "Enterprise cost management": 7070,
        "Total Operating Expenses": 14040,
        "Total revenue financing activities": 505,
        "Net profit from business activities": 686,
        "Profit": -27,
        "Profit before tax": 659,
        "Present corporate income tax expenses": "N/A",
        "Deferred income taxes expenses": 145,
        "The interests of minority shareholders": "N/A",
        "Total Cost of profits": 145,
        "Profit after tax corporate income": 514,
        "Volume": 30000000,
        "Close of Quarter": 5.5,
        "EPS": 939,
        "Non-adjusted EPS": 939,
        "PE": 5.9,
        "Book Price": 11.4
      }
    },
    {
      "quarter": "Q4 2015",
      "income status": {
        "Net sales": 288365,
        "Cost of goods sold": 252129,
        "Gross Profit": 36236,
        "Financial expenses": 8294,
        "Of which: Interest expense": 8294,
        "Cost of sales": "N/A",
        "Enterprise cost management": 7234,
        "Total Operating Expenses": 15528,
        "Total revenue financing activities": 983,
        "Net profit from business activities": 21692,
        "Profit": -2524,
        "Profit before tax": 19167,
        "Present corporate income tax expenses": "N/A",
        "Deferred income taxes expenses": 4220,
        "The interests of minority shareholders": "N/A",
        "Total Cost of profits": 4220,
        "Profit after tax corporate income": 14947,
        "Volume": 30000000,
        "Close of Quarter": 5.6,
        "EPS": 1051,
        "Non-adjusted EPS": 1051,
        "PE": 5.3,
        "Book Price": 11.4
      }
    },
    {
      "quarter": "Q3 2015",
      "income status": {
        "Net sales": 233079,
        "Cost of goods sold": 211590,
        "Gross Profit": 21489,
        "Financial expenses": 7862,
        "Of which: Interest expense": 7862,
        "Cost of sales": "N/A",
        "Enterprise cost management": 9890,
        "Total Operating Expenses": 17752,
        "Total revenue financing activities": 816,
        "Net profit from business activities": 4553,
        "Profit": -489,
        "Profit before tax": 4063,
        "Present corporate income tax expenses": 894,
        "Deferred income taxes expenses": "N/A",
        "The interests of minority shareholders": "N/A",
        "Total Cost of profits": 894,
        "Profit after tax corporate income": 3170,
        "Volume": 30000000,
        "Close of Quarter": 5.9,
        "EPS": 1213,
        "Non-adjusted EPS": 1213,
        "PE": 4.9,
        "Book Price": 10.9
      }
    },
    {
      "quarter": "Q2 2015",
      "income status": {
        "Net sales": 310132,
        "Cost of goods sold": 274519,
        "Gross Profit": 35613,
        "Financial expenses": 6691,
        "Of which: Interest expense": 6691,
        "Cost of sales": "N/A",
        "Enterprise cost management": 12009,
        "Total Operating Expenses": 18700,
        "Total revenue financing activities": 945,
        "Net profit from business activities": 17858,
        "Profit": -2858,
        "Profit before tax": 15000,
        "Present corporate income tax expenses": 5459,
        "Deferred income taxes expenses": "N/A",
        "The interests of minority shareholders": "N/A",
        "Total Cost of profits": 5459,
        "Profit after tax corporate income": 9541,
        "Volume": 30000000,
        "Close of Quarter": 7.0,
        "EPS": 1394,
        "Non-adjusted EPS": 1394,
        "PE": 5.0,
        "Book Price": 10.8
      }
    },
    {
      "quarter": "Q1 2015",
      "income status": {
        "Net sales": 306330,
        "Cost of goods sold": 291086,
        "Gross Profit": 15244,
        "Financial expenses": 2887,
        "Of which: Interest expense": 2887,
        "Cost of sales": "N/A",
        "Enterprise cost management": 8624,
        "Total Operating Expenses": 11511,
        "Total revenue financing activities": 1174,
        "Net profit from business activities": 4906,
        "Profit": 317,
        "Profit before tax": 5223,
        "Present corporate income tax expenses": 1362,
        "Deferred income taxes expenses": "N/A",
        "The interests of minority shareholders": "N/A",
        "Total Cost of profits": 1362,
        "Profit after tax corporate income": 3861,
        "Volume": 30000000,
        "Close of Quarter": 7.5,
        "EPS": 1127,
        "Non-adjusted EPS": 1127,
        "PE": 6.6,
        "Book Price": 11.6
      }
    },
    {
      "quarter": "Q4 2014",
      "income status": {
        "Net sales": 397267,
        "Cost of goods sold": 354824,
        "Gross Profit": 42443,
        "Financial expenses": 6939,
        "Of which: Interest expense": 6939,
        "Cost of sales": "N/A",
        "Enterprise cost management": 11064,
        "Total Operating Expenses": 18003,
        "Total revenue financing activities": 955,
        "Net profit from business activities": 25394,
        "Profit": "N/A",
        "Profit before tax": 25394,
        "Present corporate income tax expenses": 5587,
        "Deferred income taxes expenses": "N/A",
        "The interests of minority shareholders": "N/A",
        "Total Cost of profits": 5587,
        "Profit after tax corporate income": 19808,
        "Volume": 30000000,
        "Close of Quarter": 6.7,
        "EPS": 1001,
        "Non-adjusted EPS": 1001,
        "PE": 6.7,
        "Book Price": 11.5
      }
    },
    {
      "quarter": "Q3 2014",
      "income status": {
        "Net sales": 282517,
        "Cost of goods sold": 255193,
        "Gross Profit": 27324,
        "Financial expenses": 6582,
        "Of which: Interest expense": 6582,
        "Cost of sales": "N/A",
        "Enterprise cost management": 9605,
        "Total Operating Expenses": 16187,
        "Total revenue financing activities": 123,
        "Net profit from business activities": 11259,
        "Profit": -209,
        "Profit before tax": 11050,
        "Present corporate income tax expenses": 2431,
        "Deferred income taxes expenses": "N/A",
        "The interests of minority shareholders": "N/A",
        "Total Cost of profits": 2431,
        "Profit after tax corporate income": 8619,
        "Volume": 30000000,
        "Close of Quarter": 9.1,
        "EPS": 1126,
        "Non-adjusted EPS": 1126,
        "PE": 8.1,
        "Book Price": 10.9
      }
    },
    {
      "quarter": "Q2 2014",
      "income status": {
        "Net sales": 130629,
        "Cost of goods sold": 116157,
        "Gross Profit": 14472,
        "Financial expenses": 5842,
        "Of which: Interest expense": 5842,
        "Cost of sales": "N/A",
        "Enterprise cost management": -4684,
        "Total Operating Expenses": 1158,
        "Total revenue financing activities": 307,
        "Net profit from business activities": 13621,
        "Profit": -11636,
        "Profit before tax": 1985,
        "Present corporate income tax expenses": 459,
        "Deferred income taxes expenses": "N/A",
        "The interests of minority shareholders": "N/A",
        "Total Cost of profits": 459,
        "Profit after tax corporate income": 1526,
        "Volume": 30000000,
        "Close of Quarter": 4.3,
        "EPS": 774,
        "Non-adjusted EPS": 774,
        "PE": 5.6,
        "Book Price": 10.6
      }
    },
    {
      "quarter": "Q1 2014",
      "income status": {
        "Net sales": 95127,
        "Cost of goods sold": 83169,
        "Gross Profit": 11957,
        "Financial expenses": 4377,
        "Of which: Interest expense": 4377,
        "Cost of sales": "N/A",
        "Enterprise cost management": 7056,
        "Total Operating Expenses": 11433,
        "Total revenue financing activities": 368,
        "Net profit from business activities": 892,
        "Profit": -584,
        "Profit before tax": 308,
        "Present corporate income tax expenses": 238,
        "Deferred income taxes expenses": "N/A",
        "The interests of minority shareholders": "N/A",
        "Total Cost of profits": 238,
        "Profit after tax corporate income": 70,
        "Volume": 30000000,
        "Close of Quarter": 5.8,
        "EPS": 670,
        "Non-adjusted EPS": 670,
        "PE": 8.7,
        "Book Price": 10.5
      }
    },
    {
      "quarter": "Q4 2013",
      "income status": {
        "Net sales": 256842,
        "Cost of goods sold": 208218,
        "Gross Profit": 48624,
        "Financial expenses": 8056,
        "Of which: Interest expense": 8056,
        "Cost of sales": 101,
        "Enterprise cost management": 11997,
        "Total Operating Expenses": 20154,
        "Total revenue financing activities": 8,
        "Net profit from business activities": 28478,
        "Profit": -4156,
        "Profit before tax": 24322,
        "Present corporate income tax expenses": "N/A",
        "Deferred income taxes expenses": "N/A",
        "The interests of minority shareholders": 749,
        "Total Cost of profits": 749,
        "Profit after tax corporate income": 23573,
        "Volume": 30000000,
        "Close of Quarter": 3.7,
        "EPS": 688,
        "Non-adjusted EPS": 688,
        "PE": 5.4,
        "Book Price": 11
      }
    },
    {
      "quarter": "Q3 2013",
      "income status": {
        "Net sales": 172365,
        "Cost of goods sold": 162182,
        "Gross Profit": 10183,
        "Financial expenses": 3210,
        "Of which: Interest expense": 3210,
        "Cost of sales": 387,
        "Enterprise cost management": 8651,
        "Total Operating Expenses": 12248,
        "Total revenue financing activities": 6,
        "Net profit from business activities": -2059,
        "Profit": 130,
        "Profit before tax": -1930,
        "Present corporate income tax expenses": "N/A",
        "Deferred income taxes expenses": "N/A",
        "The interests of minority shareholders": 29,
        "Total Cost of profits": 29,
        "Profit after tax corporate income": -1959,
        "Volume": 30000000,
        "Close of Quarter": 2.6,
        "EPS": -87,
        "Non-adjusted EPS": -87,
        "PE": -30,
        "Book Price": 10.9
      }
    },
    {
      "quarter": "Q2 2013",
      "income status": {
        "Net sales": 172830,
        "Cost of goods sold": 135541,
        "Gross Profit": 37290,
        "Financial expenses": 3202,
        "Of which: Interest expense": 3150,
        "Cost of sales": 438,
        "Enterprise cost management": 37462,
        "Total Operating Expenses": 41102,
        "Total revenue financing activities": 12,
        "Net profit from business activities": -3800,
        "Profit": 1421,
        "Profit before tax": -2379,
        "Present corporate income tax expenses": -345,
        "Deferred income taxes expenses": "N/A",
        "The interests of minority shareholders": -452,
        "Total Cost of profits": -797,
        "Profit after tax corporate income": -1582,
        "Volume": 30000000,
        "Close of Quarter": 3.2,
        "EPS": 61,
        "Non-adjusted EPS": 61,
        "PE": 52.6,
        "Book Price": 10.9
      }
    },
    {
      "quarter": "Q1 2013",
      "income status": {
        "Net sales": 81160,
        "Cost of goods sold": 71827,
        "Gross Profit": 9333,
        "Financial expenses": 1983,
        "Of which: Interest expense": 1983,
        "Cost of sales": 188,
        "Enterprise cost management": 8607,
        "Total Operating Expenses": 10778,
        "Total revenue financing activities": 289,
        "Net profit from business activities": -1156,
        "Profit": 1726,
        "Profit before tax": 570,
        "Present corporate income tax expenses": 345,
        "Deferred income taxes expenses": "N/A",
        "The interests of minority shareholders": -375,
        "Total Cost of profits": -30,
        "Profit after tax corporate income": 600,
        "Volume": 30000000,
        "Close of Quarter": 3.4,
        "EPS": 146,
        "Non-adjusted EPS": 146,
        "PE": 23.2,
        "Book Price": 11
      }
    },
    {
      "quarter": "Q4 2012",
      "income status": {
        "Net sales": 200418,
        "Cost of goods sold": 191040,
        "Gross Profit": 9378,
        "Financial expenses": 2609,
        "Of which: Interest expense": 2609,
        "Cost of sales": 178,
        "Enterprise cost management": 5980,
        "Total Operating Expenses": 8767,
        "Total revenue financing activities": 174,
        "Net profit from business activities": 785,
        "Profit": -532,
        "Profit before tax": 254,
        "Present corporate income tax expenses": "N/A",
        "Deferred income taxes expenses": 175,
        "The interests of minority shareholders": -244,
        "Total Cost of profits": -69,
        "Profit after tax corporate income": 323,
        "Volume": 30000000,
        "Close of Quarter": 3.7,
        "EPS": 266,
        "Non-adjusted EPS": 266,
        "PE": 13.7,
        "Book Price": 11
      }
    },
    {
      "quarter": "Q3 2012",
      "income status": {
        "Net sales": 243361,
        "Cost of goods sold": 222574,
        "Gross Profit": 20787,
        "Financial expenses": 3613,
        "Of which: Interest expense": 3613,
        "Cost of sales": 504,
        "Enterprise cost management": 11398,
        "Total Operating Expenses": 15515,
        "Total revenue financing activities": 176,
        "Net profit from business activities": 5448,
        "Profit": -2554,
        "Profit before tax": 2895,
        "Present corporate income tax expenses": 1080,
        "Deferred income taxes expenses": "N/A",
        "The interests of minority shareholders": -660,
        "Total Cost of profits": 420,
        "Profit after tax corporate income": 2475,
        "Volume": 30000000,
        "Close of Quarter": 3.6,
        "EPS": 725,
        "Non-adjusted EPS": 725,
        "PE": 4.9,
        "Book Price": 10.9
      }
    },
    {
      "quarter": "Q2 2012",
      "income status": {
        "Net sales": 187937,
        "Cost of goods sold": 168566,
        "Gross Profit": 19371,
        "Financial expenses": 4786,
        "Of which: Interest expense": 3653,
        "Cost of sales": 412,
        "Enterprise cost management": 16555,
        "Total Operating Expenses": 21753,
        "Total revenue financing activities": 1864,
        "Net profit from business activities": -519,
        "Profit": 1352,
        "Profit before tax": 833,
        "Present corporate income tax expenses": 485,
        "Deferred income taxes expenses": -269,
        "The interests of minority shareholders": -373,
        "Total Cost of profits": -157,
        "Profit after tax corporate income": 991,
        "Volume": 30000000,
        "Close of Quarter": 5.4,
        "EPS": 849,
        "Non-adjusted EPS": 849,
        "PE": 6.3,
        "Book Price": 10.8
      }
    },
    {
      "quarter": "Q1 2012",
      "income status": {
        "Net sales": 214504,
        "Cost of goods sold": 188764,
        "Gross Profit": 25740,
        "Financial expenses": 11506,
        "Of which: Interest expense": 11506,
        "Cost of sales": 301,
        "Enterprise cost management": 10822,
        "Total Operating Expenses": 22629,
        "Total revenue financing activities": 2634,
        "Net profit from business activities": 5744,
        "Profit": -118,
        "Profit before tax": 5626,
        "Present corporate income tax expenses": 1411,
        "Deferred income taxes expenses": "N/A",
        "The interests of minority shareholders": 15,
        "Total Cost of profits": 1426,
        "Profit after tax corporate income": 4200,
        "Volume": 30000000,
        "Close of Quarter": 5.2,
        "EPS": 1012,
        "Non-adjusted EPS": 1012,
        "PE": 5.1,
        "Book Price": 11.1
      }
    },
    {
      "quarter": "Q4 2011",
      "income status": {
        "Net sales": 343554,
        "Cost of goods sold": 299017,
        "Gross Profit": 44537,
        "Financial expenses": 12955,
        "Of which: Interest expense": 12955,
        "Cost of sales": 712,
        "Enterprise cost management": 17056,
        "Total Operating Expenses": 30723,
        "Total revenue financing activities": 5167,
        "Net profit from business activities": 18981,
        "Profit": 840,
        "Profit before tax": 19821,
        "Present corporate income tax expenses": -12,
        "Deferred income taxes expenses": 4955,
        "The interests of minority shareholders": 803,
        "Total Cost of profits": 5746,
        "Profit after tax corporate income": 14075,
        "Volume": 30000000,
        "Close of Quarter": 3.6,
        "EPS": 1420,
        "Non-adjusted EPS": 1420,
        "PE": 2.5,
        "Book Price": 10.9
      }
    },
    {
      "quarter": "Q3 2011",
      "income status": {
        "Net sales": 306237,
        "Cost of goods sold": 280002,
        "Gross Profit": 26235,
        "Financial expenses": 6604,
        "Of which: Interest expense": 6604,
        "Cost of sales": 579,
        "Enterprise cost management": 10771,
        "Total Operating Expenses": 17954,
        "Total revenue financing activities": 459,
        "Net profit from business activities": 8740,
        "Profit": 240,
        "Profit before tax": 8980,
        "Present corporate income tax expenses": "N/A",
        "Deferred income taxes expenses": 2245,
        "The interests of minority shareholders": 529,
        "Total Cost of profits": 2774,
        "Profit after tax corporate income": 6206,
        "Volume": 30000000,
        "Close of Quarter": 5.4,
        "EPS": 1452,
        "Non-adjusted EPS": 1452,
        "PE": 3.7,
        "Book Price": 11.4
      }
    },
    {
      "quarter": "Q2 2011",
      "income status": {
        "Net sales": 437082,
        "Cost of goods sold": 406602,
        "Gross Profit": 30480,
        "Financial expenses": 6347,
        "Of which: Interest expense": 6347,
        "Cost of sales": 611,
        "Enterprise cost management": 13305,
        "Total Operating Expenses": 20263,
        "Total revenue financing activities": 481,
        "Net profit from business activities": 10696,
        "Profit": -1500,
        "Profit before tax": 9196,
        "Present corporate income tax expenses": 2297,
        "Deferred income taxes expenses": "N/A",
        "The interests of minority shareholders": 1023,
        "Total Cost of profits": 3320,
        "Profit after tax corporate income": 5877,
        "Volume": 30000000,
        "Close of Quarter": 5.7,
        "EPS": 1994,
        "Non-adjusted EPS": 1994,
        "PE": 2.9,
        "Book Price": 11.2
      }
    },
    {
      "quarter": "Q1 2011",
      "income status": {
        "Net sales": 563258,
        "Cost of goods sold": 523925,
        "Gross Profit": 39333,
        "Financial expenses": 6154,
        "Of which: Interest expense": 6154,
        "Cost of sales": 363,
        "Enterprise cost management": 15901,
        "Total Operating Expenses": 22418,
        "Total revenue financing activities": 2997,
        "Net profit from business activities": 19911,
        "Profit": 2118,
        "Profit before tax": 22029,
        "Present corporate income tax expenses": 5507,
        "Deferred income taxes expenses": "N/A",
        "The interests of minority shareholders": 67,
        "Total Cost of profits": 5574,
        "Profit after tax corporate income": 16455,
        "Volume": 30000000,
        "Close of Quarter": 6.9,
        "EPS": 2424,
        "Non-adjusted EPS": 2424,
        "PE": 2.9,
        "Book Price": 11
      }
    }
  ]
}