{
  "ticker": "MHC",
  "data": [
    {
      "quarter": "Q4 2016",
      "income status": {
        "Net sales": 27275,
        "Cost of goods sold": 23900,
        "Gross Profit": 3376,
        "Financial expenses": 26960,
        "Of which: Interest expense": 951,
        "Cost of sales": "N/A",
        "Enterprise cost management": 2075,
        "Total Operating Expenses": 29035,
        "Total revenue financing activities": 13735,
        "Net profit from business activities": -12041,
        "Profit": 582,
        "Profit before tax": -11459,
        "Present corporate income tax expenses": -2598,
        "Deferred income taxes expenses": "N/A",
        "The interests of minority shareholders": "N/A",
        "Total Cost of profits": -2598,
        "Profit after tax corporate income": -8861,
        "Volume": 32735090,
        "Close of Quarter": 6.3,
        "EPS": 1829,
        "Non-adjusted EPS": 1829,
        "PE": 3.5,
        "Book Price": 14.8
      }
    },
    {
      "quarter": "Q3 2016",
      "income status": {
        "Net sales": 11094,
        "Cost of goods sold": 10019,
        "Gross Profit": 1075,
        "Financial expenses": -3525,
        "Of which: Interest expense": 667,
        "Cost of sales": 4,
        "Enterprise cost management": 1897,
        "Total Operating Expenses": -1624,
        "Total revenue financing activities": 26018,
        "Net profit from business activities": 27998,
        "Profit": -1,
        "Profit before tax": 27997,
        "Present corporate income tax expenses": 5743,
        "Deferred income taxes expenses": "N/A",
        "The interests of minority shareholders": "N/A",
        "Total Cost of profits": 5743,
        "Profit after tax corporate income": 22254,
        "Volume": 28466327,
        "Close of Quarter": 6.0,
        "EPS": 3528.8,
        "Non-adjusted EPS": 4058,
        "PE": 1.5,
        "Book Price": 16
      }
    },
    {
      "quarter": "Q2 2016",
      "income status": {
        "Net sales": 24314,
        "Cost of goods sold": 20422,
        "Gross Profit": 3892,
        "Financial expenses": 15344,
        "Of which: Interest expense": 461,
        "Cost of sales": "N/A",
        "Enterprise cost management": 2296,
        "Total Operating Expenses": 17640,
        "Total revenue financing activities": 21621,
        "Net profit from business activities": 7627,
        "Profit": -1,
        "Profit before tax": 7626,
        "Present corporate income tax expenses": 1675,
        "Deferred income taxes expenses": "N/A",
        "The interests of minority shareholders": "N/A",
        "Total Cost of profits": 1675,
        "Profit after tax corporate income": 5951,
        "Volume": 28466327,
        "Close of Quarter": 8.8,
        "EPS": 3240.1,
        "Non-adjusted EPS": 3726,
        "PE": 2.4,
        "Book Price": 15.3
      }
    },
    {
      "quarter": "Q1 2016",
      "income status": {
        "Net sales": 9243,
        "Cost of goods sold": 8426,
        "Gross Profit": 817,
        "Financial expenses": 7338,
        "Of which: Interest expense": 195,
        "Cost of sales": "N/A",
        "Enterprise cost management": 1911,
        "Total Operating Expenses": 9249,
        "Total revenue financing activities": 66298,
        "Net profit from business activities": 57608,
        "Profit": "N/A",
        "Profit before tax": 57608,
        "Present corporate income tax expenses": 17082,
        "Deferred income taxes expenses": "N/A",
        "The interests of minority shareholders": "N/A",
        "Total Cost of profits": 17082,
        "Profit after tax corporate income": 40527,
        "Volume": 27110788,
        "Close of Quarter": 10.6,
        "EPS": 3267.2,
        "Non-adjusted EPS": 3945,
        "PE": 2.7,
        "Book Price": 14.7
      }
    },
    {
      "quarter": "Q4 2015",
      "income status": {
        "Net sales": 17572,
        "Cost of goods sold": 15604,
        "Gross Profit": 1967,
        "Financial expenses": 5515,
        "Of which: Interest expense": 182,
        "Cost of sales": "N/A",
        "Enterprise cost management": 2071,
        "Total Operating Expenses": 7586,
        "Total revenue financing activities": 40243,
        "Net profit from business activities": 49770,
        "Profit": "N/A",
        "Profit before tax": 49770,
        "Present corporate income tax expenses": 2995,
        "Deferred income taxes expenses": "N/A",
        "The interests of minority shareholders": "N/A",
        "Total Cost of profits": 2995,
        "Profit after tax corporate income": 46775,
        "Volume": 27110788,
        "Close of Quarter": 11.9,
        "EPS": 2352.1,
        "Non-adjusted EPS": 2840,
        "PE": 4.2,
        "Book Price": 12.3
      }
    },
    {
      "quarter": "Q3 2015",
      "income status": {
        "Net sales": 17061,
        "Cost of goods sold": 14086,
        "Gross Profit": 2975,
        "Financial expenses": 1493,
        "Of which: Interest expense": 38,
        "Cost of sales": "N/A",
        "Enterprise cost management": 1257,
        "Total Operating Expenses": 2750,
        "Total revenue financing activities": 1280,
        "Net profit from business activities": 13396,
        "Profit": -127,
        "Profit before tax": 13269,
        "Present corporate income tax expenses": 455,
        "Deferred income taxes expenses": "N/A",
        "The interests of minority shareholders": "N/A",
        "Total Cost of profits": 455,
        "Profit after tax corporate income": 12815,
        "Volume": 27110788,
        "Close of Quarter": 12.9,
        "EPS": 1234,
        "Non-adjusted EPS": 1490,
        "PE": 8.6,
        "Book Price": 10.9
      }
    },
    {
      "quarter": "Q2 2015",
      "income status": {
        "Net sales": 25992,
        "Cost of goods sold": 25210,
        "Gross Profit": 782,
        "Financial expenses": 4613,
        "Of which: Interest expense": 403,
        "Cost of sales": "N/A",
        "Enterprise cost management": 3132,
        "Total Operating Expenses": 7745,
        "Total revenue financing activities": -312,
        "Net profit from business activities": 3218,
        "Profit": 4496,
        "Profit before tax": 7714,
        "Present corporate income tax expenses": 886,
        "Deferred income taxes expenses": "N/A",
        "The interests of minority shareholders": "N/A",
        "Total Cost of profits": 886,
        "Profit after tax corporate income": 6828,
        "Volume": 27110788,
        "Close of Quarter": 11.3,
        "EPS": 2109.4,
        "Non-adjusted EPS": 2547,
        "PE": 4.4,
        "Book Price": 10.5
      }
    },
    {
      "quarter": "Q1 2015",
      "income status": {
        "Net sales": 7394,
        "Cost of goods sold": 6381,
        "Gross Profit": 1012,
        "Financial expenses": 2109,
        "Of which: Interest expense": 554,
        "Cost of sales": "N/A",
        "Enterprise cost management": 456,
        "Total Operating Expenses": 2565,
        "Total revenue financing activities": 3236,
        "Net profit from business activities": 10795,
        "Profit": -97,
        "Profit before tax": 10698,
        "Present corporate income tax expenses": 122,
        "Deferred income taxes expenses": "N/A",
        "The interests of minority shareholders": "N/A",
        "Total Cost of profits": 122,
        "Profit after tax corporate income": 10576,
        "Volume": 13555394,
        "Close of Quarter": 10.5,
        "EPS": 2128.0,
        "Non-adjusted EPS": 5139,
        "PE": 2.0,
        "Book Price": 10.6
      }
    },
    {
      "quarter": "Q4 2014",
      "income status": {
        "Net sales": 9440,
        "Cost of goods sold": 9052,
        "Gross Profit": 388,
        "Financial expenses": 485,
        "Of which: Interest expense": 484,
        "Cost of sales": "N/A",
        "Enterprise cost management": 8691,
        "Total Operating Expenses": 9176,
        "Total revenue financing activities": 13063,
        "Net profit from business activities": 10202,
        "Profit": -4,
        "Profit before tax": 10198,
        "Present corporate income tax expenses": 21,
        "Deferred income taxes expenses": "N/A",
        "The interests of minority shareholders": "N/A",
        "Total Cost of profits": 21,
        "Profit after tax corporate income": 10177,
        "Volume": 13555394,
        "Close of Quarter": 10.5,
        "EPS": 2170.7,
        "Non-adjusted EPS": 5242,
        "PE": 2.0,
        "Book Price": 6.1
      }
    },
    {
      "quarter": "Q3 2014",
      "income status": {
        "Net sales": 19377,
        "Cost of goods sold": 14974,
        "Gross Profit": 4403,
        "Financial expenses": 464,
        "Of which: Interest expense": 431,
        "Cost of sales": 239,
        "Enterprise cost management": 7054,
        "Total Operating Expenses": 7757,
        "Total revenue financing activities": 2528,
        "Net profit from business activities": 6151,
        "Profit": 34873,
        "Profit before tax": 41024,
        "Present corporate income tax expenses": 21,
        "Deferred income taxes expenses": "N/A",
        "The interests of minority shareholders": -467,
        "Total Cost of profits": -446,
        "Profit after tax corporate income": 41470,
        "Volume": 13555394,
        "Close of Quarter": 11.6,
        "EPS": 2007.9,
        "Non-adjusted EPS": 4849,
        "PE": 2.4,
        "Book Price": 6.1
      }
    },
    {
      "quarter": "Q2 2014",
      "income status": {
        "Net sales": 22988,
        "Cost of goods sold": 15860,
        "Gross Profit": 7129,
        "Financial expenses": 638,
        "Of which: Interest expense": 453,
        "Cost of sales": 180,
        "Enterprise cost management": 5371,
        "Total Operating Expenses": 6189,
        "Total revenue financing activities": 2628,
        "Net profit from business activities": 9636,
        "Profit": -49,
        "Profit before tax": 9586,
        "Present corporate income tax expenses": 849,
        "Deferred income taxes expenses": "N/A",
        "The interests of minority shareholders": 1304,
        "Total Cost of profits": 2153,
        "Profit after tax corporate income": 7433,
        "Volume": 13555394,
        "Close of Quarter": 7.6,
        "EPS": 839.8,
        "Non-adjusted EPS": 2028,
        "PE": 3.8,
        "Book Price": 4.8
      }
    },
    {
      "quarter": "Q1 2014",
      "income status": {
        "Net sales": 17907,
        "Cost of goods sold": 12629,
        "Gross Profit": 5278,
        "Financial expenses": 666,
        "Of which: Interest expense": 576,
        "Cost of sales": 130,
        "Enterprise cost management": 4866,
        "Total Operating Expenses": 5662,
        "Total revenue financing activities": 7080,
        "Net profit from business activities": 8113,
        "Profit": 5240,
        "Profit before tax": 13353,
        "Present corporate income tax expenses": 454,
        "Deferred income taxes expenses": "N/A",
        "The interests of minority shareholders": 915,
        "Total Cost of profits": 1369,
        "Profit after tax corporate income": 11984,
        "Volume": 13555394,
        "Close of Quarter": 8.0,
        "EPS": 742.9,
        "Non-adjusted EPS": 1794,
        "PE": 4.5,
        "Book Price": 4.1
      }
    },
    {
      "quarter": "Q4 2013",
      "income status": {
        "Net sales": 17831,
        "Cost of goods sold": 13194,
        "Gross Profit": 4637,
        "Financial expenses": 1719,
        "Of which: Interest expense": 871,
        "Cost of sales": 510,
        "Enterprise cost management": 5189,
        "Total Operating Expenses": 7418,
        "Total revenue financing activities": 627,
        "Net profit from business activities": -2153,
        "Profit": 463,
        "Profit before tax": 7114,
        "Present corporate income tax expenses": 284,
        "Deferred income taxes expenses": "N/A",
        "The interests of minority shareholders": 1992,
        "Total Cost of profits": 2276,
        "Profit after tax corporate income": 4838,
        "Volume": 13555394,
        "Close of Quarter": 2.6,
        "EPS": 477.9,
        "Non-adjusted EPS": 1154,
        "PE": 2.3,
        "Book Price": 3.4
      }
    },
    {
      "quarter": "Q3 2013",
      "income status": {
        "Net sales": 14202,
        "Cost of goods sold": 10167,
        "Gross Profit": 4035,
        "Financial expenses": 943,
        "Of which: Interest expense": 829,
        "Cost of sales": 169,
        "Enterprise cost management": 4652,
        "Total Operating Expenses": 5764,
        "Total revenue financing activities": 437,
        "Net profit from business activities": -1292,
        "Profit": -703,
        "Profit before tax": 4034,
        "Present corporate income tax expenses": 315,
        "Deferred income taxes expenses": "N/A",
        "The interests of minority shareholders": 478,
        "Total Cost of profits": 793,
        "Profit after tax corporate income": 3241,
        "Volume": 13555394,
        "Close of Quarter": 2.8,
        "EPS": 241,
        "Non-adjusted EPS": 582,
        "PE": 4.7,
        "Book Price": 3.3
      }
    },
    {
      "quarter": "Q2 2013",
      "income status": {
        "Net sales": 9541,
        "Cost of goods sold": 6273,
        "Gross Profit": 3268,
        "Financial expenses": 863,
        "Of which: Interest expense": 486,
        "Cost of sales": 105,
        "Enterprise cost management": 4337,
        "Total Operating Expenses": 5305,
        "Total revenue financing activities": 511,
        "Net profit from business activities": -1526,
        "Profit": 1074,
        "Profit before tax": 4988,
        "Present corporate income tax expenses": 73,
        "Deferred income taxes expenses": "N/A",
        "The interests of minority shareholders": 658,
        "Total Cost of profits": 731,
        "Profit after tax corporate income": 4257,
        "Volume": 13555394,
        "Close of Quarter": 1.9,
        "EPS": 228.6,
        "Non-adjusted EPS": 552,
        "PE": 3.5,
        "Book Price": 3.2
      }
    },
    {
      "quarter": "Q1 2013",
      "income status": {
        "Net sales": 22259,
        "Cost of goods sold": 19537,
        "Gross Profit": 2722,
        "Financial expenses": 1216,
        "Of which: Interest expense": 1177,
        "Cost of sales": 123,
        "Enterprise cost management": 3309,
        "Total Operating Expenses": 4648,
        "Total revenue financing activities": 311,
        "Net profit from business activities": -1616,
        "Profit": 367,
        "Profit before tax": 3608,
        "Present corporate income tax expenses": 118,
        "Deferred income taxes expenses": "N/A",
        "The interests of minority shareholders": 186,
        "Total Cost of profits": 304,
        "Profit after tax corporate income": 3304,
        "Volume": 13555394,
        "Close of Quarter": 1.6,
        "EPS": 171.9,
        "Non-adjusted EPS": 415,
        "PE": 4.0,
        "Book Price": 3.1
      }
    },
    {
      "quarter": "Q4 2012",
      "income status": {
        "Net sales": 53404,
        "Cost of goods sold": 50869,
        "Gross Profit": 2535,
        "Financial expenses": 3085,
        "Of which: Interest expense": 1040,
        "Cost of sales": 126,
        "Enterprise cost management": 6793,
        "Total Operating Expenses": 10004,
        "Total revenue financing activities": 1078,
        "Net profit from business activities": -6390,
        "Profit": 1150,
        "Profit before tax": -2636,
        "Present corporate income tax expenses": 23,
        "Deferred income taxes expenses": "N/A",
        "The interests of minority shareholders": 257,
        "Total Cost of profits": 280,
        "Profit after tax corporate income": -2916,
        "Volume": 13555394,
        "Close of Quarter": 1.8,
        "EPS": 95.2,
        "Non-adjusted EPS": 230,
        "PE": 8,
        "Book Price": 2.9
      }
    },
    {
      "quarter": "Q3 2012",
      "income status": {
        "Net sales": 21421,
        "Cost of goods sold": 17646,
        "Gross Profit": 3775,
        "Financial expenses": 1277,
        "Of which: Interest expense": 1241,
        "Cost of sales": 345,
        "Enterprise cost management": 4023,
        "Total Operating Expenses": 5645,
        "Total revenue financing activities": 378,
        "Net profit from business activities": -1493,
        "Profit": -1394,
        "Profit before tax": 3248,
        "Present corporate income tax expenses": 148,
        "Deferred income taxes expenses": "N/A",
        "The interests of minority shareholders": 264,
        "Total Cost of profits": 412,
        "Profit after tax corporate income": 2836,
        "Volume": 13555394,
        "Close of Quarter": 1.8,
        "EPS": 103.9,
        "Non-adjusted EPS": 251,
        "PE": 7.3,
        "Book Price": 3.1
      }
    },
    {
      "quarter": "Q2 2012",
      "income status": {
        "Net sales": 22978,
        "Cost of goods sold": 18629,
        "Gross Profit": 4349,
        "Financial expenses": 2359,
        "Of which: Interest expense": 1385,
        "Cost of sales": 346,
        "Enterprise cost management": 4034,
        "Total Operating Expenses": 6739,
        "Total revenue financing activities": 882,
        "Net profit from business activities": -1509,
        "Profit": 945,
        "Profit before tax": 2789,
        "Present corporate income tax expenses": 101,
        "Deferred income taxes expenses": "N/A",
        "The interests of minority shareholders": 283,
        "Total Cost of profits": 384,
        "Profit after tax corporate income": 2405,
        "Volume": 13555394,
        "Close of Quarter": 1.6,
        "EPS": 34.8,
        "Non-adjusted EPS": 84,
        "PE": 19.5,
        "Book Price": 3.0
      }
    },
    {
      "quarter": "Q1 2012",
      "income status": {
        "Net sales": 22089,
        "Cost of goods sold": 18920,
        "Gross Profit": 3169,
        "Financial expenses": 1583,
        "Of which: Interest expense": 1514,
        "Cost of sales": 321,
        "Enterprise cost management": 4552,
        "Total Operating Expenses": 6456,
        "Total revenue financing activities": 409,
        "Net profit from business activities": -2877,
        "Profit": -1047,
        "Profit before tax": 1126,
        "Present corporate income tax expenses": 158,
        "Deferred income taxes expenses": "N/A",
        "The interests of minority shareholders": 176,
        "Total Cost of profits": 334,
        "Profit after tax corporate income": 791,
        "Volume": 13555394,
        "Close of Quarter": 1.8,
        "EPS": -19.1,
        "Non-adjusted EPS": -46,
        "PE": -40,
        "Book Price": 3.0
      }
    },
    {
      "quarter": "Q4 2011",
      "income status": {
        "Net sales": 29416,
        "Cost of goods sold": 24934,
        "Gross Profit": 4482,
        "Financial expenses": 9877,
        "Of which: Interest expense": 1650,
        "Cost of sales": 451,
        "Enterprise cost management": 2961,
        "Total Operating Expenses": 13289,
        "Total revenue financing activities": 1789,
        "Net profit from business activities": -7018,
        "Profit": 2496,
        "Profit before tax": -2861,
        "Present corporate income tax expenses": -232,
        "Deferred income taxes expenses": "N/A",
        "The interests of minority shareholders": -6,
        "Total Cost of profits": -238,
        "Profit after tax corporate income": -2623,
        "Volume": 13555394,
        "Close of Quarter": 1.5,
        "EPS": -13.3,
        "Non-adjusted EPS": -32,
        "PE": -47.2,
        "Book Price": 3.0
      }
    },
    {
      "quarter": "Q3 2011",
      "income status": {
        "Net sales": 32749,
        "Cost of goods sold": 27345,
        "Gross Profit": 5404,
        "Financial expenses": 2674,
        "Of which: Interest expense": 1765,
        "Cost of sales": 353,
        "Enterprise cost management": 5149,
        "Total Operating Expenses": 8176,
        "Total revenue financing activities": 985,
        "Net profit from business activities": -1787,
        "Profit": -58,
        "Profit before tax": 808,
        "Present corporate income tax expenses": 178,
        "Deferred income taxes expenses": "N/A",
        "The interests of minority shareholders": 67,
        "Total Cost of profits": 245,
        "Profit after tax corporate income": 563,
        "Volume": 13555394,
        "Close of Quarter": 2.0,
        "EPS": 645.2,
        "Non-adjusted EPS": 1558,
        "PE": 1.3,
        "Book Price": 3.0
      }
    },
    {
      "quarter": "Q2 2011",
      "income status": {
        "Net sales": 34359,
        "Cost of goods sold": 27313,
        "Gross Profit": 7046,
        "Financial expenses": 2518,
        "Of which: Interest expense": 2054,
        "Cost of sales": 418,
        "Enterprise cost management": 5950,
        "Total Operating Expenses": 8886,
        "Total revenue financing activities": 746,
        "Net profit from business activities": 1094,
        "Profit": 542,
        "Profit before tax": 1576,
        "Present corporate income tax expenses": 206,
        "Deferred income taxes expenses": "N/A",
        "The interests of minority shareholders": 365,
        "Total Cost of profits": 571,
        "Profit after tax corporate income": 640,
        "Volume": 13555394,
        "Close of Quarter": 2.4,
        "EPS": 664.2,
        "Non-adjusted EPS": 1604,
        "PE": 1.5,
        "Book Price": 3.0
      }
    },
    {
      "quarter": "Q1 2011",
      "income status": {
        "Net sales": 29767,
        "Cost of goods sold": 24104,
        "Gross Profit": 5663,
        "Financial expenses": 2700,
        "Of which: Interest expense": 1711,
        "Cost of sales": 338,
        "Enterprise cost management": 5810,
        "Total Operating Expenses": 8848,
        "Total revenue financing activities": 5180,
        "Net profit from business activities": 1995,
        "Profit": 155,
        "Profit before tax": 1552,
        "Present corporate income tax expenses": 1,
        "Deferred income taxes expenses": "N/A",
        "The interests of minority shareholders": 569,
        "Total Cost of profits": 570,
        "Profit after tax corporate income": 982,
        "Volume": 13555394,
        "Close of Quarter": 3.9,
        "EPS": 300.6,
        "Non-adjusted EPS": 726,
        "PE": 5.3,
        "Book Price": 3.0
      }
    }
  ]
}