{
  "ticker": "VC7",
  "data": [
    {
      "quarter": "Q4 2016",
      "income status": {
        "Net sales": 67523,
        "Cost of goods sold": 23778,
        "Gross Profit": 43745,
        "Financial expenses": 528,
        "Of which: Interest expense": 528,
        "Cost of sales": 400,
        "Enterprise cost management": 34242,
        "Total Operating Expenses": 35170,
        "Total revenue financing activities": 4097,
        "Net profit from business activities": 12672,
        "Profit": 1507,
        "Profit before tax": 14178,
        "Present corporate income tax expenses": 8976,
        "Deferred income taxes expenses": "N/A",
        "The interests of minority shareholders": "N/A",
        "Total Cost of profits": 8976,
        "Profit after tax corporate income": 5203,
        "Volume": 10999984,
        "Close of Quarter": 14.9,
        "EPS": 1505,
        "Non-adjusted EPS": 1505,
        "PE": 9.9,
        "Book Price": 12.3
      }
    },
    {
      "quarter": "Q3 2016",
      "income status": {
        "Net sales": 74767,
        "Cost of goods sold": 65996,
        "Gross Profit": 8771,
        "Financial expenses": 267,
        "Of which: Interest expense": 567,
        "Cost of sales": 287,
        "Enterprise cost management": 3386,
        "Total Operating Expenses": 3940,
        "Total revenue financing activities": 2750,
        "Net profit from business activities": 7581,
        "Profit": 1511,
        "Profit before tax": 9092,
        "Present corporate income tax expenses": 1796,
        "Deferred income taxes expenses": "N/A",
        "The interests of minority shareholders": "N/A",
        "Total Cost of profits": 1796,
        "Profit after tax corporate income": 7295,
        "Volume": 8000000,
        "Close of Quarter": 18.4,
        "EPS": 1312,
        "Non-adjusted EPS": 1804,
        "PE": 10.2,
        "Book Price": 11.9
      }
    },
    {
      "quarter": "Q2 2016",
      "income status": {
        "Net sales": 90855,
        "Cost of goods sold": 85588,
        "Gross Profit": 5267,
        "Financial expenses": 1604,
        "Of which: Interest expense": 1304,
        "Cost of sales": 449,
        "Enterprise cost management": 3178,
        "Total Operating Expenses": 5231,
        "Total revenue financing activities": 4222,
        "Net profit from business activities": 4258,
        "Profit": 342,
        "Profit before tax": 4600,
        "Present corporate income tax expenses": 3644,
        "Deferred income taxes expenses": "N/A",
        "The interests of minority shareholders": "N/A",
        "Total Cost of profits": 3644,
        "Profit after tax corporate income": 956,
        "Volume": 7500000,
        "Close of Quarter": 14.5,
        "EPS": 817.5,
        "Non-adjusted EPS": 1199,
        "PE": 12.1,
        "Book Price": 10.2
      }
    },
    {
      "quarter": "Q1 2016",
      "income status": {
        "Net sales": 58077,
        "Cost of goods sold": 53854,
        "Gross Profit": 4223,
        "Financial expenses": 545,
        "Of which: Interest expense": 545,
        "Cost of sales": 101,
        "Enterprise cost management": 2765,
        "Total Operating Expenses": 3411,
        "Total revenue financing activities": 2518,
        "Net profit from business activities": 3330,
        "Profit": 454,
        "Profit before tax": 3784,
        "Present corporate income tax expenses": 688,
        "Deferred income taxes expenses": "N/A",
        "The interests of minority shareholders": "N/A",
        "Total Cost of profits": 688,
        "Profit after tax corporate income": 3096,
        "Volume": 7500000,
        "Close of Quarter": 10.1,
        "EPS": 784.8,
        "Non-adjusted EPS": 1151,
        "PE": 8.8,
        "Book Price": 10.2
      }
    },
    {
      "quarter": "Q4 2015",
      "income status": {
        "Net sales": 154338,
        "Cost of goods sold": 128535,
        "Gross Profit": 25803,
        "Financial expenses": 372,
        "Of which: Interest expense": 597,
        "Cost of sales": 41,
        "Enterprise cost management": 3263,
        "Total Operating Expenses": 3676,
        "Total revenue financing activities": 4246,
        "Net profit from business activities": 26372,
        "Profit": -8740,
        "Profit before tax": 17632,
        "Present corporate income tax expenses": 14546,
        "Deferred income taxes expenses": "N/A",
        "The interests of minority shareholders": "N/A",
        "Total Cost of profits": 14546,
        "Profit after tax corporate income": 3087,
        "Volume": 7500000,
        "Close of Quarter": 9.2,
        "EPS": 650.5,
        "Non-adjusted EPS": 954,
        "PE": 9.6,
        "Book Price": 10.5
      }
    },
    {
      "quarter": "Q3 2015",
      "income status": {
        "Net sales": 95207,
        "Cost of goods sold": 91795,
        "Gross Profit": 3412,
        "Financial expenses": 586,
        "Of which: Interest expense": 586,
        "Cost of sales": 246,
        "Enterprise cost management": 2383,
        "Total Operating Expenses": 3215,
        "Total revenue financing activities": 2595,
        "Net profit from business activities": 2792,
        "Profit": -174,
        "Profit before tax": 2618,
        "Present corporate income tax expenses": 767,
        "Deferred income taxes expenses": "N/A",
        "The interests of minority shareholders": "N/A",
        "Total Cost of profits": 767,
        "Profit after tax corporate income": 1851,
        "Volume": 7500000,
        "Close of Quarter": 8.3,
        "EPS": 391.4,
        "Non-adjusted EPS": 574,
        "PE": 14.4,
        "Book Price": 10.2
      }
    },
    {
      "quarter": "Q2 2015",
      "income status": {
        "Net sales": 77748,
        "Cost of goods sold": 73119,
        "Gross Profit": 4629,
        "Financial expenses": 602,
        "Of which: Interest expense": 602,
        "Cost of sales": 157,
        "Enterprise cost management": 2801,
        "Total Operating Expenses": 3560,
        "Total revenue financing activities": 2374,
        "Net profit from business activities": 3442,
        "Profit": -1851,
        "Profit before tax": 1591,
        "Present corporate income tax expenses": 989,
        "Deferred income taxes expenses": "N/A",
        "The interests of minority shareholders": "N/A",
        "Total Cost of profits": 989,
        "Profit after tax corporate income": 602,
        "Volume": 7500000,
        "Close of Quarter": 6.0,
        "EPS": 293.9,
        "Non-adjusted EPS": 431,
        "PE": 13.9,
        "Book Price": 10.1
      }
    },
    {
      "quarter": "Q1 2015",
      "income status": {
        "Net sales": 50249,
        "Cost of goods sold": 45823,
        "Gross Profit": 4426,
        "Financial expenses": 999,
        "Of which: Interest expense": 774,
        "Cost of sales": 162,
        "Enterprise cost management": 2473,
        "Total Operating Expenses": 3634,
        "Total revenue financing activities": 1471,
        "Net profit from business activities": 2262,
        "Profit": -304,
        "Profit before tax": 1957,
        "Present corporate income tax expenses": 345,
        "Deferred income taxes expenses": "N/A",
        "The interests of minority shareholders": "N/A",
        "Total Cost of profits": 345,
        "Profit after tax corporate income": 1612,
        "Volume": 7500000,
        "Close of Quarter": 4.9,
        "EPS": 400.2,
        "Non-adjusted EPS": 587,
        "PE": 8.4,
        "Book Price": 10.0
      }
    },
    {
      "quarter": "Q4 2014",
      "income status": {
        "Net sales": 155092,
        "Cost of goods sold": 146716,
        "Gross Profit": 8376,
        "Financial expenses": 646,
        "Of which: Interest expense": 476,
        "Cost of sales": -119,
        "Enterprise cost management": 2898,
        "Total Operating Expenses": 3425,
        "Total revenue financing activities": 614,
        "Net profit from business activities": 5566,
        "Profit": -3660,
        "Profit before tax": 1905,
        "Present corporate income tax expenses": 1662,
        "Deferred income taxes expenses": "N/A",
        "The interests of minority shareholders": "N/A",
        "Total Cost of profits": 1662,
        "Profit after tax corporate income": 243,
        "Volume": 7500000,
        "Close of Quarter": 5.3,
        "EPS": 437.1,
        "Non-adjusted EPS": 641,
        "PE": 8.3,
        "Book Price": 10.4
      }
    },
    {
      "quarter": "Q3 2014",
      "income status": {
        "Net sales": 94815,
        "Cost of goods sold": 88137,
        "Gross Profit": 6679,
        "Financial expenses": 186,
        "Of which: Interest expense": 186,
        "Cost of sales": 394,
        "Enterprise cost management": 2442,
        "Total Operating Expenses": 3022,
        "Total revenue financing activities": 106,
        "Net profit from business activities": 3763,
        "Profit": -2221,
        "Profit before tax": 1543,
        "Present corporate income tax expenses": 764,
        "Deferred income taxes expenses": "N/A",
        "The interests of minority shareholders": "N/A",
        "Total Cost of profits": 764,
        "Profit after tax corporate income": 779,
        "Volume": 7500000,
        "Close of Quarter": 4.4,
        "EPS": 1092.3,
        "Non-adjusted EPS": 1602,
        "PE": 2.8,
        "Book Price": 10.3
      }
    },
    {
      "quarter": "Q2 2014",
      "income status": {
        "Net sales": 131495,
        "Cost of goods sold": 122998,
        "Gross Profit": 8497,
        "Financial expenses": 708,
        "Of which: Interest expense": 510,
        "Cost of sales": 450,
        "Enterprise cost management": 2342,
        "Total Operating Expenses": 3500,
        "Total revenue financing activities": 60,
        "Net profit from business activities": 5056,
        "Profit": -2291,
        "Profit before tax": 2765,
        "Present corporate income tax expenses": 998,
        "Deferred income taxes expenses": "N/A",
        "The interests of minority shareholders": "N/A",
        "Total Cost of profits": 998,
        "Profit after tax corporate income": 1767,
        "Volume": 7500000,
        "Close of Quarter": 4.2,
        "EPS": 1038.4,
        "Non-adjusted EPS": 1523,
        "PE": 2.8,
        "Book Price": 10.2
      }
    },
    {
      "quarter": "Q1 2014",
      "income status": {
        "Net sales": 47844,
        "Cost of goods sold": 42621,
        "Gross Profit": 5223,
        "Financial expenses": 684,
        "Of which: Interest expense": 684,
        "Cost of sales": 100,
        "Enterprise cost management": 2245,
        "Total Operating Expenses": 3029,
        "Total revenue financing activities": 5,
        "Net profit from business activities": 2198,
        "Profit": 244,
        "Profit before tax": 2442,
        "Present corporate income tax expenses": 424,
        "Deferred income taxes expenses": "N/A",
        "The interests of minority shareholders": "N/A",
        "Total Cost of profits": 424,
        "Profit after tax corporate income": 2018,
        "Volume": 7500000,
        "Close of Quarter": 5.4,
        "EPS": 539.3,
        "Non-adjusted EPS": 791,
        "PE": 6.8,
        "Book Price": 10.1
      }
    },
    {
      "quarter": "Q4 2013",
      "income status": {
        "Net sales": 92341,
        "Cost of goods sold": 84926,
        "Gross Profit": 7415,
        "Financial expenses": 1237,
        "Of which: Interest expense": 1237,
        "Cost of sales": 248,
        "Enterprise cost management": 2698,
        "Total Operating Expenses": 4183,
        "Total revenue financing activities": 3,
        "Net profit from business activities": 3235,
        "Profit": 5813,
        "Profit before tax": 9048,
        "Present corporate income tax expenses": 1596,
        "Deferred income taxes expenses": "N/A",
        "The interests of minority shareholders": "N/A",
        "Total Cost of profits": 1596,
        "Profit after tax corporate income": 7452,
        "Volume": 7500000,
        "Close of Quarter": 3.3,
        "EPS": 375.7,
        "Non-adjusted EPS": 551,
        "PE": 5.9,
        "Book Price": 9.9
      }
    },
    {
      "quarter": "Q3 2013",
      "income status": {
        "Net sales": 56013,
        "Cost of goods sold": 53101,
        "Gross Profit": 2912,
        "Financial expenses": 1869,
        "Of which: Interest expense": 1869,
        "Cost of sales": 47,
        "Enterprise cost management": 2548,
        "Total Operating Expenses": 4464,
        "Total revenue financing activities": 5,
        "Net profit from business activities": -1546,
        "Profit": 1735,
        "Profit before tax": 189,
        "Present corporate income tax expenses": "N/A",
        "Deferred income taxes expenses": "N/A",
        "The interests of minority shareholders": "N/A",
        "Total Cost of profits": 0,
        "Profit after tax corporate income": 189,
        "Volume": 7500000,
        "Close of Quarter": 1.9,
        "EPS": -51.1,
        "Non-adjusted EPS": -75,
        "PE": -25.9,
        "Book Price": 9.2
      }
    },
    {
      "quarter": "Q2 2013",
      "income status": {
        "Net sales": 16163,
        "Cost of goods sold": 17266,
        "Gross Profit": -1103,
        "Financial expenses": 1384,
        "Of which: Interest expense": 1384,
        "Cost of sales": 204,
        "Enterprise cost management": 2536,
        "Total Operating Expenses": 4124,
        "Total revenue financing activities": 349,
        "Net profit from business activities": -4879,
        "Profit": 928,
        "Profit before tax": -3950,
        "Present corporate income tax expenses": -226,
        "Deferred income taxes expenses": "N/A",
        "The interests of minority shareholders": "N/A",
        "Total Cost of profits": -226,
        "Profit after tax corporate income": -3725,
        "Volume": 7500000,
        "Close of Quarter": 2.4,
        "EPS": 60.7,
        "Non-adjusted EPS": 89,
        "PE": 26.7,
        "Book Price": 9.2
      }
    },
    {
      "quarter": "Q1 2013",
      "income status": {
        "Net sales": 62265,
        "Cost of goods sold": 57198,
        "Gross Profit": 5068,
        "Financial expenses": 1763,
        "Of which: Interest expense": 1763,
        "Cost of sales": 187,
        "Enterprise cost management": 2421,
        "Total Operating Expenses": 4371,
        "Total revenue financing activities": 21,
        "Net profit from business activities": 718,
        "Profit": -274,
        "Profit before tax": 444,
        "Present corporate income tax expenses": 226,
        "Deferred income taxes expenses": "N/A",
        "The interests of minority shareholders": "N/A",
        "Total Cost of profits": 226,
        "Profit after tax corporate income": 219,
        "Volume": 7500000,
        "Close of Quarter": 2.9,
        "EPS": 416.6,
        "Non-adjusted EPS": 611,
        "PE": 4.7,
        "Book Price": 9.6
      }
    },
    {
      "quarter": "Q4 2012",
      "income status": {
        "Net sales": 121560,
        "Cost of goods sold": 97096,
        "Gross Profit": 24464,
        "Financial expenses": 8591,
        "Of which: Interest expense": 4265,
        "Cost of sales": 296,
        "Enterprise cost management": 3042,
        "Total Operating Expenses": 11929,
        "Total revenue financing activities": 51,
        "Net profit from business activities": 12586,
        "Profit": -3621,
        "Profit before tax": 8965,
        "Present corporate income tax expenses": 6214,
        "Deferred income taxes expenses": "N/A",
        "The interests of minority shareholders": "N/A",
        "Total Cost of profits": 6214,
        "Profit after tax corporate income": 2751,
        "Volume": 7500000,
        "Close of Quarter": 2.8,
        "EPS": 445.2,
        "Non-adjusted EPS": 653,
        "PE": 4.2,
        "Book Price": 9.6
      }
    },
    {
      "quarter": "Q3 2012",
      "income status": {
        "Net sales": 41218,
        "Cost of goods sold": 35042,
        "Gross Profit": 6176,
        "Financial expenses": 333,
        "Of which: Interest expense": 333,
        "Cost of sales": 296,
        "Enterprise cost management": 3681,
        "Total Operating Expenses": 4310,
        "Total revenue financing activities": 10,
        "Net profit from business activities": 1876,
        "Profit": 35,
        "Profit before tax": 1911,
        "Present corporate income tax expenses": 485,
        "Deferred income taxes expenses": "N/A",
        "The interests of minority shareholders": "N/A",
        "Total Cost of profits": 485,
        "Profit after tax corporate income": 1425,
        "Volume": 7500000,
        "Close of Quarter": 2.8,
        "EPS": 173.2,
        "Non-adjusted EPS": 254,
        "PE": 11.1,
        "Book Price": 10.2
      }
    },
    {
      "quarter": "Q2 2012",
      "income status": {
        "Net sales": 60219,
        "Cost of goods sold": 48149,
        "Gross Profit": 12071,
        "Financial expenses": 7847,
        "Of which: Interest expense": 7847,
        "Cost of sales": 88,
        "Enterprise cost management": 4082,
        "Total Operating Expenses": 12017,
        "Total revenue financing activities": 57,
        "Net profit from business activities": 111,
        "Profit": 126,
        "Profit before tax": 237,
        "Present corporate income tax expenses": 52,
        "Deferred income taxes expenses": "N/A",
        "The interests of minority shareholders": "N/A",
        "Total Cost of profits": 52,
        "Profit after tax corporate income": 185,
        "Volume": 7500000,
        "Close of Quarter": 5.1,
        "EPS": 461.6,
        "Non-adjusted EPS": 677,
        "PE": 7.6,
        "Book Price": 10.1
      }
    },
    {
      "quarter": "Q1 2012",
      "income status": {
        "Net sales": 55701,
        "Cost of goods sold": 48272,
        "Gross Profit": 7429,
        "Financial expenses": 4783,
        "Of which: Interest expense": 4783,
        "Cost of sales": 127,
        "Enterprise cost management": 2612,
        "Total Operating Expenses": 7522,
        "Total revenue financing activities": 595,
        "Net profit from business activities": 503,
        "Profit": 48,
        "Profit before tax": 551,
        "Present corporate income tax expenses": 13,
        "Deferred income taxes expenses": "N/A",
        "The interests of minority shareholders": "N/A",
        "Total Cost of profits": 13,
        "Profit after tax corporate income": 537,
        "Volume": 7750000,
        "Close of Quarter": 5.6,
        "EPS": 517.1,
        "Non-adjusted EPS": 734,
        "PE": 7.6,
        "Book Price": 10.8
      }
    },
    {
      "quarter": "Q4 2011",
      "income status": {
        "Net sales": 84629,
        "Cost of goods sold": 82539,
        "Gross Profit": 2090,
        "Financial expenses": -2588,
        "Of which: Interest expense": -2543,
        "Cost of sales": 120,
        "Enterprise cost management": 4845,
        "Total Operating Expenses": 2377,
        "Total revenue financing activities": 218,
        "Net profit from business activities": -69,
        "Profit": -167,
        "Profit before tax": 12793,
        "Present corporate income tax expenses": 6,
        "Deferred income taxes expenses": "N/A",
        "The interests of minority shareholders": "N/A",
        "Total Cost of profits": 6,
        "Profit after tax corporate income": -243,
        "Volume": 7750000,
        "Close of Quarter": 3.4,
        "EPS": 877.2,
        "Non-adjusted EPS": 1245,
        "PE": 2.7,
        "Book Price": 11.0
      }
    },
    {
      "quarter": "Q3 2011",
      "income status": {
        "Net sales": 60906,
        "Cost of goods sold": 49395,
        "Gross Profit": 11510,
        "Financial expenses": 4249,
        "Of which: Interest expense": 4249,
        "Cost of sales": 134,
        "Enterprise cost management": 3180,
        "Total Operating Expenses": 7563,
        "Total revenue financing activities": 1567,
        "Net profit from business activities": 5513,
        "Profit": 440,
        "Profit before tax": 5953,
        "Present corporate income tax expenses": 1359,
        "Deferred income taxes expenses": "N/A",
        "The interests of minority shareholders": "N/A",
        "Total Cost of profits": 1359,
        "Profit after tax corporate income": 4595,
        "Volume": 7750000,
        "Close of Quarter": 5.6,
        "EPS": 1438.7,
        "Non-adjusted EPS": 2042,
        "PE": 2.8,
        "Book Price": 11.1
      }
    },
    {
      "quarter": "Q2 2011",
      "income status": {
        "Net sales": 15993,
        "Cost of goods sold": 10261,
        "Gross Profit": 5732,
        "Financial expenses": 2472,
        "Of which: Interest expense": 2461,
        "Cost of sales": 120,
        "Enterprise cost management": 3867,
        "Total Operating Expenses": 6459,
        "Total revenue financing activities": 806,
        "Net profit from business activities": 78,
        "Profit": 1012,
        "Profit before tax": 1090,
        "Present corporate income tax expenses": 291,
        "Deferred income taxes expenses": "N/A",
        "The interests of minority shareholders": "N/A",
        "Total Cost of profits": 291,
        "Profit after tax corporate income": 799,
        "Volume": 7800000,
        "Close of Quarter": 6.3,
        "EPS": 1400.5,
        "Non-adjusted EPS": 1975,
        "PE": 3.2,
        "Book Price": 10.6
      }
    },
    {
      "quarter": "Q1 2011",
      "income status": {
        "Net sales": 90499,
        "Cost of goods sold": 80349,
        "Gross Profit": 10150,
        "Financial expenses": 1738,
        "Of which: Interest expense": 1705,
        "Cost of sales": 92,
        "Enterprise cost management": 3063,
        "Total Operating Expenses": 4893,
        "Total revenue financing activities": 576,
        "Net profit from business activities": 5832,
        "Profit": 155,
        "Profit before tax": 5986,
        "Present corporate income tax expenses": 1489,
        "Deferred income taxes expenses": "N/A",
        "The interests of minority shareholders": "N/A",
        "Total Cost of profits": 1489,
        "Profit after tax corporate income": 4497,
        "Volume": 7850000,
        "Close of Quarter": 9.1,
        "EPS": 1778.4,
        "Non-adjusted EPS": 2492,
        "PE": 3.6,
        "Book Price": 12.1
      }
    }
  ]
}