{
  "ticker": "PPS",
  "data": [
    {
      "quarter": "Q4 2016",
      "income status": {
        "Net sales": 426126,
        "Cost of goods sold": 390185,
        "Gross Profit": 35941,
        "Financial expenses": 173,
        "Of which: Interest expense": 173,
        "Cost of sales": "N/A",
        "Enterprise cost management": 20721,
        "Total Operating Expenses": 20894,
        "Total revenue financing activities": 119,
        "Net profit from business activities": 15166,
        "Profit": -345,
        "Profit before tax": 14821,
        "Present corporate income tax expenses": 2977,
        "Deferred income taxes expenses": "N/A",
        "The interests of minority shareholders": "N/A",
        "Total Cost of profits": 2977,
        "Profit after tax corporate income": 11843,
        "Volume": 15000000,
        "Close of Quarter": 11.5,
        "EPS": 1681,
        "Non-adjusted EPS": 1681,
        "PE": 6.8,
        "Book Price": 12.9
      }
    },
    {
      "quarter": "Q3 2016",
      "income status": {
        "Net sales": 513796,
        "Cost of goods sold": 492015,
        "Gross Profit": 21781,
        "Financial expenses": 569,
        "Of which: Interest expense": 569,
        "Cost of sales": "N/A",
        "Enterprise cost management": 11007,
        "Total Operating Expenses": 11576,
        "Total revenue financing activities": 902,
        "Net profit from business activities": 11108,
        "Profit": 75,
        "Profit before tax": 11183,
        "Present corporate income tax expenses": 2237,
        "Deferred income taxes expenses": "N/A",
        "The interests of minority shareholders": "N/A",
        "Total Cost of profits": 2237,
        "Profit after tax corporate income": 8946,
        "Volume": 15000000,
        "Close of Quarter": 9.9,
        "EPS": 1665,
        "Non-adjusted EPS": 1665,
        "PE": 5.9,
        "Book Price": 12.1
      }
    },
    {
      "quarter": "Q2 2016",
      "income status": {
        "Net sales": 103805,
        "Cost of goods sold": 86325,
        "Gross Profit": 17480,
        "Financial expenses": 162,
        "Of which: Interest expense": 325,
        "Cost of sales": "N/A",
        "Enterprise cost management": 13680,
        "Total Operating Expenses": 13842,
        "Total revenue financing activities": 199,
        "Net profit from business activities": 3837,
        "Profit": -20,
        "Profit before tax": 3817,
        "Present corporate income tax expenses": 796,
        "Deferred income taxes expenses": "N/A",
        "The interests of minority shareholders": "N/A",
        "Total Cost of profits": 796,
        "Profit after tax corporate income": 3021,
        "Volume": 15000000,
        "Close of Quarter": 9.6,
        "EPS": 1532,
        "Non-adjusted EPS": 1532,
        "PE": 6.3,
        "Book Price": 11.5
      }
    },
    {
      "quarter": "Q1 2016",
      "income status": {
        "Net sales": 213664,
        "Cost of goods sold": 203685,
        "Gross Profit": 9979,
        "Financial expenses": 793,
        "Of which: Interest expense": 793,
        "Cost of sales": 2,
        "Enterprise cost management": 7914,
        "Total Operating Expenses": 8709,
        "Total revenue financing activities": 454,
        "Net profit from business activities": 1724,
        "Profit": 53,
        "Profit before tax": 1778,
        "Present corporate income tax expenses": 368,
        "Deferred income taxes expenses": "N/A",
        "The interests of minority shareholders": "N/A",
        "Total Cost of profits": 368,
        "Profit after tax corporate income": 1409,
        "Volume": 15000000,
        "Close of Quarter": 9.3,
        "EPS": 1669,
        "Non-adjusted EPS": 1669,
        "PE": 5.6,
        "Book Price": 12.8
      }
    },
    {
      "quarter": "Q4 2015",
      "income status": {
        "Net sales": 695466,
        "Cost of goods sold": 664014,
        "Gross Profit": 31452,
        "Financial expenses": 1527,
        "Of which: Interest expense": 1514,
        "Cost of sales": 3,
        "Enterprise cost management": 16148,
        "Total Operating Expenses": 17678,
        "Total revenue financing activities": 948,
        "Net profit from business activities": 14721,
        "Profit": 124,
        "Profit before tax": 14845,
        "Present corporate income tax expenses": 3253,
        "Deferred income taxes expenses": "N/A",
        "The interests of minority shareholders": "N/A",
        "Total Cost of profits": 3253,
        "Profit after tax corporate income": 11592,
        "Volume": 15000000,
        "Close of Quarter": 9.5,
        "EPS": 1660,
        "Non-adjusted EPS": 1660,
        "PE": 5.7,
        "Book Price": 12.9
      }
    },
    {
      "quarter": "Q3 2015",
      "income status": {
        "Net sales": 181850,
        "Cost of goods sold": 161712,
        "Gross Profit": 20139,
        "Financial expenses": 1229,
        "Of which: Interest expense": 1213,
        "Cost of sales": 2,
        "Enterprise cost management": 10211,
        "Total Operating Expenses": 11442,
        "Total revenue financing activities": 62,
        "Net profit from business activities": 8759,
        "Profit": 154,
        "Profit before tax": 8913,
        "Present corporate income tax expenses": 1961,
        "Deferred income taxes expenses": "N/A",
        "The interests of minority shareholders": "N/A",
        "Total Cost of profits": 1961,
        "Profit after tax corporate income": 6952,
        "Volume": 15000000,
        "Close of Quarter": 7.6,
        "EPS": 1559,
        "Non-adjusted EPS": 1559,
        "PE": 4.9,
        "Book Price": 11.9
      }
    },
    {
      "quarter": "Q2 2015",
      "income status": {
        "Net sales": 267274,
        "Cost of goods sold": 249390,
        "Gross Profit": 17884,
        "Financial expenses": 85,
        "Of which: Interest expense": 379,
        "Cost of sales": 11,
        "Enterprise cost management": 11440,
        "Total Operating Expenses": 11536,
        "Total revenue financing activities": 62,
        "Net profit from business activities": 6410,
        "Profit": 142,
        "Profit before tax": 6551,
        "Present corporate income tax expenses": 1469,
        "Deferred income taxes expenses": "N/A",
        "The interests of minority shareholders": "N/A",
        "Total Cost of profits": 1469,
        "Profit after tax corporate income": 5082,
        "Volume": 15000000,
        "Close of Quarter": 9.5,
        "EPS": 1416,
        "Non-adjusted EPS": 1416,
        "PE": 6.7,
        "Book Price": 11.4
      }
    },
    {
      "quarter": "Q1 2015",
      "income status": {
        "Net sales": 149541,
        "Cost of goods sold": 140607,
        "Gross Profit": 8934,
        "Financial expenses": "N/A",
        "Of which: Interest expense": "N/A",
        "Cost of sales": "N/A",
        "Enterprise cost management": 7651,
        "Total Operating Expenses": 7651,
        "Total revenue financing activities": 351,
        "Net profit from business activities": 1634,
        "Profit": 7,
        "Profit before tax": 1641,
        "Present corporate income tax expenses": 361,
        "Deferred income taxes expenses": "N/A",
        "The interests of minority shareholders": "N/A",
        "Total Cost of profits": 361,
        "Profit after tax corporate income": 1280,
        "Volume": 15000000,
        "Close of Quarter": 9.2,
        "EPS": 1623,
        "Non-adjusted EPS": 1623,
        "PE": 5.6,
        "Book Price": 12.4
      }
    },
    {
      "quarter": "Q4 2014",
      "income status": {
        "Net sales": 379112,
        "Cost of goods sold": 352313,
        "Gross Profit": 26799,
        "Financial expenses": "N/A",
        "Of which: Interest expense": "N/A",
        "Cost of sales": "N/A",
        "Enterprise cost management": 14701,
        "Total Operating Expenses": 14701,
        "Total revenue financing activities": 789,
        "Net profit from business activities": 12887,
        "Profit": 91,
        "Profit before tax": 12978,
        "Present corporate income tax expenses": 2900,
        "Deferred income taxes expenses": "N/A",
        "The interests of minority shareholders": "N/A",
        "Total Cost of profits": 2900,
        "Profit after tax corporate income": 10078,
        "Volume": 15000000,
        "Close of Quarter": 8.8,
        "EPS": 1630,
        "Non-adjusted EPS": 1630,
        "PE": 5.4,
        "Book Price": 12.5
      }
    },
    {
      "quarter": "Q3 2014",
      "income status": {
        "Net sales": 325782,
        "Cost of goods sold": 312161,
        "Gross Profit": 13622,
        "Financial expenses": "N/A",
        "Of which: Interest expense": "N/A",
        "Cost of sales": 16,
        "Enterprise cost management": 8256,
        "Total Operating Expenses": 8272,
        "Total revenue financing activities": 868,
        "Net profit from business activities": 6217,
        "Profit": -58,
        "Profit before tax": 6159,
        "Present corporate income tax expenses": 1355,
        "Deferred income taxes expenses": "N/A",
        "The interests of minority shareholders": "N/A",
        "Total Cost of profits": 1355,
        "Profit after tax corporate income": 4804,
        "Volume": 15000000,
        "Close of Quarter": 8.4,
        "EPS": 1574,
        "Non-adjusted EPS": 1574,
        "PE": 5.3,
        "Book Price": 11.8
      }
    },
    {
      "quarter": "Q2 2014",
      "income status": {
        "Net sales": 323154,
        "Cost of goods sold": 304268,
        "Gross Profit": 18885,
        "Financial expenses": "N/A",
        "Of which: Interest expense": "N/A",
        "Cost of sales": 62,
        "Enterprise cost management": 9336,
        "Total Operating Expenses": 9398,
        "Total revenue financing activities": 1117,
        "Net profit from business activities": 10603,
        "Profit": -109,
        "Profit before tax": 10495,
        "Present corporate income tax expenses": 2309,
        "Deferred income taxes expenses": "N/A",
        "The interests of minority shareholders": "N/A",
        "Total Cost of profits": 2309,
        "Profit after tax corporate income": 8186,
        "Volume": 15000000,
        "Close of Quarter": 7.8,
        "EPS": 1534,
        "Non-adjusted EPS": 1534,
        "PE": 5.1,
        "Book Price": 11.5
      }
    },
    {
      "quarter": "Q1 2014",
      "income status": {
        "Net sales": 161210,
        "Cost of goods sold": 153073,
        "Gross Profit": 8136,
        "Financial expenses": "N/A",
        "Of which: Interest expense": "N/A",
        "Cost of sales": 3,
        "Enterprise cost management": 7134,
        "Total Operating Expenses": 7137,
        "Total revenue financing activities": 774,
        "Net profit from business activities": 1775,
        "Profit": 2,
        "Profit before tax": 1777,
        "Present corporate income tax expenses": 391,
        "Deferred income taxes expenses": "N/A",
        "The interests of minority shareholders": "N/A",
        "Total Cost of profits": 391,
        "Profit after tax corporate income": 1386,
        "Volume": 15000000,
        "Close of Quarter": 8.3,
        "EPS": 1553,
        "Non-adjusted EPS": 1553,
        "PE": 5.4,
        "Book Price": 12.2
      }
    },
    {
      "quarter": "Q4 2013",
      "income status": {
        "Net sales": 381864,
        "Cost of goods sold": 360070,
        "Gross Profit": 21794,
        "Financial expenses": "N/A",
        "Of which: Interest expense": "N/A",
        "Cost of sales": 14,
        "Enterprise cost management": 11722,
        "Total Operating Expenses": 11736,
        "Total revenue financing activities": 2339,
        "Net profit from business activities": 12398,
        "Profit": -27,
        "Profit before tax": 12371,
        "Present corporate income tax expenses": 3134,
        "Deferred income taxes expenses": "N/A",
        "The interests of minority shareholders": "N/A",
        "Total Cost of profits": 3134,
        "Profit after tax corporate income": 9237,
        "Volume": 15000000,
        "Close of Quarter": 6.4,
        "EPS": 1545,
        "Non-adjusted EPS": 1545,
        "PE": 4.2,
        "Book Price": 12.3
      }
    },
    {
      "quarter": "Q3 2013",
      "income status": {
        "Net sales": 303350,
        "Cost of goods sold": 290735,
        "Gross Profit": 12616,
        "Financial expenses": "N/A",
        "Of which: Interest expense": "N/A",
        "Cost of sales": 6,
        "Enterprise cost management": 9307,
        "Total Operating Expenses": 9313,
        "Total revenue financing activities": 2331,
        "Net profit from business activities": 5633,
        "Profit": -30,
        "Profit before tax": 5604,
        "Present corporate income tax expenses": 1401,
        "Deferred income taxes expenses": "N/A",
        "The interests of minority shareholders": "N/A",
        "Total Cost of profits": 1401,
        "Profit after tax corporate income": 4203,
        "Volume": 15000000,
        "Close of Quarter": 5.9,
        "EPS": 1673,
        "Non-adjusted EPS": 1673,
        "PE": 3.5,
        "Book Price": 11.7
      }
    },
    {
      "quarter": "Q2 2013",
      "income status": {
        "Net sales": 243412,
        "Cost of goods sold": 225959,
        "Gross Profit": 17453,
        "Financial expenses": "N/A",
        "Of which: Interest expense": "N/A",
        "Cost of sales": 164,
        "Enterprise cost management": 7664,
        "Total Operating Expenses": 7828,
        "Total revenue financing activities": 1664,
        "Net profit from business activities": 11289,
        "Profit": "N/A",
        "Profit before tax": 11289,
        "Present corporate income tax expenses": 2822,
        "Deferred income taxes expenses": "N/A",
        "The interests of minority shareholders": "N/A",
        "Total Cost of profits": 2822,
        "Profit after tax corporate income": 8467,
        "Volume": 15000000,
        "Close of Quarter": 6.3,
        "EPS": 1819,
        "Non-adjusted EPS": 1819,
        "PE": 3.5,
        "Book Price": 11.4
      }
    },
    {
      "quarter": "Q1 2013",
      "income status": {
        "Net sales": 131980,
        "Cost of goods sold": 123996,
        "Gross Profit": 7984,
        "Financial expenses": "N/A",
        "Of which: Interest expense": "N/A",
        "Cost of sales": 77,
        "Enterprise cost management": 7292,
        "Total Operating Expenses": 7369,
        "Total revenue financing activities": 1081,
        "Net profit from business activities": 1696,
        "Profit": -8,
        "Profit before tax": 1687,
        "Present corporate income tax expenses": 422,
        "Deferred income taxes expenses": "N/A",
        "The interests of minority shareholders": "N/A",
        "Total Cost of profits": 422,
        "Profit after tax corporate income": 1266,
        "Volume": 15000000,
        "Close of Quarter": 6.6,
        "EPS": 1616,
        "Non-adjusted EPS": 1616,
        "PE": 4.1,
        "Book Price": 12.2
      }
    },
    {
      "quarter": "Q4 2012",
      "income status": {
        "Net sales": 771155,
        "Cost of goods sold": 749239,
        "Gross Profit": 21915,
        "Financial expenses": "N/A",
        "Of which: Interest expense": "N/A",
        "Cost of sales": 77,
        "Enterprise cost management": 9698,
        "Total Operating Expenses": 9775,
        "Total revenue financing activities": 2706,
        "Net profit from business activities": 14846,
        "Profit": -5,
        "Profit before tax": 14841,
        "Present corporate income tax expenses": 3685,
        "Deferred income taxes expenses": "N/A",
        "The interests of minority shareholders": "N/A",
        "Total Cost of profits": 3685,
        "Profit after tax corporate income": 11156,
        "Volume": 15000000,
        "Close of Quarter": 8.0,
        "EPS": 1813,
        "Non-adjusted EPS": 1813,
        "PE": 4.4,
        "Book Price": 12.3
      }
    },
    {
      "quarter": "Q3 2012",
      "income status": {
        "Net sales": 672704,
        "Cost of goods sold": 659491,
        "Gross Profit": 13213,
        "Financial expenses": "N/A",
        "Of which: Interest expense": "N/A",
        "Cost of sales": 69,
        "Enterprise cost management": 7354,
        "Total Operating Expenses": 7423,
        "Total revenue financing activities": 2722,
        "Net profit from business activities": 8512,
        "Profit": 8,
        "Profit before tax": 8520,
        "Present corporate income tax expenses": 2130,
        "Deferred income taxes expenses": "N/A",
        "The interests of minority shareholders": "N/A",
        "Total Cost of profits": 2130,
        "Profit after tax corporate income": 6390,
        "Volume": 15000000,
        "Close of Quarter": 4.2,
        "EPS": 1634,
        "Non-adjusted EPS": 1634,
        "PE": 2.6,
        "Book Price": 11.6
      }
    },
    {
      "quarter": "Q2 2012",
      "income status": {
        "Net sales": 276916,
        "Cost of goods sold": 264682,
        "Gross Profit": 12234,
        "Financial expenses": "N/A",
        "Of which: Interest expense": "N/A",
        "Cost of sales": 184,
        "Enterprise cost management": 7853,
        "Total Operating Expenses": 8037,
        "Total revenue financing activities": 3029,
        "Net profit from business activities": 7225,
        "Profit": 4,
        "Profit before tax": 7229,
        "Present corporate income tax expenses": 1807,
        "Deferred income taxes expenses": "N/A",
        "The interests of minority shareholders": "N/A",
        "Total Cost of profits": 1807,
        "Profit after tax corporate income": 5422,
        "Volume": 15000000,
        "Close of Quarter": 6.2,
        "EPS": 1595,
        "Non-adjusted EPS": 1595,
        "PE": 3.9,
        "Book Price": 11.1
      }
    },
    {
      "quarter": "Q1 2012",
      "income status": {
        "Net sales": 252029,
        "Cost of goods sold": 242681,
        "Gross Profit": 9349,
        "Financial expenses": "N/A",
        "Of which: Interest expense": "N/A",
        "Cost of sales": "N/A",
        "Enterprise cost management": 7039,
        "Total Operating Expenses": 7039,
        "Total revenue financing activities": 3329,
        "Net profit from business activities": 5638,
        "Profit": 7,
        "Profit before tax": 5645,
        "Present corporate income tax expenses": 1411,
        "Deferred income taxes expenses": "N/A",
        "The interests of minority shareholders": "N/A",
        "Total Cost of profits": 1411,
        "Profit after tax corporate income": 4234,
        "Volume": 15000000,
        "Close of Quarter": 8.6,
        "EPS": 1662,
        "Non-adjusted EPS": 1662,
        "PE": 5.2,
        "Book Price": 12.3
      }
    },
    {
      "quarter": "Q4 2011",
      "income status": {
        "Net sales": 407279,
        "Cost of goods sold": 394452,
        "Gross Profit": 12827,
        "Financial expenses": "N/A",
        "Of which: Interest expense": "N/A",
        "Cost of sales": "N/A",
        "Enterprise cost management": 6029,
        "Total Operating Expenses": 6029,
        "Total revenue financing activities": 4374,
        "Net profit from business activities": 11172,
        "Profit": 3,
        "Profit before tax": 11175,
        "Present corporate income tax expenses": 2717,
        "Deferred income taxes expenses": "N/A",
        "The interests of minority shareholders": "N/A",
        "Total Cost of profits": 2717,
        "Profit after tax corporate income": 8458,
        "Volume": 15000000,
        "Close of Quarter": 5.6,
        "EPS": 1580,
        "Non-adjusted EPS": 1580,
        "PE": 3.6,
        "Book Price": 12
      }
    },
    {
      "quarter": "Q3 2011",
      "income status": {
        "Net sales": 217441,
        "Cost of goods sold": 203416,
        "Gross Profit": 14024,
        "Financial expenses": "N/A",
        "Of which: Interest expense": "N/A",
        "Cost of sales": "N/A",
        "Enterprise cost management": 9607,
        "Total Operating Expenses": 9607,
        "Total revenue financing activities": 3324,
        "Net profit from business activities": 7741,
        "Profit": 9,
        "Profit before tax": 20329,
        "Present corporate income tax expenses": 1938,
        "Deferred income taxes expenses": "N/A",
        "The interests of minority shareholders": "N/A",
        "Total Cost of profits": 1938,
        "Profit after tax corporate income": 5813,
        "Volume": 15000000,
        "Close of Quarter": 5.6,
        "EPS": 1225,
        "Non-adjusted EPS": 1225,
        "PE": 4.6,
        "Book Price": 11.4
      }
    },
    {
      "quarter": "Q2 2011",
      "income status": {
        "Net sales": 274595,
        "Cost of goods sold": 262347,
        "Gross Profit": 12248,
        "Financial expenses": -591,
        "Of which: Interest expense": 30,
        "Cost of sales": "N/A",
        "Enterprise cost management": 7766,
        "Total Operating Expenses": 7175,
        "Total revenue financing activities": 3464,
        "Net profit from business activities": 8536,
        "Profit": 27,
        "Profit before tax": 8564,
        "Present corporate income tax expenses": 2141,
        "Deferred income taxes expenses": "N/A",
        "The interests of minority shareholders": "N/A",
        "Total Cost of profits": 2141,
        "Profit after tax corporate income": 6423,
        "Volume": 15000000,
        "Close of Quarter": 4.5,
        "EPS": 1033,
        "Non-adjusted EPS": 1033,
        "PE": 4.4,
        "Book Price": 11
      }
    },
    {
      "quarter": "Q1 2011",
      "income status": {
        "Net sales": 46763,
        "Cost of goods sold": 43205,
        "Gross Profit": 3558,
        "Financial expenses": 2044,
        "Of which: Interest expense": 1423,
        "Cost of sales": "N/A",
        "Enterprise cost management": 4416,
        "Total Operating Expenses": 6460,
        "Total revenue financing activities": 6865,
        "Net profit from business activities": 3963,
        "Profit": 52,
        "Profit before tax": 4015,
        "Present corporate income tax expenses": 1004,
        "Deferred income taxes expenses": "N/A",
        "The interests of minority shareholders": "N/A",
        "Total Cost of profits": 1004,
        "Profit after tax corporate income": 3011,
        "Volume": 15000000,
        "Close of Quarter": 4.8,
        "EPS": 945,
        "Non-adjusted EPS": 945,
        "PE": 5.1,
        "Book Price": 12.2
      }
    }
  ]
}