{
  "ticker": "ITS",
  "data": [
    {
      "quarter": "Q4 2016",
      "income status": {
        "Net sales": 614760,
        "Cost of goods sold": 598207,
        "Gross Profit": 16554,
        "Financial expenses": 12793,
        "Of which: Interest expense": 8646,
        "Cost of sales": 16088,
        "Enterprise cost management": 11746,
        "Total Operating Expenses": 40627,
        "Total revenue financing activities": 840,
        "Net profit from business activities": -23234,
        "Profit": 25117,
        "Profit before tax": 1883,
        "Present corporate income tax expenses": 103,
        "Deferred income taxes expenses": "N/A",
        "The interests of minority shareholders": 224,
        "Total Cost of profits": 327,
        "Profit after tax corporate income": 1556,
        "Volume": 12599900,
        "Close of Quarter": 4.5,
        "EPS": 143,
        "Non-adjusted EPS": 143,
        "PE": 31.5,
        "Book Price": 11.2
      }
    },
    {
      "quarter": "Q3 2016",
      "income status": {
        "Net sales": 258823,
        "Cost of goods sold": 230853,
        "Gross Profit": 27970,
        "Financial expenses": 8404,
        "Of which: Interest expense": 8306,
        "Cost of sales": 10963,
        "Enterprise cost management": 7182,
        "Total Operating Expenses": 26549,
        "Total revenue financing activities": 249,
        "Net profit from business activities": 1671,
        "Profit": -1359,
        "Profit before tax": 311,
        "Present corporate income tax expenses": -145,
        "Deferred income taxes expenses": 145,
        "The interests of minority shareholders": "N/A",
        "Total Cost of profits": 0,
        "Profit after tax corporate income": 311,
        "Volume": 12599900,
        "Close of Quarter": 4.5,
        "EPS": -305,
        "Non-adjusted EPS": -305,
        "PE": -14.8,
        "Book Price": 11.1
      }
    },
    {
      "quarter": "Q2 2016",
      "income status": {
        "Net sales": 373697,
        "Cost of goods sold": 343166,
        "Gross Profit": 30532,
        "Financial expenses": 8346,
        "Of which: Interest expense": 5919,
        "Cost of sales": 7729,
        "Enterprise cost management": 10361,
        "Total Operating Expenses": 26436,
        "Total revenue financing activities": 896,
        "Net profit from business activities": 4880,
        "Profit": 342,
        "Profit before tax": 5222,
        "Present corporate income tax expenses": 453,
        "Deferred income taxes expenses": "N/A",
        "The interests of minority shareholders": "N/A",
        "Total Cost of profits": 453,
        "Profit after tax corporate income": 4769,
        "Volume": 12599900,
        "Close of Quarter": 5.3,
        "EPS": 357,
        "Non-adjusted EPS": 357,
        "PE": 14.9,
        "Book Price": 11
      }
    },
    {
      "quarter": "Q1 2016",
      "income status": {
        "Net sales": 421102,
        "Cost of goods sold": 404050,
        "Gross Profit": 17052,
        "Financial expenses": 5510,
        "Of which: Interest expense": 5510,
        "Cost of sales": 9374,
        "Enterprise cost management": 7438,
        "Total Operating Expenses": 22322,
        "Total revenue financing activities": 304,
        "Net profit from business activities": -4965,
        "Profit": 208,
        "Profit before tax": -4757,
        "Present corporate income tax expenses": 71,
        "Deferred income taxes expenses": "N/A",
        "The interests of minority shareholders": "N/A",
        "Total Cost of profits": 71,
        "Profit after tax corporate income": -4828,
        "Volume": 12599900,
        "Close of Quarter": 9.8,
        "EPS": -3,
        "Non-adjusted EPS": -3,
        "PE": -3276.7,
        "Book Price": 10.6
      }
    },
    {
      "quarter": "Q1 2015",
      "income status": {
        "Net sales": 394762,
        "Cost of goods sold": 373838,
        "Gross Profit": 20924,
        "Financial expenses": 6058,
        "Of which: Interest expense": 5894,
        "Cost of sales": 8504,
        "Enterprise cost management": 11634,
        "Total Operating Expenses": 26196,
        "Total revenue financing activities": 336,
        "Net profit from business activities": -4935,
        "Profit": 1082,
        "Profit before tax": -3853,
        "Present corporate income tax expenses": 324,
        "Deferred income taxes expenses": -84,
        "The interests of minority shareholders": "N/A",
        "Total Cost of profits": 240,
        "Profit after tax corporate income": -4093,
        "Volume": 12599900,
        "Close of Quarter": "N/A",
        "EPS": 155,
        "Non-adjusted EPS": 155,
        "PE": "N/A",
        "Book Price": 11.4
      }
    },
    {
      "quarter": "Q3 2014",
      "income status": {
        "Net sales": 615585,
        "Cost of goods sold": 583262,
        "Gross Profit": 32323,
        "Financial expenses": 5770,
        "Of which: Interest expense": 5592,
        "Cost of sales": 11089,
        "Enterprise cost management": 14250,
        "Total Operating Expenses": 31109,
        "Total revenue financing activities": 842,
        "Net profit from business activities": 2056,
        "Profit": 7134,
        "Profit before tax": 9190,
        "Present corporate income tax expenses": 537,
        "Deferred income taxes expenses": "N/A",
        "The interests of minority shareholders": "N/A",
        "Total Cost of profits": 537,
        "Profit after tax corporate income": 8653,
        "Volume": 12599900,
        "Close of Quarter": "N/A",
        "EPS": 480,
        "Non-adjusted EPS": 480,
        "PE": "N/A",
        "Book Price": 12.2
      }
    },
    {
      "quarter": "Q2 2014",
      "income status": {
        "Net sales": 373040,
        "Cost of goods sold": 353782,
        "Gross Profit": 19259,
        "Financial expenses": 4570,
        "Of which: Interest expense": 3421,
        "Cost of sales": 5954,
        "Enterprise cost management": 11927,
        "Total Operating Expenses": 22451,
        "Total revenue financing activities": 2519,
        "Net profit from business activities": -674,
        "Profit": -392,
        "Profit before tax": -1066,
        "Present corporate income tax expenses": 443,
        "Deferred income taxes expenses": -124,
        "The interests of minority shareholders": -1612,
        "Total Cost of profits": -1293,
        "Profit after tax corporate income": 227,
        "Volume": 12599900,
        "Close of Quarter": "N/A",
        "EPS": -207,
        "Non-adjusted EPS": -207,
        "PE": "N/A",
        "Book Price": "N/A"
      }
    },
    {
      "quarter": "Q1 2014",
      "income status": {
        "Net sales": 339811,
        "Cost of goods sold": 321606,
        "Gross Profit": 18205,
        "Financial expenses": 3781,
        "Of which: Interest expense": 3566,
        "Cost of sales": 7189,
        "Enterprise cost management": 11524,
        "Total Operating Expenses": 22494,
        "Total revenue financing activities": 175,
        "Net profit from business activities": -4114,
        "Profit": 1351,
        "Profit before tax": -2763,
        "Present corporate income tax expenses": 69,
        "Deferred income taxes expenses": "N/A",
        "The interests of minority shareholders": "N/A",
        "Total Cost of profits": 69,
        "Profit after tax corporate income": -2831,
        "Volume": 12599900,
        "Close of Quarter": "N/A",
        "EPS": -225,
        "Non-adjusted EPS": -225,
        "PE": "N/A",
        "Book Price": "N/A"
      }
    }
  ]
}