{
  "ticker": "TCL",
  "data": [
    {
      "quarter": "Q4 2016",
      "income status": {
        "Net sales": 235614,
        "Cost of goods sold": 195896,
        "Gross Profit": 39718,
        "Financial expenses": 2030,
        "Of which: Interest expense": 1551,
        "Cost of sales": 1155,
        "Enterprise cost management": 13258,
        "Total Operating Expenses": 16443,
        "Total revenue financing activities": 10787,
        "Net profit from business activities": 34063,
        "Profit": -79,
        "Profit before tax": 33984,
        "Present corporate income tax expenses": 4991,
        "Deferred income taxes expenses": -1266,
        "The interests of minority shareholders": "N/A",
        "Total Cost of profits": 3725,
        "Profit after tax corporate income": 30259,
        "Volume": 20943893,
        "Close of Quarter": 27.5,
        "EPS": 4588,
        "Non-adjusted EPS": 4588,
        "PE": 6,
        "Book Price": 28.1
      }
    },
    {
      "quarter": "Q3 2016",
      "income status": {
        "Net sales": 209986,
        "Cost of goods sold": 169597,
        "Gross Profit": 40389,
        "Financial expenses": 1783,
        "Of which: Interest expense": 1783,
        "Cost of sales": 1825,
        "Enterprise cost management": 9183,
        "Total Operating Expenses": 12791,
        "Total revenue financing activities": 609,
        "Net profit from business activities": 28207,
        "Profit": 22,
        "Profit before tax": 28230,
        "Present corporate income tax expenses": 5661,
        "Deferred income taxes expenses": "N/A",
        "The interests of minority shareholders": "N/A",
        "Total Cost of profits": 5661,
        "Profit after tax corporate income": 22569,
        "Volume": 20943893,
        "Close of Quarter": 28.5,
        "EPS": 4285,
        "Non-adjusted EPS": 4285,
        "PE": 6.7,
        "Book Price": 26.8
      }
    },
    {
      "quarter": "Q2 2016",
      "income status": {
        "Net sales": 197144,
        "Cost of goods sold": 160377,
        "Gross Profit": 36766,
        "Financial expenses": 1982,
        "Of which: Interest expense": 1982,
        "Cost of sales": 1763,
        "Enterprise cost management": 9587,
        "Total Operating Expenses": 13332,
        "Total revenue financing activities": 6971,
        "Net profit from business activities": 30404,
        "Profit": 8,
        "Profit before tax": 30412,
        "Present corporate income tax expenses": 4993,
        "Deferred income taxes expenses": "N/A",
        "The interests of minority shareholders": "N/A",
        "Total Cost of profits": 4993,
        "Profit after tax corporate income": 25419,
        "Volume": 20943893,
        "Close of Quarter": 28,
        "EPS": 4471,
        "Non-adjusted EPS": 4471,
        "PE": 6.3,
        "Book Price": 25.8
      }
    },
    {
      "quarter": "Q1 2016",
      "income status": {
        "Net sales": 178428,
        "Cost of goods sold": 149436,
        "Gross Profit": 28992,
        "Financial expenses": 2124,
        "Of which: Interest expense": 2124,
        "Cost of sales": 1475,
        "Enterprise cost management": 8405,
        "Total Operating Expenses": 12004,
        "Total revenue financing activities": 4416,
        "Net profit from business activities": 21403,
        "Profit": 4,
        "Profit before tax": 21407,
        "Present corporate income tax expenses": 3568,
        "Deferred income taxes expenses": "N/A",
        "The interests of minority shareholders": "N/A",
        "Total Cost of profits": 3568,
        "Profit after tax corporate income": 17839,
        "Volume": 20943893,
        "Close of Quarter": 28.6,
        "EPS": 4469,
        "Non-adjusted EPS": 4469,
        "PE": 6.4,
        "Book Price": 24.7
      }
    },
    {
      "quarter": "Q4 2015",
      "income status": {
        "Net sales": 191199,
        "Cost of goods sold": 149709,
        "Gross Profit": 41490,
        "Financial expenses": 6301,
        "Of which: Interest expense": 2345,
        "Cost of sales": 5043,
        "Enterprise cost management": 13038,
        "Total Operating Expenses": 24382,
        "Total revenue financing activities": 7473,
        "Net profit from business activities": 24582,
        "Profit": 2261,
        "Profit before tax": 26843,
        "Present corporate income tax expenses": 2928,
        "Deferred income taxes expenses": "N/A",
        "The interests of minority shareholders": "N/A",
        "Total Cost of profits": 2928,
        "Profit after tax corporate income": 23915,
        "Volume": 20943893,
        "Close of Quarter": 27.8,
        "EPS": 4633,
        "Non-adjusted EPS": 4633,
        "PE": 6.0,
        "Book Price": 25.4
      }
    },
    {
      "quarter": "Q3 2015",
      "income status": {
        "Net sales": 210600,
        "Cost of goods sold": 161646,
        "Gross Profit": 48953,
        "Financial expenses": 2834,
        "Of which: Interest expense": 2403,
        "Cost of sales": 1814,
        "Enterprise cost management": 10262,
        "Total Operating Expenses": 14910,
        "Total revenue financing activities": 1942,
        "Net profit from business activities": 35986,
        "Profit": -93,
        "Profit before tax": 35892,
        "Present corporate income tax expenses": 9425,
        "Deferred income taxes expenses": "N/A",
        "The interests of minority shareholders": "N/A",
        "Total Cost of profits": 9425,
        "Profit after tax corporate income": 26467,
        "Volume": 20943893,
        "Close of Quarter": 24.0,
        "EPS": 5092,
        "Non-adjusted EPS": 5092,
        "PE": 4.7,
        "Book Price": 24.4
      }
    },
    {
      "quarter": "Q2 2015",
      "income status": {
        "Net sales": 206586,
        "Cost of goods sold": 162969,
        "Gross Profit": 43617,
        "Financial expenses": 1932,
        "Of which: Interest expense": 2876,
        "Cost of sales": 2682,
        "Enterprise cost management": 9875,
        "Total Operating Expenses": 14489,
        "Total revenue financing activities": 1014,
        "Net profit from business activities": 33640,
        "Profit": -9,
        "Profit before tax": 33631,
        "Present corporate income tax expenses": 6819,
        "Deferred income taxes expenses": "N/A",
        "The interests of minority shareholders": 1443,
        "Total Cost of profits": 8262,
        "Profit after tax corporate income": 25369,
        "Volume": 20943893,
        "Close of Quarter": 25.8,
        "EPS": 5133,
        "Non-adjusted EPS": 5133,
        "PE": 5.0,
        "Book Price": 26.8
      }
    },
    {
      "quarter": "Q1 2015",
      "income status": {
        "Net sales": 197255,
        "Cost of goods sold": 156610,
        "Gross Profit": 40645,
        "Financial expenses": 3100,
        "Of which: Interest expense": 3051,
        "Cost of sales": 1123,
        "Enterprise cost management": 9470,
        "Total Operating Expenses": 13693,
        "Total revenue financing activities": 1361,
        "Net profit from business activities": 30090,
        "Profit": -250,
        "Profit before tax": 29841,
        "Present corporate income tax expenses": 6052,
        "Deferred income taxes expenses": "N/A",
        "The interests of minority shareholders": 2508,
        "Total Cost of profits": 8560,
        "Profit after tax corporate income": 21281,
        "Volume": 20943893,
        "Close of Quarter": 28.5,
        "EPS": 5192,
        "Non-adjusted EPS": 5192,
        "PE": 5.5,
        "Book Price": 27.5
      }
    },
    {
      "quarter": "Q4 2014",
      "income status": {
        "Net sales": 218474,
        "Cost of goods sold": 162596,
        "Gross Profit": 55878,
        "Financial expenses": 4021,
        "Of which: Interest expense": 2826,
        "Cost of sales": 2427,
        "Enterprise cost management": 12733,
        "Total Operating Expenses": 19181,
        "Total revenue financing activities": 2574,
        "Net profit from business activities": 42980,
        "Profit": -25,
        "Profit before tax": 42955,
        "Present corporate income tax expenses": 8510,
        "Deferred income taxes expenses": "N/A",
        "The interests of minority shareholders": 907,
        "Total Cost of profits": 9417,
        "Profit after tax corporate income": 33538,
        "Volume": 20943893,
        "Close of Quarter": 27.5,
        "EPS": 5162,
        "Non-adjusted EPS": 5162,
        "PE": 5.3,
        "Book Price": 26.4
      }
    },
    {
      "quarter": "Q3 2014",
      "income status": {
        "Net sales": 224695,
        "Cost of goods sold": 179932,
        "Gross Profit": 44763,
        "Financial expenses": 2450,
        "Of which: Interest expense": 2364,
        "Cost of sales": 822,
        "Enterprise cost management": 10260,
        "Total Operating Expenses": 13532,
        "Total revenue financing activities": 944,
        "Net profit from business activities": 35285,
        "Profit": 72,
        "Profit before tax": 35357,
        "Present corporate income tax expenses": 7136,
        "Deferred income taxes expenses": "N/A",
        "The interests of minority shareholders": 895,
        "Total Cost of profits": 8031,
        "Profit after tax corporate income": 27326,
        "Volume": 20943893,
        "Close of Quarter": 24.0,
        "EPS": 4809,
        "Non-adjusted EPS": 4809,
        "PE": 5.0,
        "Book Price": 25.3
      }
    },
    {
      "quarter": "Q2 2014",
      "income status": {
        "Net sales": 217389,
        "Cost of goods sold": 175918,
        "Gross Profit": 41471,
        "Financial expenses": 1784,
        "Of which: Interest expense": 2448,
        "Cost of sales": 1651,
        "Enterprise cost management": 10522,
        "Total Operating Expenses": 13957,
        "Total revenue financing activities": 6850,
        "Net profit from business activities": 34185,
        "Profit": -244,
        "Profit before tax": 33941,
        "Present corporate income tax expenses": 6254,
        "Deferred income taxes expenses": "N/A",
        "The interests of minority shareholders": 1096,
        "Total Cost of profits": 7350,
        "Profit after tax corporate income": 26591,
        "Volume": 20943893,
        "Close of Quarter": 19.7,
        "EPS": 4663,
        "Non-adjusted EPS": 4663,
        "PE": 4.2,
        "Book Price": 24.1
      }
    },
    {
      "quarter": "Q1 2014",
      "income status": {
        "Net sales": 183954,
        "Cost of goods sold": 148040,
        "Gross Profit": 35914,
        "Financial expenses": 2506,
        "Of which: Interest expense": 2477,
        "Cost of sales": 907,
        "Enterprise cost management": 9556,
        "Total Operating Expenses": 12969,
        "Total revenue financing activities": 4198,
        "Net profit from business activities": 26170,
        "Profit": 38,
        "Profit before tax": 26208,
        "Present corporate income tax expenses": 5762,
        "Deferred income taxes expenses": "N/A",
        "The interests of minority shareholders": -201,
        "Total Cost of profits": 5561,
        "Profit after tax corporate income": 20647,
        "Volume": 20943893,
        "Close of Quarter": 23.0,
        "EPS": 3820,
        "Non-adjusted EPS": 3820,
        "PE": 6.0,
        "Book Price": 23
      }
    },
    {
      "quarter": "Q4 2013",
      "income status": {
        "Net sales": 200310,
        "Cost of goods sold": 159860,
        "Gross Profit": 40450,
        "Financial expenses": 4803,
        "Of which: Interest expense": 2714,
        "Cost of sales": 1055,
        "Enterprise cost management": 9496,
        "Total Operating Expenses": 15354,
        "Total revenue financing activities": 2357,
        "Net profit from business activities": 27453,
        "Profit": 5045,
        "Profit before tax": 35170,
        "Present corporate income tax expenses": 8469,
        "Deferred income taxes expenses": "N/A",
        "The interests of minority shareholders": 544,
        "Total Cost of profits": 9013,
        "Profit after tax corporate income": 26157,
        "Volume": 20943893,
        "Close of Quarter": 20.1,
        "EPS": 3946,
        "Non-adjusted EPS": 3946,
        "PE": 5.1,
        "Book Price": 22.2
      }
    },
    {
      "quarter": "Q3 2013",
      "income status": {
        "Net sales": 183998,
        "Cost of goods sold": 148960,
        "Gross Profit": 35038,
        "Financial expenses": 94,
        "Of which: Interest expense": 3019,
        "Cost of sales": 1189,
        "Enterprise cost management": 7890,
        "Total Operating Expenses": 9173,
        "Total revenue financing activities": 2410,
        "Net profit from business activities": 28275,
        "Profit": -353,
        "Profit before tax": 31154,
        "Present corporate income tax expenses": 6196,
        "Deferred income taxes expenses": "N/A",
        "The interests of minority shareholders": 691,
        "Total Cost of profits": 6887,
        "Profit after tax corporate income": 24266,
        "Volume": 20943893,
        "Close of Quarter": 16.0,
        "EPS": 3323,
        "Non-adjusted EPS": 3323,
        "PE": 4.8,
        "Book Price": 21
      }
    },
    {
      "quarter": "Q2 2013",
      "income status": {
        "Net sales": 177839,
        "Cost of goods sold": 141497,
        "Gross Profit": 36342,
        "Financial expenses": 9438,
        "Of which: Interest expense": 3369,
        "Cost of sales": 1194,
        "Enterprise cost management": 9437,
        "Total Operating Expenses": 20069,
        "Total revenue financing activities": 3853,
        "Net profit from business activities": 20125,
        "Profit": -765,
        "Profit before tax": 16790,
        "Present corporate income tax expenses": 6542,
        "Deferred income taxes expenses": "N/A",
        "The interests of minority shareholders": 1310,
        "Total Cost of profits": 7852,
        "Profit after tax corporate income": 8938,
        "Volume": 20943893,
        "Close of Quarter": 15.3,
        "EPS": 3235,
        "Non-adjusted EPS": 3235,
        "PE": 4.7,
        "Book Price": 19.9
      }
    },
    {
      "quarter": "Q1 2013",
      "income status": {
        "Net sales": 155240,
        "Cost of goods sold": 130060,
        "Gross Profit": 25181,
        "Financial expenses": 3800,
        "Of which: Interest expense": 3766,
        "Cost of sales": 998,
        "Enterprise cost management": 6433,
        "Total Operating Expenses": 11231,
        "Total revenue financing activities": 14903,
        "Net profit from business activities": 28853,
        "Profit": -604,
        "Profit before tax": 28248,
        "Present corporate income tax expenses": 4964,
        "Deferred income taxes expenses": "N/A",
        "The interests of minority shareholders": "N/A",
        "Total Cost of profits": 4964,
        "Profit after tax corporate income": 23284,
        "Volume": 20943893,
        "Close of Quarter": 16.2,
        "EPS": 3665,
        "Non-adjusted EPS": 3665,
        "PE": 4.4,
        "Book Price": 18.7
      }
    },
    {
      "quarter": "Q4 2012",
      "income status": {
        "Net sales": 251717,
        "Cost of goods sold": 222228,
        "Gross Profit": 29489,
        "Financial expenses": 6848,
        "Of which: Interest expense": 4358,
        "Cost of sales": 850,
        "Enterprise cost management": 7605,
        "Total Operating Expenses": 15303,
        "Total revenue financing activities": 2718,
        "Net profit from business activities": 16904,
        "Profit": 1168,
        "Profit before tax": 19788,
        "Present corporate income tax expenses": 5823,
        "Deferred income taxes expenses": -408,
        "The interests of minority shareholders": 1257,
        "Total Cost of profits": 6672,
        "Profit after tax corporate income": 13116,
        "Volume": 20943893,
        "Close of Quarter": 12.2,
        "EPS": 3372,
        "Non-adjusted EPS": 3372,
        "PE": 3.6,
        "Book Price": 18.5
      }
    },
    {
      "quarter": "Q3 2012",
      "income status": {
        "Net sales": 270537,
        "Cost of goods sold": 230184,
        "Gross Profit": 40353,
        "Financial expenses": 3481,
        "Of which: Interest expense": 3473,
        "Cost of sales": 832,
        "Enterprise cost management": 11425,
        "Total Operating Expenses": 15738,
        "Total revenue financing activities": 8037,
        "Net profit from business activities": 32652,
        "Profit": 504,
        "Profit before tax": 34302,
        "Present corporate income tax expenses": 7268,
        "Deferred income taxes expenses": "N/A",
        "The interests of minority shareholders": 4622,
        "Total Cost of profits": 11890,
        "Profit after tax corporate income": 22412,
        "Volume": 20943893,
        "Close of Quarter": 10.1,
        "EPS": 4081,
        "Non-adjusted EPS": 4081,
        "PE": 2.5,
        "Book Price": 19.6
      }
    },
    {
      "quarter": "Q2 2012",
      "income status": {
        "Net sales": 266092,
        "Cost of goods sold": 224810,
        "Gross Profit": 41282,
        "Financial expenses": 5205,
        "Of which: Interest expense": 5191,
        "Cost of sales": 536,
        "Enterprise cost management": 9413,
        "Total Operating Expenses": 15154,
        "Total revenue financing activities": 1552,
        "Net profit from business activities": 27681,
        "Profit": 57,
        "Profit before tax": 28866,
        "Present corporate income tax expenses": 6657,
        "Deferred income taxes expenses": 632,
        "The interests of minority shareholders": 3621,
        "Total Cost of profits": 10910,
        "Profit after tax corporate income": 17956,
        "Volume": 20943893,
        "Close of Quarter": 11.8,
        "EPS": 4008,
        "Non-adjusted EPS": 4008,
        "PE": 2.9,
        "Book Price": 19.4
      }
    },
    {
      "quarter": "Q1 2012",
      "income status": {
        "Net sales": 249894,
        "Cost of goods sold": 214983,
        "Gross Profit": 34911,
        "Financial expenses": 4546,
        "Of which: Interest expense": 4513,
        "Cost of sales": 530,
        "Enterprise cost management": 7868,
        "Total Operating Expenses": 12944,
        "Total revenue financing activities": 2670,
        "Net profit from business activities": 24637,
        "Profit": 55,
        "Profit before tax": 25638,
        "Present corporate income tax expenses": 5808,
        "Deferred income taxes expenses": "N/A",
        "The interests of minority shareholders": 2694,
        "Total Cost of profits": 8502,
        "Profit after tax corporate income": 17137,
        "Volume": 20943893,
        "Close of Quarter": 12.1,
        "EPS": 4396,
        "Non-adjusted EPS": 4396,
        "PE": 2.7,
        "Book Price": 18.7
      }
    },
    {
      "quarter": "Q4 2011",
      "income status": {
        "Net sales": 301412,
        "Cost of goods sold": 252555,
        "Gross Profit": 48858,
        "Financial expenses": 8283,
        "Of which: Interest expense": 2848,
        "Cost of sales": 565,
        "Enterprise cost management": 16362,
        "Total Operating Expenses": 25210,
        "Total revenue financing activities": 13623,
        "Net profit from business activities": 37270,
        "Profit": 460,
        "Profit before tax": 145599,
        "Present corporate income tax expenses": 8407,
        "Deferred income taxes expenses": -632,
        "The interests of minority shareholders": 4507,
        "Total Cost of profits": 12282,
        "Profit after tax corporate income": 27974,
        "Volume": 20943893,
        "Close of Quarter": 10.8,
        "EPS": 4443,
        "Non-adjusted EPS": 4443,
        "PE": 2.4,
        "Book Price": 19.8
      }
    },
    {
      "quarter": "Q3 2011",
      "income status": {
        "Net sales": 217476,
        "Cost of goods sold": 173542,
        "Gross Profit": 43934,
        "Financial expenses": 3475,
        "Of which: Interest expense": 2851,
        "Cost of sales": 361,
        "Enterprise cost management": 8068,
        "Total Operating Expenses": 11904,
        "Total revenue financing activities": 333,
        "Net profit from business activities": 32364,
        "Profit": 98,
        "Profit before tax": 33006,
        "Present corporate income tax expenses": 8100,
        "Deferred income taxes expenses": "N/A",
        "The interests of minority shareholders": 4041,
        "Total Cost of profits": 12141,
        "Profit after tax corporate income": 20866,
        "Volume": 18699905,
        "Close of Quarter": 11.8,
        "EPS": 4289.3,
        "Non-adjusted EPS": 4804,
        "PE": 2.5,
        "Book Price": 16.8
      }
    },
    {
      "quarter": "Q2 2011",
      "income status": {
        "Net sales": 234807,
        "Cost of goods sold": 177915,
        "Gross Profit": 56891,
        "Financial expenses": 4042,
        "Of which: Interest expense": 1102,
        "Cost of sales": 957,
        "Enterprise cost management": 7695,
        "Total Operating Expenses": 12694,
        "Total revenue financing activities": 499,
        "Net profit from business activities": 44697,
        "Profit": -148,
        "Profit before tax": 44109,
        "Present corporate income tax expenses": 13024,
        "Deferred income taxes expenses": "N/A",
        "The interests of minority shareholders": 4991,
        "Total Cost of profits": 18015,
        "Profit after tax corporate income": 26095,
        "Volume": 18699905,
        "Close of Quarter": 11.9,
        "EPS": 4325,
        "Non-adjusted EPS": 4844,
        "PE": 2.5,
        "Book Price": 16.1
      }
    },
    {
      "quarter": "Q1 2011",
      "income status": {
        "Net sales": 162966,
        "Cost of goods sold": 128313,
        "Gross Profit": 34653,
        "Financial expenses": 1152,
        "Of which: Interest expense": 1109,
        "Cost of sales": 345,
        "Enterprise cost management": 6984,
        "Total Operating Expenses": 8481,
        "Total revenue financing activities": 2442,
        "Net profit from business activities": 28612,
        "Profit": 66,
        "Profit before tax": 28226,
        "Present corporate income tax expenses": 6713,
        "Deferred income taxes expenses": "N/A",
        "The interests of minority shareholders": 3390,
        "Total Cost of profits": 10103,
        "Profit after tax corporate income": 18123,
        "Volume": 18699905,
        "Close of Quarter": 16.7,
        "EPS": 4361.6,
        "Non-adjusted EPS": 4885,
        "PE": 3.4,
        "Book Price": 14.8
      }
    }
  ]
}