{
  "ticker": "FIT",
  "data": [
    {
      "quarter": "Q4 2016",
      "income status": {
        "Net sales": 576047,
        "Cost of goods sold": 470485,
        "Gross Profit": 105563,
        "Financial expenses": 28426,
        "Of which: Interest expense": 11556,
        "Cost of sales": 58812,
        "Enterprise cost management": 38758,
        "Total Operating Expenses": 125996,
        "Total revenue financing activities": 51617,
        "Net profit from business activities": 31184,
        "Profit": 508,
        "Profit before tax": 31692,
        "Present corporate income tax expenses": 7126,
        "Deferred income taxes expenses": 1913,
        "The interests of minority shareholders": 14401,
        "Total Cost of profits": 23440,
        "Profit after tax corporate income": 8252,
        "Volume": 223548962,
        "Close of Quarter": 4.5,
        "EPS": 439.7,
        "Non-adjusted EPS": 501,
        "PE": 8.9,
        "Book Price": 14.7
      }
    },
    {
      "quarter": "Q3 2016",
      "income status": {
        "Net sales": 541067,
        "Cost of goods sold": 432488,
        "Gross Profit": 108578,
        "Financial expenses": 17183,
        "Of which: Interest expense": 16074,
        "Cost of sales": 84722,
        "Enterprise cost management": 39903,
        "Total Operating Expenses": 141808,
        "Total revenue financing activities": 72482,
        "Net profit from business activities": 39252,
        "Profit": 136,
        "Profit before tax": 39389,
        "Present corporate income tax expenses": 12981,
        "Deferred income taxes expenses": -183,
        "The interests of minority shareholders": -14688,
        "Total Cost of profits": -1890,
        "Profit after tax corporate income": 41278,
        "Volume": 193548962,
        "Close of Quarter": 5.0,
        "EPS": 487.8,
        "Non-adjusted EPS": 642,
        "PE": 7.8,
        "Book Price": 13.1
      }
    },
    {
      "quarter": "Q2 2016",
      "income status": {
        "Net sales": 741602,
        "Cost of goods sold": 620743,
        "Gross Profit": 120859,
        "Financial expenses": 15158,
        "Of which: Interest expense": 11094,
        "Cost of sales": 69594,
        "Enterprise cost management": 32229,
        "Total Operating Expenses": 116981,
        "Total revenue financing activities": 52725,
        "Net profit from business activities": 56602,
        "Profit": -311,
        "Profit before tax": 56291,
        "Present corporate income tax expenses": 9839,
        "Deferred income taxes expenses": 114,
        "The interests of minority shareholders": 13269,
        "Total Cost of profits": 23222,
        "Profit after tax corporate income": 33068,
        "Volume": 179212477,
        "Close of Quarter": 6,
        "EPS": 448.9,
        "Non-adjusted EPS": 638,
        "PE": 9.4,
        "Book Price": 13.0
      }
    },
    {
      "quarter": "Q1 2016",
      "income status": {
        "Net sales": 564038,
        "Cost of goods sold": 466113,
        "Gross Profit": 97926,
        "Financial expenses": 13185,
        "Of which: Interest expense": 12212,
        "Cost of sales": 42706,
        "Enterprise cost management": 28593,
        "Total Operating Expenses": 84484,
        "Total revenue financing activities": 55115,
        "Net profit from business activities": 68556,
        "Profit": -194,
        "Profit before tax": 68362,
        "Present corporate income tax expenses": 20795,
        "Deferred income taxes expenses": -537,
        "The interests of minority shareholders": 18673,
        "Total Cost of profits": 38931,
        "Profit after tax corporate income": 29431,
        "Volume": 179212477,
        "Close of Quarter": 6.7,
        "EPS": 674.0,
        "Non-adjusted EPS": 958,
        "PE": 7.0,
        "Book Price": 12.8
      }
    },
    {
      "quarter": "Q4 2015",
      "income status": {
        "Net sales": 564016,
        "Cost of goods sold": 479832,
        "Gross Profit": 84184,
        "Financial expenses": 14741,
        "Of which: Interest expense": 9932,
        "Cost of sales": 38051,
        "Enterprise cost management": 33460,
        "Total Operating Expenses": 86252,
        "Total revenue financing activities": 42988,
        "Net profit from business activities": 40773,
        "Profit": 239,
        "Profit before tax": 41012,
        "Present corporate income tax expenses": 7789,
        "Deferred income taxes expenses": 535,
        "The interests of minority shareholders": 12167,
        "Total Cost of profits": 20491,
        "Profit after tax corporate income": 20522,
        "Volume": 179212477,
        "Close of Quarter": 8.4,
        "EPS": 963.1,
        "Non-adjusted EPS": 1369,
        "PE": 6.2,
        "Book Price": 12.0
      }
    },
    {
      "quarter": "Q3 2015",
      "income status": {
        "Net sales": 528319,
        "Cost of goods sold": 432372,
        "Gross Profit": 95947,
        "Financial expenses": 9546,
        "Of which: Interest expense": 7854,
        "Cost of sales": 46738,
        "Enterprise cost management": 30390,
        "Total Operating Expenses": 86674,
        "Total revenue financing activities": 47325,
        "Net profit from business activities": 56647,
        "Profit": 1857,
        "Profit before tax": 58504,
        "Present corporate income tax expenses": 13102,
        "Deferred income taxes expenses": -232,
        "The interests of minority shareholders": 14245,
        "Total Cost of profits": 27115,
        "Profit after tax corporate income": 31389,
        "Volume": 179212477,
        "Close of Quarter": 8.6,
        "EPS": 1039.8,
        "Non-adjusted EPS": 1478,
        "PE": 5.8,
        "Book Price": 12.0
      }
    },
    {
      "quarter": "Q2 2015",
      "income status": {
        "Net sales": 413437,
        "Cost of goods sold": 334325,
        "Gross Profit": 79112,
        "Financial expenses": 5340,
        "Of which: Interest expense": 4672,
        "Cost of sales": 30121,
        "Enterprise cost management": 19226,
        "Total Operating Expenses": 54687,
        "Total revenue financing activities": 112202,
        "Net profit from business activities": 136699,
        "Profit": 1024,
        "Profit before tax": 137724,
        "Present corporate income tax expenses": 22901,
        "Deferred income taxes expenses": -173,
        "The interests of minority shareholders": 24680,
        "Total Cost of profits": 47408,
        "Profit after tax corporate income": 90315,
        "Volume": 178424976,
        "Close of Quarter": 11.9,
        "EPS": 1087.1,
        "Non-adjusted EPS": 1552,
        "PE": 7.6,
        "Book Price": 10.2
      }
    },
    {
      "quarter": "Q1 2015",
      "income status": {
        "Net sales": 200901,
        "Cost of goods sold": 136217,
        "Gross Profit": 64684,
        "Financial expenses": 3696,
        "Of which: Interest expense": 3268,
        "Cost of sales": 14519,
        "Enterprise cost management": 8015,
        "Total Operating Expenses": 26230,
        "Total revenue financing activities": 102934,
        "Net profit from business activities": 141412,
        "Profit": 1665,
        "Profit before tax": 143077,
        "Present corporate income tax expenses": 30841,
        "Deferred income taxes expenses": -161,
        "The interests of minority shareholders": 9357,
        "Total Cost of profits": 40037,
        "Profit after tax corporate income": 103040,
        "Volume": 89212488,
        "Close of Quarter": 13.2,
        "EPS": 867.2,
        "Non-adjusted EPS": 2476,
        "PE": 5.3,
        "Book Price": 4.5
      }
    },
    {
      "quarter": "Q4 2014",
      "income status": {
        "Net sales": 193965,
        "Cost of goods sold": 130807,
        "Gross Profit": 63159,
        "Financial expenses": 1526,
        "Of which: Interest expense": "N/A",
        "Cost of sales": 13422,
        "Enterprise cost management": 13029,
        "Total Operating Expenses": 27977,
        "Total revenue financing activities": 28872,
        "Net profit from business activities": 63921,
        "Profit": -100,
        "Profit before tax": 63821,
        "Present corporate income tax expenses": 9513,
        "Deferred income taxes expenses": 306,
        "The interests of minority shareholders": 13895,
        "Total Cost of profits": 23714,
        "Profit after tax corporate income": 40106,
        "Volume": 49999994,
        "Close of Quarter": 12.5,
        "EPS": 590.8,
        "Non-adjusted EPS": 3010,
        "PE": 4.1,
        "Book Price": 3.1
      }
    },
    {
      "quarter": "Q3 2014",
      "income status": {
        "Net sales": 121455,
        "Cost of goods sold": 99436,
        "Gross Profit": 22020,
        "Financial expenses": 2249,
        "Of which: Interest expense": 1973,
        "Cost of sales": 7887,
        "Enterprise cost management": 8491,
        "Total Operating Expenses": 18627,
        "Total revenue financing activities": 26223,
        "Net profit from business activities": 29329,
        "Profit": 21311,
        "Profit before tax": 50639,
        "Present corporate income tax expenses": 7473,
        "Deferred income taxes expenses": -93,
        "The interests of minority shareholders": -162,
        "Total Cost of profits": 7218,
        "Profit after tax corporate income": 43421,
        "Volume": 46777494,
        "Close of Quarter": 12.7,
        "EPS": 496.6,
        "Non-adjusted EPS": 2704,
        "PE": 4.7,
        "Book Price": 2.7
      }
    },
    {
      "quarter": "Q2 2014",
      "income status": {
        "Net sales": 4598,
        "Cost of goods sold": 3201,
        "Gross Profit": 1397,
        "Financial expenses": 835,
        "Of which: Interest expense": 135,
        "Cost of sales": 80,
        "Enterprise cost management": 3357,
        "Total Operating Expenses": 4272,
        "Total revenue financing activities": 48303,
        "Net profit from business activities": 44500,
        "Profit": -456,
        "Profit before tax": 44044,
        "Present corporate income tax expenses": 9899,
        "Deferred income taxes expenses": -204,
        "The interests of minority shareholders": "N/A",
        "Total Cost of profits": 9695,
        "Profit after tax corporate income": 34348,
        "Volume": 34649996,
        "Close of Quarter": 7.8,
        "EPS": 386.2,
        "Non-adjusted EPS": 2839,
        "PE": 2.8,
        "Book Price": 1.7
      }
    },
    {
      "quarter": "Q1 2014",
      "income status": {
        "Net sales": 21667,
        "Cost of goods sold": 15250,
        "Gross Profit": 6417,
        "Financial expenses": 3501,
        "Of which: Interest expense": 93,
        "Cost of sales": 34,
        "Enterprise cost management": 1069,
        "Total Operating Expenses": 4604,
        "Total revenue financing activities": 39887,
        "Net profit from business activities": 41700,
        "Profit": 179,
        "Profit before tax": 41879,
        "Present corporate income tax expenses": 9232,
        "Deferred income taxes expenses": "N/A",
        "The interests of minority shareholders": "N/A",
        "Total Cost of profits": 9232,
        "Profit after tax corporate income": 32647,
        "Volume": 18899999,
        "Close of Quarter": 8.0,
        "EPS": 259.8,
        "Non-adjusted EPS": 3502,
        "PE": 2.3,
        "Book Price": 0.9
      }
    },
    {
      "quarter": "Q4 2013",
      "income status": {
        "Net sales": 2487,
        "Cost of goods sold": 826,
        "Gross Profit": 1661,
        "Financial expenses": 12800,
        "Of which: Interest expense": 12800,
        "Cost of sales": 127,
        "Enterprise cost management": 1982,
        "Total Operating Expenses": 14909,
        "Total revenue financing activities": 34200,
        "Net profit from business activities": 20952,
        "Profit": 580,
        "Profit before tax": 21532,
        "Present corporate income tax expenses": 5446,
        "Deferred income taxes expenses": "N/A",
        "The interests of minority shareholders": "N/A",
        "Total Cost of profits": 5446,
        "Profit after tax corporate income": 16086,
        "Volume": 15750000,
        "Close of Quarter": 5.9,
        "EPS": 133.9,
        "Non-adjusted EPS": 2165,
        "PE": 2.7,
        "Book Price": 0.8
      }
    },
    {
      "quarter": "Q3 2013",
      "income status": {
        "Net sales": 11616,
        "Cost of goods sold": 954,
        "Gross Profit": 10663,
        "Financial expenses": 37443,
        "Of which: Interest expense": 37434,
        "Cost of sales": 560,
        "Enterprise cost management": 1931,
        "Total Operating Expenses": 39934,
        "Total revenue financing activities": 49662,
        "Net profit from business activities": 20391,
        "Profit": 17,
        "Profit before tax": 20408,
        "Present corporate income tax expenses": 5115,
        "Deferred income taxes expenses": "N/A",
        "The interests of minority shareholders": "N/A",
        "Total Cost of profits": 5115,
        "Profit after tax corporate income": 15293,
        "Volume": 15750000,
        "Close of Quarter": 5.7,
        "EPS": 70.7,
        "Non-adjusted EPS": 1144,
        "PE": 4.9,
        "Book Price": 0.7
      }
    },
    {
      "quarter": "Q2 2013",
      "income status": {
        "Net sales": 2596,
        "Cost of goods sold": 946,
        "Gross Profit": 1650,
        "Financial expenses": 52709,
        "Of which: Interest expense": -54370,
        "Cost of sales": 23,
        "Enterprise cost management": 1499,
        "Total Operating Expenses": 54231,
        "Total revenue financing activities": 54825,
        "Net profit from business activities": 2243,
        "Profit": 651,
        "Profit before tax": 2895,
        "Present corporate income tax expenses": 729,
        "Deferred income taxes expenses": "N/A",
        "The interests of minority shareholders": "N/A",
        "Total Cost of profits": 729,
        "Profit after tax corporate income": 2165,
        "Volume": 15000000,
        "Close of Quarter": "N/A",
        "EPS": 10.7,
        "Non-adjusted EPS": 181,
        "PE": "N/A",
        "Book Price": 0.6
      }
    },
    {
      "quarter": "Q1 2013",
      "income status": {
        "Net sales": 20399,
        "Cost of goods sold": 16778,
        "Gross Profit": 3621,
        "Financial expenses": 61525,
        "Of which: Interest expense": "N/A",
        "Cost of sales": 63,
        "Enterprise cost management": 1379,
        "Total Operating Expenses": 62967,
        "Total revenue financing activities": 60114,
        "Net profit from business activities": 769,
        "Profit": "N/A",
        "Profit before tax": 769,
        "Present corporate income tax expenses": 215,
        "Deferred income taxes expenses": "N/A",
        "The interests of minority shareholders": "N/A",
        "Total Cost of profits": 215,
        "Profit after tax corporate income": 554,
        "Volume": 15000000,
        "Close of Quarter": "N/A",
        "EPS": 2.2,
        "Non-adjusted EPS": 37,
        "PE": "N/A",
        "Book Price": 0.6
      }
    }
  ]
}