{
  "ticker": "UDC",
  "data": [
    {
      "quarter": "Q4 2016",
      "income status": {
        "Net sales": 169148,
        "Cost of goods sold": 113781,
        "Gross Profit": 55368,
        "Financial expenses": 6851,
        "Of which: Interest expense": 5525,
        "Cost of sales": 481,
        "Enterprise cost management": 6980,
        "Total Operating Expenses": 14312,
        "Total revenue financing activities": 307,
        "Net profit from business activities": 41363,
        "Profit": 3536,
        "Profit before tax": 44899,
        "Present corporate income tax expenses": 597,
        "Deferred income taxes expenses": "N/A",
        "The interests of minority shareholders": 923,
        "Total Cost of profits": 1520,
        "Profit after tax corporate income": 43379,
        "Volume": 34706000,
        "Close of Quarter": 2,
        "EPS": 162,
        "Non-adjusted EPS": 162,
        "PE": 12.4,
        "Book Price": 11.8
      }
    },
    {
      "quarter": "Q3 2016",
      "income status": {
        "Net sales": 96407,
        "Cost of goods sold": 81869,
        "Gross Profit": 14538,
        "Financial expenses": 5791,
        "Of which: Interest expense": 5791,
        "Cost of sales": 1120,
        "Enterprise cost management": 7315,
        "Total Operating Expenses": 14226,
        "Total revenue financing activities": 281,
        "Net profit from business activities": 592,
        "Profit": -306,
        "Profit before tax": 286,
        "Present corporate income tax expenses": "N/A",
        "Deferred income taxes expenses": "N/A",
        "The interests of minority shareholders": 72,
        "Total Cost of profits": 72,
        "Profit after tax corporate income": 214,
        "Volume": 34706000,
        "Close of Quarter": 2.4,
        "EPS": -1017,
        "Non-adjusted EPS": -1017,
        "PE": -2.4,
        "Book Price": 10.6
      }
    },
    {
      "quarter": "Q2 2016",
      "income status": {
        "Net sales": 626882,
        "Cost of goods sold": 652361,
        "Gross Profit": -25480,
        "Financial expenses": 5887,
        "Of which: Interest expense": 5887,
        "Cost of sales": 1525,
        "Enterprise cost management": 5435,
        "Total Operating Expenses": 12847,
        "Total revenue financing activities": 141,
        "Net profit from business activities": -38185,
        "Profit": -248,
        "Profit before tax": -38433,
        "Present corporate income tax expenses": "N/A",
        "Deferred income taxes expenses": "N/A",
        "The interests of minority shareholders": -327,
        "Total Cost of profits": -327,
        "Profit after tax corporate income": -38106,
        "Volume": 34706000,
        "Close of Quarter": 3.6,
        "EPS": -1098,
        "Non-adjusted EPS": -1098,
        "PE": -3.3,
        "Book Price": 10.5
      }
    },
    {
      "quarter": "Q1 2016",
      "income status": {
        "Net sales": 98447,
        "Cost of goods sold": 83847,
        "Gross Profit": 14600,
        "Financial expenses": 6056,
        "Of which: Interest expense": 6056,
        "Cost of sales": 1230,
        "Enterprise cost management": 7461,
        "Total Operating Expenses": 14747,
        "Total revenue financing activities": 93,
        "Net profit from business activities": -54,
        "Profit": 1183,
        "Profit before tax": 1130,
        "Present corporate income tax expenses": 337,
        "Deferred income taxes expenses": "N/A",
        "The interests of minority shareholders": 645,
        "Total Cost of profits": 982,
        "Profit after tax corporate income": 148,
        "Volume": 34706000,
        "Close of Quarter": 3.4,
        "EPS": -112,
        "Non-adjusted EPS": -112,
        "PE": -30.4,
        "Book Price": 11.7
      }
    },
    {
      "quarter": "Q4 2015",
      "income status": {
        "Net sales": 77552,
        "Cost of goods sold": 54782,
        "Gross Profit": 22770,
        "Financial expenses": 7503,
        "Of which: Interest expense": 7505,
        "Cost of sales": 1755,
        "Enterprise cost management": 8654,
        "Total Operating Expenses": 17912,
        "Total revenue financing activities": 128,
        "Net profit from business activities": 4986,
        "Profit": -76,
        "Profit before tax": 4910,
        "Present corporate income tax expenses": 1201,
        "Deferred income taxes expenses": "N/A",
        "The interests of minority shareholders": 1249,
        "Total Cost of profits": 2450,
        "Profit after tax corporate income": 2460,
        "Volume": 34706000,
        "Close of Quarter": 3.7,
        "EPS": -112,
        "Non-adjusted EPS": -112,
        "PE": -33.0,
        "Book Price": 11.4
      }
    },
    {
      "quarter": "Q3 2015",
      "income status": {
        "Net sales": 72647,
        "Cost of goods sold": 62097,
        "Gross Profit": 10550,
        "Financial expenses": 4073,
        "Of which: Interest expense": 4073,
        "Cost of sales": 1769,
        "Enterprise cost management": 5890,
        "Total Operating Expenses": 11732,
        "Total revenue financing activities": 731,
        "Net profit from business activities": -452,
        "Profit": -202,
        "Profit before tax": -654,
        "Present corporate income tax expenses": 828,
        "Deferred income taxes expenses": "N/A",
        "The interests of minority shareholders": 1113,
        "Total Cost of profits": 1941,
        "Profit after tax corporate income": -2595,
        "Volume": 34706000,
        "Close of Quarter": 3.9,
        "EPS": -152,
        "Non-adjusted EPS": -152,
        "PE": -25.7,
        "Book Price": 11.3
      }
    },
    {
      "quarter": "Q2 2015",
      "income status": {
        "Net sales": 74703,
        "Cost of goods sold": 64226,
        "Gross Profit": 10476,
        "Financial expenses": 3314,
        "Of which: Interest expense": 3336,
        "Cost of sales": 2101,
        "Enterprise cost management": 7789,
        "Total Operating Expenses": 13204,
        "Total revenue financing activities": 150,
        "Net profit from business activities": -2578,
        "Profit": -69,
        "Profit before tax": -2647,
        "Present corporate income tax expenses": 513,
        "Deferred income taxes expenses": "N/A",
        "The interests of minority shareholders": 744,
        "Total Cost of profits": 1257,
        "Profit after tax corporate income": -3904,
        "Volume": 34706000,
        "Close of Quarter": 4.4,
        "EPS": -69,
        "Non-adjusted EPS": -69,
        "PE": -63.8,
        "Book Price": 11.3
      }
    },
    {
      "quarter": "Q1 2015",
      "income status": {
        "Net sales": 53845,
        "Cost of goods sold": 44711,
        "Gross Profit": 9134,
        "Financial expenses": 3948,
        "Of which: Interest expense": 3925,
        "Cost of sales": 1174,
        "Enterprise cost management": 3047,
        "Total Operating Expenses": 8169,
        "Total revenue financing activities": 87,
        "Net profit from business activities": 1053,
        "Profit": -41,
        "Profit before tax": 1012,
        "Present corporate income tax expenses": 299,
        "Deferred income taxes expenses": "N/A",
        "The interests of minority shareholders": 572,
        "Total Cost of profits": 871,
        "Profit after tax corporate income": 141,
        "Volume": 34706000,
        "Close of Quarter": 5,
        "EPS": 27,
        "Non-adjusted EPS": 27,
        "PE": 185.2,
        "Book Price": 11.6
      }
    },
    {
      "quarter": "Q4 2014",
      "income status": {
        "Net sales": 115317,
        "Cost of goods sold": 94577,
        "Gross Profit": 20740,
        "Financial expenses": 5968,
        "Of which: Interest expense": 5960,
        "Cost of sales": 1389,
        "Enterprise cost management": 10576,
        "Total Operating Expenses": 17933,
        "Total revenue financing activities": 65,
        "Net profit from business activities": 2872,
        "Profit": -376,
        "Profit before tax": 2496,
        "Present corporate income tax expenses": 348,
        "Deferred income taxes expenses": "N/A",
        "The interests of minority shareholders": 1077,
        "Total Cost of profits": 1425,
        "Profit after tax corporate income": 1071,
        "Volume": 34706000,
        "Close of Quarter": 5.4,
        "EPS": 41,
        "Non-adjusted EPS": 41,
        "PE": 131.7,
        "Book Price": 11.5
      }
    },
    {
      "quarter": "Q3 2014",
      "income status": {
        "Net sales": 39178,
        "Cost of goods sold": 31088,
        "Gross Profit": 8090,
        "Financial expenses": 2528,
        "Of which: Interest expense": 2528,
        "Cost of sales": 1277,
        "Enterprise cost management": 3218,
        "Total Operating Expenses": 7023,
        "Total revenue financing activities": 319,
        "Net profit from business activities": 1387,
        "Profit": -247,
        "Profit before tax": 1139,
        "Present corporate income tax expenses": 316,
        "Deferred income taxes expenses": "N/A",
        "The interests of minority shareholders": 527,
        "Total Cost of profits": 843,
        "Profit after tax corporate income": 296,
        "Volume": 34706000,
        "Close of Quarter": 6.5,
        "EPS": 23,
        "Non-adjusted EPS": 23,
        "PE": 282.6,
        "Book Price": 11.5
      }
    },
    {
      "quarter": "Q2 2014",
      "income status": {
        "Net sales": 65705,
        "Cost of goods sold": 59899,
        "Gross Profit": 5806,
        "Financial expenses": 8172,
        "Of which: Interest expense": 8040,
        "Cost of sales": 902,
        "Enterprise cost management": 7699,
        "Total Operating Expenses": 16773,
        "Total revenue financing activities": 11490,
        "Net profit from business activities": 523,
        "Profit": -670,
        "Profit before tax": -147,
        "Present corporate income tax expenses": 99,
        "Deferred income taxes expenses": "N/A",
        "The interests of minority shareholders": 334,
        "Total Cost of profits": 433,
        "Profit after tax corporate income": -580,
        "Volume": 34706000,
        "Close of Quarter": 5.8,
        "EPS": 19,
        "Non-adjusted EPS": 19,
        "PE": 305.3,
        "Book Price": 11.4
      }
    },
    {
      "quarter": "Q1 2014",
      "income status": {
        "Net sales": 69788,
        "Cost of goods sold": 57445,
        "Gross Profit": 12344,
        "Financial expenses": 3632,
        "Of which: Interest expense": 3307,
        "Cost of sales": 815,
        "Enterprise cost management": 7016,
        "Total Operating Expenses": 11463,
        "Total revenue financing activities": 1159,
        "Net profit from business activities": 2040,
        "Profit": -672,
        "Profit before tax": 1368,
        "Present corporate income tax expenses": 222,
        "Deferred income taxes expenses": "N/A",
        "The interests of minority shareholders": 513,
        "Total Cost of profits": 735,
        "Profit after tax corporate income": 633,
        "Volume": 34706000,
        "Close of Quarter": 8.4,
        "EPS": 5,
        "Non-adjusted EPS": 5,
        "PE": 1680,
        "Book Price": 13.6
      }
    },
    {
      "quarter": "Q4 2013",
      "income status": {
        "Net sales": 109027,
        "Cost of goods sold": 85250,
        "Gross Profit": 23777,
        "Financial expenses": 9189,
        "Of which: Interest expense": 8863,
        "Cost of sales": 813,
        "Enterprise cost management": 12789,
        "Total Operating Expenses": 22791,
        "Total revenue financing activities": 1030,
        "Net profit from business activities": 2016,
        "Profit": 1639,
        "Profit before tax": 2755,
        "Present corporate income tax expenses": 1893,
        "Deferred income taxes expenses": "N/A",
        "The interests of minority shareholders": 426,
        "Total Cost of profits": 2319,
        "Profit after tax corporate income": 436,
        "Volume": 34706000,
        "Close of Quarter": 4.9,
        "EPS": 3,
        "Non-adjusted EPS": 3,
        "PE": 1633.3,
        "Book Price": 10.6
      }
    },
    {
      "quarter": "Q3 2013",
      "income status": {
        "Net sales": 65939,
        "Cost of goods sold": 54388,
        "Gross Profit": 11551,
        "Financial expenses": 3066,
        "Of which: Interest expense": 2730,
        "Cost of sales": 1187,
        "Enterprise cost management": 6684,
        "Total Operating Expenses": 10937,
        "Total revenue financing activities": 1212,
        "Net profit from business activities": 1825,
        "Profit": -234,
        "Profit before tax": 1591,
        "Present corporate income tax expenses": 719,
        "Deferred income taxes expenses": "N/A",
        "The interests of minority shareholders": 695,
        "Total Cost of profits": 1414,
        "Profit after tax corporate income": 176,
        "Volume": 34706000,
        "Close of Quarter": 3,
        "EPS": 58,
        "Non-adjusted EPS": 58,
        "PE": 51.7,
        "Book Price": 10.6
      }
    },
    {
      "quarter": "Q2 2013",
      "income status": {
        "Net sales": 86848,
        "Cost of goods sold": 67578,
        "Gross Profit": 19270,
        "Financial expenses": 11369,
        "Of which: Interest expense": 9344,
        "Cost of sales": 911,
        "Enterprise cost management": 8397,
        "Total Operating Expenses": 20677,
        "Total revenue financing activities": 1094,
        "Net profit from business activities": -313,
        "Profit": -9,
        "Profit before tax": -1381,
        "Present corporate income tax expenses": 226,
        "Deferred income taxes expenses": "N/A",
        "The interests of minority shareholders": -550,
        "Total Cost of profits": -324,
        "Profit after tax corporate income": -1057,
        "Volume": 34706000,
        "Close of Quarter": 3.5,
        "EPS": 18,
        "Non-adjusted EPS": 18,
        "PE": 194.4,
        "Book Price": 10.6
      }
    },
    {
      "quarter": "Q1 2013",
      "income status": {
        "Net sales": 66724,
        "Cost of goods sold": 54401,
        "Gross Profit": 12324,
        "Financial expenses": 3824,
        "Of which: Interest expense": 3499,
        "Cost of sales": 524,
        "Enterprise cost management": 9664,
        "Total Operating Expenses": 14012,
        "Total revenue financing activities": 3473,
        "Net profit from business activities": 1784,
        "Profit": -26,
        "Profit before tax": 1758,
        "Present corporate income tax expenses": 475,
        "Deferred income taxes expenses": "N/A",
        "The interests of minority shareholders": 725,
        "Total Cost of profits": 1200,
        "Profit after tax corporate income": 558,
        "Volume": 34706000,
        "Close of Quarter": 3.9,
        "EPS": 67,
        "Non-adjusted EPS": 67,
        "PE": 58.2,
        "Book Price": 10.6
      }
    },
    {
      "quarter": "Q4 2012",
      "income status": {
        "Net sales": 174247,
        "Cost of goods sold": 152530,
        "Gross Profit": 21717,
        "Financial expenses": 9740,
        "Of which: Interest expense": 9740,
        "Cost of sales": 594,
        "Enterprise cost management": 8838,
        "Total Operating Expenses": 19172,
        "Total revenue financing activities": 348,
        "Net profit from business activities": 2893,
        "Profit": 151,
        "Profit before tax": 3044,
        "Present corporate income tax expenses": 949,
        "Deferred income taxes expenses": "N/A",
        "The interests of minority shareholders": -258,
        "Total Cost of profits": 691,
        "Profit after tax corporate income": 2353,
        "Volume": 34706000,
        "Close of Quarter": 3.8,
        "EPS": 108,
        "Non-adjusted EPS": 108,
        "PE": 35.2,
        "Book Price": 10.8
      }
    },
    {
      "quarter": "Q3 2012",
      "income status": {
        "Net sales": 79806,
        "Cost of goods sold": 68938,
        "Gross Profit": 10868,
        "Financial expenses": 4481,
        "Of which: Interest expense": 4480,
        "Cost of sales": 338,
        "Enterprise cost management": 7003,
        "Total Operating Expenses": 11822,
        "Total revenue financing activities": 972,
        "Net profit from business activities": 18,
        "Profit": -6,
        "Profit before tax": 12,
        "Present corporate income tax expenses": 376,
        "Deferred income taxes expenses": "N/A",
        "The interests of minority shareholders": 861,
        "Total Cost of profits": 1237,
        "Profit after tax corporate income": -1226,
        "Volume": 34706000,
        "Close of Quarter": 4.5,
        "EPS": 201,
        "Non-adjusted EPS": 201,
        "PE": 22.4,
        "Book Price": 10.7
      }
    },
    {
      "quarter": "Q2 2012",
      "income status": {
        "Net sales": 95172,
        "Cost of goods sold": 82291,
        "Gross Profit": 12881,
        "Financial expenses": 3909,
        "Of which: Interest expense": 3908,
        "Cost of sales": 488,
        "Enterprise cost management": 7408,
        "Total Operating Expenses": 11805,
        "Total revenue financing activities": 442,
        "Net profit from business activities": 1518,
        "Profit": 255,
        "Profit before tax": 1773,
        "Present corporate income tax expenses": 319,
        "Deferred income taxes expenses": "N/A",
        "The interests of minority shareholders": 799,
        "Total Cost of profits": 1118,
        "Profit after tax corporate income": 655,
        "Volume": 34706000,
        "Close of Quarter": 5,
        "EPS": 303,
        "Non-adjusted EPS": 303,
        "PE": 16.5,
        "Book Price": 10.6
      }
    },
    {
      "quarter": "Q1 2012",
      "income status": {
        "Net sales": 82576,
        "Cost of goods sold": 71462,
        "Gross Profit": 11115,
        "Financial expenses": 3294,
        "Of which: Interest expense": 3293,
        "Cost of sales": 448,
        "Enterprise cost management": 7299,
        "Total Operating Expenses": 11041,
        "Total revenue financing activities": 3958,
        "Net profit from business activities": 4031,
        "Profit": -169,
        "Profit before tax": 3862,
        "Present corporate income tax expenses": 644,
        "Deferred income taxes expenses": "N/A",
        "The interests of minority shareholders": 1248,
        "Total Cost of profits": 1892,
        "Profit after tax corporate income": 1970,
        "Volume": 34706000,
        "Close of Quarter": 4.9,
        "EPS": 351,
        "Non-adjusted EPS": 351,
        "PE": 14.0,
        "Book Price": 10.6
      }
    },
    {
      "quarter": "Q4 2011",
      "income status": {
        "Net sales": 160167,
        "Cost of goods sold": 140439,
        "Gross Profit": 19728,
        "Financial expenses": 2958,
        "Of which: Interest expense": 2889,
        "Cost of sales": 373,
        "Enterprise cost management": 9530,
        "Total Operating Expenses": 12861,
        "Total revenue financing activities": 873,
        "Net profit from business activities": 7740,
        "Profit": 1038,
        "Profit before tax": 8778,
        "Present corporate income tax expenses": 2281,
        "Deferred income taxes expenses": "N/A",
        "The interests of minority shareholders": 915,
        "Total Cost of profits": 3196,
        "Profit after tax corporate income": 5582,
        "Volume": 34706000,
        "Close of Quarter": 3.8,
        "EPS": 412,
        "Non-adjusted EPS": 412,
        "PE": 9.2,
        "Book Price": 10.8
      }
    },
    {
      "quarter": "Q3 2011",
      "income status": {
        "Net sales": 139851,
        "Cost of goods sold": 126617,
        "Gross Profit": 13234,
        "Financial expenses": 2877,
        "Of which: Interest expense": 2784,
        "Cost of sales": 454,
        "Enterprise cost management": 7575,
        "Total Operating Expenses": 10906,
        "Total revenue financing activities": 1523,
        "Net profit from business activities": 3850,
        "Profit": 29,
        "Profit before tax": 3879,
        "Present corporate income tax expenses": 770,
        "Deferred income taxes expenses": "N/A",
        "The interests of minority shareholders": 795,
        "Total Cost of profits": 1565,
        "Profit after tax corporate income": 2314,
        "Volume": 34839350,
        "Close of Quarter": 6.0,
        "EPS": 703.7,
        "Non-adjusted EPS": 701,
        "PE": 8.5,
        "Book Price": 10.6
      }
    },
    {
      "quarter": "Q2 2011",
      "income status": {
        "Net sales": 108568,
        "Cost of goods sold": 95769,
        "Gross Profit": 12799,
        "Financial expenses": 2330,
        "Of which: Interest expense": 2319,
        "Cost of sales": 314,
        "Enterprise cost management": 7060,
        "Total Operating Expenses": 9704,
        "Total revenue financing activities": 1397,
        "Net profit from business activities": 4491,
        "Profit": -45,
        "Profit before tax": 4446,
        "Present corporate income tax expenses": 837,
        "Deferred income taxes expenses": "N/A",
        "The interests of minority shareholders": 1280,
        "Total Cost of profits": 2117,
        "Profit after tax corporate income": 2329,
        "Volume": 35000000,
        "Close of Quarter": 5.0,
        "EPS": 698.9,
        "Non-adjusted EPS": 693,
        "PE": 7.2,
        "Book Price": 10.7
      }
    },
    {
      "quarter": "Q1 2011",
      "income status": {
        "Net sales": 79281,
        "Cost of goods sold": 67276,
        "Gross Profit": 12005,
        "Financial expenses": 2108,
        "Of which: Interest expense": 2092,
        "Cost of sales": 398,
        "Enterprise cost management": 7345,
        "Total Operating Expenses": 9851,
        "Total revenue financing activities": 3617,
        "Net profit from business activities": 5770,
        "Profit": 88,
        "Profit before tax": 5859,
        "Present corporate income tax expenses": 765,
        "Deferred income taxes expenses": "N/A",
        "The interests of minority shareholders": 1027,
        "Total Cost of profits": 1792,
        "Profit after tax corporate income": 4067,
        "Volume": 35000000,
        "Close of Quarter": 10.9,
        "EPS": 696.9,
        "Non-adjusted EPS": 691,
        "PE": 15.7,
        "Book Price": 10.7
      }
    }
  ]
}