{
  "ticker": "C92",
  "data": [
    {
      "quarter": "Q4 2016",
      "income status": {
        "Net sales": 124398,
        "Cost of goods sold": 121686,
        "Gross Profit": 2712,
        "Financial expenses": 2883,
        "Of which: Interest expense": 2883,
        "Cost of sales": "N/A",
        "Enterprise cost management": 2038,
        "Total Operating Expenses": 4921,
        "Total revenue financing activities": 61,
        "Net profit from business activities": -2148,
        "Profit": 6009,
        "Profit before tax": 3861,
        "Present corporate income tax expenses": 772,
        "Deferred income taxes expenses": "N/A",
        "The interests of minority shareholders": "N/A",
        "Total Cost of profits": 772,
        "Profit after tax corporate income": 3089,
        "Volume": 5312920,
        "Close of Quarter": 37.9,
        "EPS": 1033,
        "Non-adjusted EPS": 1033,
        "PE": 36.7,
        "Book Price": 12.6
      }
    },
    {
      "quarter": "Q3 2016",
      "income status": {
        "Net sales": 74661,
        "Cost of goods sold": 69935,
        "Gross Profit": 4726,
        "Financial expenses": 1942,
        "Of which: Interest expense": 1942,
        "Cost of sales": "N/A",
        "Enterprise cost management": 2451,
        "Total Operating Expenses": 4393,
        "Total revenue financing activities": 40,
        "Net profit from business activities": 373,
        "Profit": 645,
        "Profit before tax": 1019,
        "Present corporate income tax expenses": 103,
        "Deferred income taxes expenses": 101,
        "The interests of minority shareholders": "N/A",
        "Total Cost of profits": 204,
        "Profit after tax corporate income": 815,
        "Volume": 5312920,
        "Close of Quarter": 30,
        "EPS": 1197,
        "Non-adjusted EPS": 1197,
        "PE": 25.1,
        "Book Price": 12
      }
    },
    {
      "quarter": "Q2 2016",
      "income status": {
        "Net sales": 81551,
        "Cost of goods sold": 75899,
        "Gross Profit": 5652,
        "Financial expenses": 2186,
        "Of which: Interest expense": 2186,
        "Cost of sales": "N/A",
        "Enterprise cost management": 2290,
        "Total Operating Expenses": 4476,
        "Total revenue financing activities": 46,
        "Net profit from business activities": 1222,
        "Profit": 138,
        "Profit before tax": 1360,
        "Present corporate income tax expenses": 272,
        "Deferred income taxes expenses": "N/A",
        "The interests of minority shareholders": "N/A",
        "Total Cost of profits": 272,
        "Profit after tax corporate income": 1088,
        "Volume": 5312920,
        "Close of Quarter": 30,
        "EPS": 1213,
        "Non-adjusted EPS": 1213,
        "PE": 24.7,
        "Book Price": 11.9
      }
    },
    {
      "quarter": "Q1 2016",
      "income status": {
        "Net sales": 87188,
        "Cost of goods sold": 84129,
        "Gross Profit": 3059,
        "Financial expenses": 1380,
        "Of which: Interest expense": 1380,
        "Cost of sales": "N/A",
        "Enterprise cost management": 1112,
        "Total Operating Expenses": 2492,
        "Total revenue financing activities": 46,
        "Net profit from business activities": 613,
        "Profit": 7,
        "Profit before tax": 620,
        "Present corporate income tax expenses": 124,
        "Deferred income taxes expenses": "N/A",
        "The interests of minority shareholders": "N/A",
        "Total Cost of profits": 124,
        "Profit after tax corporate income": 496,
        "Volume": 5312920,
        "Close of Quarter": 30,
        "EPS": 1198,
        "Non-adjusted EPS": 1198,
        "PE": 25.0,
        "Book Price": 11.7
      }
    },
    {
      "quarter": "Q4 2015",
      "income status": {
        "Net sales": 149131,
        "Cost of goods sold": 147846,
        "Gross Profit": 1285,
        "Financial expenses": 2243,
        "Of which: Interest expense": 2243,
        "Cost of sales": "N/A",
        "Enterprise cost management": 2997,
        "Total Operating Expenses": 5240,
        "Total revenue financing activities": 65,
        "Net profit from business activities": -3891,
        "Profit": 8968,
        "Profit before tax": 5078,
        "Present corporate income tax expenses": 1117,
        "Deferred income taxes expenses": "N/A",
        "The interests of minority shareholders": "N/A",
        "Total Cost of profits": 1117,
        "Profit after tax corporate income": 3961,
        "Volume": 5312920,
        "Close of Quarter": 25,
        "EPS": 1201,
        "Non-adjusted EPS": 1201,
        "PE": 20.8,
        "Book Price": 11.6
      }
    },
    {
      "quarter": "Q3 2015",
      "income status": {
        "Net sales": 95483,
        "Cost of goods sold": 90701,
        "Gross Profit": 4782,
        "Financial expenses": 1020,
        "Of which: Interest expense": 1020,
        "Cost of sales": "N/A",
        "Enterprise cost management": 2016,
        "Total Operating Expenses": 3036,
        "Total revenue financing activities": 62,
        "Net profit from business activities": 1807,
        "Profit": -370,
        "Profit before tax": 1437,
        "Present corporate income tax expenses": 537,
        "Deferred income taxes expenses": "N/A",
        "The interests of minority shareholders": "N/A",
        "Total Cost of profits": 537,
        "Profit after tax corporate income": 900,
        "Volume": 5312920,
        "Close of Quarter": 23.3,
        "EPS": 1572,
        "Non-adjusted EPS": 1572,
        "PE": 14.8,
        "Book Price": 10.8
      }
    },
    {
      "quarter": "Q2 2015",
      "income status": {
        "Net sales": 60542,
        "Cost of goods sold": 56116,
        "Gross Profit": 4426,
        "Financial expenses": 990,
        "Of which: Interest expense": 971,
        "Cost of sales": "N/A",
        "Enterprise cost management": 2400,
        "Total Operating Expenses": 3390,
        "Total revenue financing activities": 97,
        "Net profit from business activities": 1132,
        "Profit": 164,
        "Profit before tax": 1295,
        "Present corporate income tax expenses": 285,
        "Deferred income taxes expenses": "N/A",
        "The interests of minority shareholders": "N/A",
        "Total Cost of profits": 285,
        "Profit after tax corporate income": 1010,
        "Volume": 5312920,
        "Close of Quarter": 14.6,
        "EPS": 1574,
        "Non-adjusted EPS": 1574,
        "PE": 9.3,
        "Book Price": 11.9
      }
    },
    {
      "quarter": "Q1 2015",
      "income status": {
        "Net sales": 33929,
        "Cost of goods sold": 30649,
        "Gross Profit": 3281,
        "Financial expenses": 372,
        "Of which: Interest expense": 372,
        "Cost of sales": "N/A",
        "Enterprise cost management": 1354,
        "Total Operating Expenses": 1726,
        "Total revenue financing activities": 102,
        "Net profit from business activities": 1657,
        "Profit": -1002,
        "Profit before tax": 655,
        "Present corporate income tax expenses": 144,
        "Deferred income taxes expenses": "N/A",
        "The interests of minority shareholders": "N/A",
        "Total Cost of profits": 144,
        "Profit after tax corporate income": 511,
        "Volume": 5312920,
        "Close of Quarter": 10.4,
        "EPS": 1582,
        "Non-adjusted EPS": 1582,
        "PE": 6.6,
        "Book Price": 11.9
      }
    },
    {
      "quarter": "Q4 2014",
      "income status": {
        "Net sales": 164016,
        "Cost of goods sold": 156554,
        "Gross Profit": 7462,
        "Financial expenses": 939,
        "Of which: Interest expense": 939,
        "Cost of sales": "N/A",
        "Enterprise cost management": 3348,
        "Total Operating Expenses": 4287,
        "Total revenue financing activities": 116,
        "Net profit from business activities": 3290,
        "Profit": 4315,
        "Profit before tax": 7606,
        "Present corporate income tax expenses": 1673,
        "Deferred income taxes expenses": "N/A",
        "The interests of minority shareholders": "N/A",
        "Total Cost of profits": 1673,
        "Profit after tax corporate income": 5933,
        "Volume": 5312920,
        "Close of Quarter": 12.3,
        "EPS": 1653,
        "Non-adjusted EPS": 1653,
        "PE": 7.5,
        "Book Price": 11.8
      }
    },
    {
      "quarter": "Q3 2014",
      "income status": {
        "Net sales": 67472,
        "Cost of goods sold": 63319,
        "Gross Profit": 4154,
        "Financial expenses": 942,
        "Of which: Interest expense": 942,
        "Cost of sales": "N/A",
        "Enterprise cost management": 2734,
        "Total Operating Expenses": 3676,
        "Total revenue financing activities": 127,
        "Net profit from business activities": 604,
        "Profit": 561,
        "Profit before tax": 1165,
        "Present corporate income tax expenses": 256,
        "Deferred income taxes expenses": "N/A",
        "The interests of minority shareholders": "N/A",
        "Total Cost of profits": 256,
        "Profit after tax corporate income": 909,
        "Volume": 5312920,
        "Close of Quarter": 12.1,
        "EPS": 1151,
        "Non-adjusted EPS": 1151,
        "PE": 10.5,
        "Book Price": 10.7
      }
    },
    {
      "quarter": "Q2 2014",
      "income status": {
        "Net sales": 73087,
        "Cost of goods sold": 67421,
        "Gross Profit": 5667,
        "Financial expenses": 1568,
        "Of which: Interest expense": 1568,
        "Cost of sales": "N/A",
        "Enterprise cost management": 3199,
        "Total Operating Expenses": 4767,
        "Total revenue financing activities": 117,
        "Net profit from business activities": 1016,
        "Profit": 329,
        "Profit before tax": 1346,
        "Present corporate income tax expenses": 296,
        "Deferred income taxes expenses": "N/A",
        "The interests of minority shareholders": "N/A",
        "Total Cost of profits": 296,
        "Profit after tax corporate income": 1050,
        "Volume": 2760000,
        "Close of Quarter": 10.5,
        "EPS": 1165.7,
        "Non-adjusted EPS": 2244,
        "PE": 4.7,
        "Book Price": 10.5
      }
    },
    {
      "quarter": "Q1 2014",
      "income status": {
        "Net sales": 49245,
        "Cost of goods sold": 47734,
        "Gross Profit": 1511,
        "Financial expenses": 509,
        "Of which: Interest expense": 509,
        "Cost of sales": "N/A",
        "Enterprise cost management": 886,
        "Total Operating Expenses": 1395,
        "Total revenue financing activities": 192,
        "Net profit from business activities": 308,
        "Profit": 830,
        "Profit before tax": 1138,
        "Present corporate income tax expenses": 250,
        "Deferred income taxes expenses": "N/A",
        "The interests of minority shareholders": "N/A",
        "Total Cost of profits": 250,
        "Profit after tax corporate income": 888,
        "Volume": 2760000,
        "Close of Quarter": 9.5,
        "EPS": 1166.8,
        "Non-adjusted EPS": 2246,
        "PE": 4.2,
        "Book Price": 7.5
      }
    },
    {
      "quarter": "Q4 2013",
      "income status": {
        "Net sales": 167885,
        "Cost of goods sold": 160096,
        "Gross Profit": 7789,
        "Financial expenses": 1868,
        "Of which: Interest expense": 1868,
        "Cost of sales": "N/A",
        "Enterprise cost management": 2386,
        "Total Operating Expenses": 4254,
        "Total revenue financing activities": 362,
        "Net profit from business activities": 3897,
        "Profit": 461,
        "Profit before tax": 4358,
        "Present corporate income tax expenses": 1089,
        "Deferred income taxes expenses": "N/A",
        "The interests of minority shareholders": "N/A",
        "Total Cost of profits": 1089,
        "Profit after tax corporate income": 3268,
        "Volume": 2760000,
        "Close of Quarter": 8.9,
        "EPS": 1155.3,
        "Non-adjusted EPS": 2224,
        "PE": 4.0,
        "Book Price": 7.4
      }
    },
    {
      "quarter": "Q3 2013",
      "income status": {
        "Net sales": 96807,
        "Cost of goods sold": 92302,
        "Gross Profit": 4505,
        "Financial expenses": 1094,
        "Of which: Interest expense": 1094,
        "Cost of sales": "N/A",
        "Enterprise cost management": 2233,
        "Total Operating Expenses": 3327,
        "Total revenue financing activities": 98,
        "Net profit from business activities": 1276,
        "Profit": 42,
        "Profit before tax": 1318,
        "Present corporate income tax expenses": 329,
        "Deferred income taxes expenses": "N/A",
        "The interests of minority shareholders": "N/A",
        "Total Cost of profits": 329,
        "Profit after tax corporate income": 988,
        "Volume": 2760000,
        "Close of Quarter": 7.2,
        "EPS": 898.7,
        "Non-adjusted EPS": 1730,
        "PE": 4.2,
        "Book Price": 6.8
      }
    },
    {
      "quarter": "Q2 2013",
      "income status": {
        "Net sales": 83103,
        "Cost of goods sold": 76967,
        "Gross Profit": 6136,
        "Financial expenses": 2617,
        "Of which: Interest expense": 2617,
        "Cost of sales": "N/A",
        "Enterprise cost management": 2320,
        "Total Operating Expenses": 4937,
        "Total revenue financing activities": 195,
        "Net profit from business activities": 1394,
        "Profit": 11,
        "Profit before tax": 1405,
        "Present corporate income tax expenses": 351,
        "Deferred income taxes expenses": "N/A",
        "The interests of minority shareholders": "N/A",
        "Total Cost of profits": 351,
        "Profit after tax corporate income": 1054,
        "Volume": 2760000,
        "Close of Quarter": 6.6,
        "EPS": 883.7,
        "Non-adjusted EPS": 1701,
        "PE": 3.9,
        "Book Price": 5.9
      }
    },
    {
      "quarter": "Q1 2013",
      "income status": {
        "Net sales": 59905,
        "Cost of goods sold": 55690,
        "Gross Profit": 4215,
        "Financial expenses": 1043,
        "Of which: Interest expense": 1043,
        "Cost of sales": "N/A",
        "Enterprise cost management": 2234,
        "Total Operating Expenses": 3277,
        "Total revenue financing activities": 149,
        "Net profit from business activities": 1087,
        "Profit": 18,
        "Profit before tax": 1105,
        "Present corporate income tax expenses": 276,
        "Deferred income taxes expenses": "N/A",
        "The interests of minority shareholders": "N/A",
        "Total Cost of profits": 276,
        "Profit after tax corporate income": 829,
        "Volume": 2400000,
        "Close of Quarter": 5.2,
        "EPS": 902.6,
        "Non-adjusted EPS": 1998,
        "PE": 2.6,
        "Book Price": 6.5
      }
    },
    {
      "quarter": "Q4 2012",
      "income status": {
        "Net sales": 106135,
        "Cost of goods sold": 96997,
        "Gross Profit": 9139,
        "Financial expenses": 3560,
        "Of which: Interest expense": 3560,
        "Cost of sales": "N/A",
        "Enterprise cost management": 1922,
        "Total Operating Expenses": 5482,
        "Total revenue financing activities": 41,
        "Net profit from business activities": 3698,
        "Profit": -1528,
        "Profit before tax": 2170,
        "Present corporate income tax expenses": 265,
        "Deferred income taxes expenses": "N/A",
        "The interests of minority shareholders": "N/A",
        "Total Cost of profits": 265,
        "Profit after tax corporate income": 1905,
        "Volume": 2400000,
        "Close of Quarter": 4.5,
        "EPS": 895.8,
        "Non-adjusted EPS": 1983,
        "PE": 2.3,
        "Book Price": 6.4
      }
    },
    {
      "quarter": "Q3 2012",
      "income status": {
        "Net sales": 63251,
        "Cost of goods sold": 58949,
        "Gross Profit": 4301,
        "Financial expenses": 1588,
        "Of which: Interest expense": 1588,
        "Cost of sales": "N/A",
        "Enterprise cost management": 1786,
        "Total Operating Expenses": 3374,
        "Total revenue financing activities": 143,
        "Net profit from business activities": 1070,
        "Profit": 30,
        "Profit before tax": 1101,
        "Present corporate income tax expenses": 195,
        "Deferred income taxes expenses": "N/A",
        "The interests of minority shareholders": "N/A",
        "Total Cost of profits": 195,
        "Profit after tax corporate income": 906,
        "Volume": 2400000,
        "Close of Quarter": 5.7,
        "EPS": 980.7,
        "Non-adjusted EPS": 2171,
        "PE": 2.6,
        "Book Price": 6.0
      }
    },
    {
      "quarter": "Q2 2012",
      "income status": {
        "Net sales": 83666,
        "Cost of goods sold": 78396,
        "Gross Profit": 5270,
        "Financial expenses": 2867,
        "Of which: Interest expense": 2867,
        "Cost of sales": "N/A",
        "Enterprise cost management": 2378,
        "Total Operating Expenses": 5245,
        "Total revenue financing activities": 375,
        "Net profit from business activities": 400,
        "Profit": 980,
        "Profit before tax": 1380,
        "Present corporate income tax expenses": 225,
        "Deferred income taxes expenses": "N/A",
        "The interests of minority shareholders": "N/A",
        "Total Cost of profits": 225,
        "Profit after tax corporate income": 1155,
        "Volume": 2400000,
        "Close of Quarter": 4.8,
        "EPS": 960.8,
        "Non-adjusted EPS": 2127,
        "PE": 2.3,
        "Book Price": 5.8
      }
    },
    {
      "quarter": "Q1 2012",
      "income status": {
        "Net sales": 50939,
        "Cost of goods sold": 46517,
        "Gross Profit": 4422,
        "Financial expenses": 1687,
        "Of which: Interest expense": 1687,
        "Cost of sales": "N/A",
        "Enterprise cost management": 1813,
        "Total Operating Expenses": 3500,
        "Total revenue financing activities": 281,
        "Net profit from business activities": 1203,
        "Profit": -144,
        "Profit before tax": 1059,
        "Present corporate income tax expenses": 265,
        "Deferred income taxes expenses": "N/A",
        "The interests of minority shareholders": "N/A",
        "Total Cost of profits": 265,
        "Profit after tax corporate income": 794,
        "Volume": 2400000,
        "Close of Quarter": 5.4,
        "EPS": 786.0,
        "Non-adjusted EPS": 1740,
        "PE": 3.1,
        "Book Price": 6.3
      }
    },
    {
      "quarter": "Q4 2011",
      "income status": {
        "Net sales": 97809,
        "Cost of goods sold": 87128,
        "Gross Profit": 10681,
        "Financial expenses": 4776,
        "Of which: Interest expense": 4776,
        "Cost of sales": "N/A",
        "Enterprise cost management": 2155,
        "Total Operating Expenses": 6931,
        "Total revenue financing activities": 101,
        "Net profit from business activities": 3851,
        "Profit": -1213,
        "Profit before tax": 2638,
        "Present corporate income tax expenses": 284,
        "Deferred income taxes expenses": "N/A",
        "The interests of minority shareholders": "N/A",
        "Total Cost of profits": 284,
        "Profit after tax corporate income": 2355,
        "Volume": 2400000,
        "Close of Quarter": 4.5,
        "EPS": 853.8,
        "Non-adjusted EPS": 1890,
        "PE": 2.4,
        "Book Price": 6.2
      }
    },
    {
      "quarter": "Q3 2011",
      "income status": {
        "Net sales": 68774,
        "Cost of goods sold": 63883,
        "Gross Profit": 4890,
        "Financial expenses": 2247,
        "Of which: Interest expense": 2237,
        "Cost of sales": "N/A",
        "Enterprise cost management": 1493,
        "Total Operating Expenses": 3740,
        "Total revenue financing activities": 48,
        "Net profit from business activities": 1198,
        "Profit": -99,
        "Profit before tax": 1099,
        "Present corporate income tax expenses": 298,
        "Deferred income taxes expenses": "N/A",
        "The interests of minority shareholders": "N/A",
        "Total Cost of profits": 298,
        "Profit after tax corporate income": 801,
        "Volume": 2400000,
        "Close of Quarter": 5.2,
        "EPS": 485.6,
        "Non-adjusted EPS": 1075,
        "PE": 4.9,
        "Book Price": 5.7
      }
    },
    {
      "quarter": "Q2 2011",
      "income status": {
        "Net sales": 62261,
        "Cost of goods sold": 57954,
        "Gross Profit": 4307,
        "Financial expenses": 1961,
        "Of which: Interest expense": 1961,
        "Cost of sales": "N/A",
        "Enterprise cost management": 1773,
        "Total Operating Expenses": 3734,
        "Total revenue financing activities": 138,
        "Net profit from business activities": 711,
        "Profit": -189,
        "Profit before tax": 523,
        "Present corporate income tax expenses": 296,
        "Deferred income taxes expenses": "N/A",
        "The interests of minority shareholders": "N/A",
        "Total Cost of profits": 296,
        "Profit after tax corporate income": 227,
        "Volume": 2400000,
        "Close of Quarter": 5.2,
        "EPS": 666.3,
        "Non-adjusted EPS": 1475,
        "PE": 3.5,
        "Book Price": 5.7
      }
    },
    {
      "quarter": "Q1 2011",
      "income status": {
        "Net sales": 62288,
        "Cost of goods sold": 58670,
        "Gross Profit": 3617,
        "Financial expenses": 1528,
        "Of which: Interest expense": 13,
        "Cost of sales": "N/A",
        "Enterprise cost management": 1097,
        "Total Operating Expenses": 2625,
        "Total revenue financing activities": 327,
        "Net profit from business activities": 1319,
        "Profit": "N/A",
        "Profit before tax": 1319,
        "Present corporate income tax expenses": 165,
        "Deferred income taxes expenses": "N/A",
        "The interests of minority shareholders": "N/A",
        "Total Cost of profits": 165,
        "Profit after tax corporate income": 1154,
        "Volume": 2400000,
        "Close of Quarter": 7.8,
        "EPS": 792.3,
        "Non-adjusted EPS": 1754,
        "PE": 4.5,
        "Book Price": 6.3
      }
    }
  ]
}