{
  "ticker": "LHC",
  "data": [
    {
      "quarter": "Q4 2016",
      "income status": {
        "Net sales": 134139,
        "Cost of goods sold": 108170,
        "Gross Profit": 25969,
        "Financial expenses": 87,
        "Of which: Interest expense": "N/A",
        "Cost of sales": 3108,
        "Enterprise cost management": 15021,
        "Total Operating Expenses": 18216,
        "Total revenue financing activities": 688,
        "Net profit from business activities": 8442,
        "Profit": 2808,
        "Profit before tax": 11250,
        "Present corporate income tax expenses": 2184,
        "Deferred income taxes expenses": 82,
        "The interests of minority shareholders": 4333,
        "Total Cost of profits": 6599,
        "Profit after tax corporate income": 4650,
        "Volume": 3600000,
        "Close of Quarter": 60.5,
        "EPS": 7863,
        "Non-adjusted EPS": 7863,
        "PE": 7.7,
        "Book Price": 80.7
      }
    },
    {
      "quarter": "Q3 2016",
      "income status": {
        "Net sales": 125582,
        "Cost of goods sold": 96357,
        "Gross Profit": 29225,
        "Financial expenses": 165,
        "Of which: Interest expense": 143,
        "Cost of sales": 3119,
        "Enterprise cost management": 10675,
        "Total Operating Expenses": 13959,
        "Total revenue financing activities": 94,
        "Net profit from business activities": 15360,
        "Profit": 3998,
        "Profit before tax": 19358,
        "Present corporate income tax expenses": 3812,
        "Deferred income taxes expenses": 63,
        "The interests of minority shareholders": 7442,
        "Total Cost of profits": 11317,
        "Profit after tax corporate income": 8041,
        "Volume": 3600000,
        "Close of Quarter": 70.2,
        "EPS": 7850,
        "Non-adjusted EPS": 7850,
        "PE": 8.9,
        "Book Price": 79.7
      }
    },
    {
      "quarter": "Q2 2016",
      "income status": {
        "Net sales": 148449,
        "Cost of goods sold": 109703,
        "Gross Profit": 38746,
        "Financial expenses": 495,
        "Of which: Interest expense": 489,
        "Cost of sales": 3575,
        "Enterprise cost management": 10004,
        "Total Operating Expenses": 14074,
        "Total revenue financing activities": 520,
        "Net profit from business activities": 25193,
        "Profit": 1377,
        "Profit before tax": 26570,
        "Present corporate income tax expenses": 5518,
        "Deferred income taxes expenses": -277,
        "The interests of minority shareholders": 10543,
        "Total Cost of profits": 15784,
        "Profit after tax corporate income": 10786,
        "Volume": 3600000,
        "Close of Quarter": 55.4,
        "EPS": 7746,
        "Non-adjusted EPS": 7746,
        "PE": 7.2,
        "Book Price": 76.6
      }
    },
    {
      "quarter": "Q1 2016",
      "income status": {
        "Net sales": 85770,
        "Cost of goods sold": 61170,
        "Gross Profit": 24600,
        "Financial expenses": 181,
        "Of which: Interest expense": 162,
        "Cost of sales": 2929,
        "Enterprise cost management": 10520,
        "Total Operating Expenses": 13630,
        "Total revenue financing activities": 211,
        "Net profit from business activities": 11181,
        "Profit": 287,
        "Profit before tax": 11468,
        "Present corporate income tax expenses": 2481,
        "Deferred income taxes expenses": 21,
        "The interests of minority shareholders": 4137,
        "Total Cost of profits": 6639,
        "Profit after tax corporate income": 4829,
        "Volume": 3600000,
        "Close of Quarter": 47.8,
        "EPS": 7366,
        "Non-adjusted EPS": 7366,
        "PE": 6.5,
        "Book Price": 71.7
      }
    },
    {
      "quarter": "Q4 2015",
      "income status": {
        "Net sales": 109983,
        "Cost of goods sold": 89154,
        "Gross Profit": 20829,
        "Financial expenses": 144,
        "Of which: Interest expense": 126,
        "Cost of sales": 2733,
        "Enterprise cost management": 10376,
        "Total Operating Expenses": 13253,
        "Total revenue financing activities": 318,
        "Net profit from business activities": 7894,
        "Profit": 1872,
        "Profit before tax": 9766,
        "Present corporate income tax expenses": 2112,
        "Deferred income taxes expenses": 126,
        "The interests of minority shareholders": 2924,
        "Total Cost of profits": 5162,
        "Profit after tax corporate income": 4604,
        "Volume": 3600000,
        "Close of Quarter": 45.9,
        "EPS": 7233,
        "Non-adjusted EPS": 7233,
        "PE": 6.3,
        "Book Price": 69.5
      }
    },
    {
      "quarter": "Q3 2015",
      "income status": {
        "Net sales": 108713,
        "Cost of goods sold": 80153,
        "Gross Profit": 28559,
        "Financial expenses": 72,
        "Of which: Interest expense": 67,
        "Cost of sales": 2968,
        "Enterprise cost management": 9911,
        "Total Operating Expenses": 12951,
        "Total revenue financing activities": 283,
        "Net profit from business activities": 15891,
        "Profit": 1063,
        "Profit before tax": 16954,
        "Present corporate income tax expenses": 3400,
        "Deferred income taxes expenses": 89,
        "The interests of minority shareholders": 5797,
        "Total Cost of profits": 9286,
        "Profit after tax corporate income": 7668,
        "Volume": 2000000,
        "Close of Quarter": 38.6,
        "EPS": 7477.8,
        "Non-adjusted EPS": 13460,
        "PE": 2.9,
        "Book Price": 66.6
      }
    },
    {
      "quarter": "Q2 2015",
      "income status": {
        "Net sales": 117874,
        "Cost of goods sold": 86966,
        "Gross Profit": 30908,
        "Financial expenses": 115,
        "Of which: Interest expense": 108,
        "Cost of sales": 2891,
        "Enterprise cost management": 9913,
        "Total Operating Expenses": 12919,
        "Total revenue financing activities": 384,
        "Net profit from business activities": 18373,
        "Profit": 842,
        "Profit before tax": 19215,
        "Present corporate income tax expenses": 4201,
        "Deferred income taxes expenses": 15,
        "The interests of minority shareholders": 5585,
        "Total Cost of profits": 9801,
        "Profit after tax corporate income": 9415,
        "Volume": 2000000,
        "Close of Quarter": 40.4,
        "EPS": 7037.8,
        "Non-adjusted EPS": 12668,
        "PE": 3.2,
        "Book Price": 56.6
      }
    },
    {
      "quarter": "Q1 2015",
      "income status": {
        "Net sales": 79420,
        "Cost of goods sold": 63229,
        "Gross Profit": 16191,
        "Financial expenses": 128,
        "Of which: Interest expense": 103,
        "Cost of sales": 1875,
        "Enterprise cost management": 8190,
        "Total Operating Expenses": 10193,
        "Total revenue financing activities": 369,
        "Net profit from business activities": 6367,
        "Profit": 1610,
        "Profit before tax": 7977,
        "Present corporate income tax expenses": 1793,
        "Deferred income taxes expenses": 11,
        "The interests of minority shareholders": 1823,
        "Total Cost of profits": 3627,
        "Profit after tax corporate income": 4350,
        "Volume": 2000000,
        "Close of Quarter": 31.7,
        "EPS": 6052.2,
        "Non-adjusted EPS": 10894,
        "PE": 2.9,
        "Book Price": 52.5
      }
    },
    {
      "quarter": "Q4 2014",
      "income status": {
        "Net sales": 111901,
        "Cost of goods sold": 93212,
        "Gross Profit": 18689,
        "Financial expenses": 172,
        "Of which: Interest expense": 147,
        "Cost of sales": 2772,
        "Enterprise cost management": 8335,
        "Total Operating Expenses": 11279,
        "Total revenue financing activities": 620,
        "Net profit from business activities": 8030,
        "Profit": 2507,
        "Profit before tax": 10537,
        "Present corporate income tax expenses": 2503,
        "Deferred income taxes expenses": -98,
        "The interests of minority shareholders": 2645,
        "Total Cost of profits": 5050,
        "Profit after tax corporate income": 5486,
        "Volume": 2000000,
        "Close of Quarter": 30.8,
        "EPS": 6063.3,
        "Non-adjusted EPS": 10914,
        "PE": 2.8,
        "Book Price": 53.3
      }
    },
    {
      "quarter": "Q3 2014",
      "income status": {
        "Net sales": 76263,
        "Cost of goods sold": 58252,
        "Gross Profit": 18010,
        "Financial expenses": 214,
        "Of which: Interest expense": 187,
        "Cost of sales": 2131,
        "Enterprise cost management": 6167,
        "Total Operating Expenses": 8512,
        "Total revenue financing activities": 295,
        "Net profit from business activities": 9792,
        "Profit": 91,
        "Profit before tax": 9883,
        "Present corporate income tax expenses": 2194,
        "Deferred income taxes expenses": 64,
        "The interests of minority shareholders": 1541,
        "Total Cost of profits": 3799,
        "Profit after tax corporate income": 6084,
        "Volume": 2000000,
        "Close of Quarter": 28.6,
        "EPS": 4995,
        "Non-adjusted EPS": 8991,
        "PE": 3.2,
        "Book Price": 52.6
      }
    },
    {
      "quarter": "Q2 2014",
      "income status": {
        "Net sales": 99621,
        "Cost of goods sold": 80617,
        "Gross Profit": 19004,
        "Financial expenses": 116,
        "Of which: Interest expense": 106,
        "Cost of sales": 2232,
        "Enterprise cost management": 8422,
        "Total Operating Expenses": 10770,
        "Total revenue financing activities": 451,
        "Net profit from business activities": 8685,
        "Profit": -23,
        "Profit before tax": 8662,
        "Present corporate income tax expenses": 1797,
        "Deferred income taxes expenses": 48,
        "The interests of minority shareholders": 950,
        "Total Cost of profits": 2795,
        "Profit after tax corporate income": 5867,
        "Volume": 2000000,
        "Close of Quarter": 26.7,
        "EPS": 4823.3,
        "Non-adjusted EPS": 8682,
        "PE": 3.1,
        "Book Price": 50.4
      }
    },
    {
      "quarter": "Q1 2014",
      "income status": {
        "Net sales": 77567,
        "Cost of goods sold": 62666,
        "Gross Profit": 14901,
        "Financial expenses": 173,
        "Of which: Interest expense": 167,
        "Cost of sales": 2180,
        "Enterprise cost management": 6768,
        "Total Operating Expenses": 9121,
        "Total revenue financing activities": 874,
        "Net profit from business activities": 6654,
        "Profit": 34,
        "Profit before tax": 6689,
        "Present corporate income tax expenses": 1473,
        "Deferred income taxes expenses": 56,
        "The interests of minority shareholders": 768,
        "Total Cost of profits": 2297,
        "Profit after tax corporate income": 4391,
        "Volume": 2000000,
        "Close of Quarter": 30.3,
        "EPS": 11180,
        "Non-adjusted EPS": 20124,
        "PE": 1.5,
        "Book Price": 48.8
      }
    },
    {
      "quarter": "Q4 2013",
      "income status": {
        "Net sales": 89672,
        "Cost of goods sold": 79187,
        "Gross Profit": 10485,
        "Financial expenses": 153,
        "Of which: Interest expense": 110,
        "Cost of sales": 2859,
        "Enterprise cost management": 8277,
        "Total Operating Expenses": 11289,
        "Total revenue financing activities": 765,
        "Net profit from business activities": -40,
        "Profit": 2879,
        "Profit before tax": 2840,
        "Present corporate income tax expenses": 806,
        "Deferred income taxes expenses": -127,
        "The interests of minority shareholders": 521,
        "Total Cost of profits": 1200,
        "Profit after tax corporate income": 1640,
        "Volume": 2000000,
        "Close of Quarter": 24.5,
        "EPS": 10759.4,
        "Non-adjusted EPS": 19367,
        "PE": 1.3,
        "Book Price": 30.8
      }
    },
    {
      "quarter": "Q3 2013",
      "income status": {
        "Net sales": 74923,
        "Cost of goods sold": 58318,
        "Gross Profit": 16605,
        "Financial expenses": 83,
        "Of which: Interest expense": 72,
        "Cost of sales": 1796,
        "Enterprise cost management": 6560,
        "Total Operating Expenses": 8439,
        "Total revenue financing activities": 771,
        "Net profit from business activities": 8937,
        "Profit": 1280,
        "Profit before tax": 10217,
        "Present corporate income tax expenses": 2429,
        "Deferred income taxes expenses": 64,
        "The interests of minority shareholders": 2258,
        "Total Cost of profits": 4751,
        "Profit after tax corporate income": 5466,
        "Volume": 2000000,
        "Close of Quarter": 20.6,
        "EPS": 12823.3,
        "Non-adjusted EPS": 23082,
        "PE": 0.9,
        "Book Price": 31.6
      }
    },
    {
      "quarter": "Q2 2013",
      "income status": {
        "Net sales": 47363,
        "Cost of goods sold": 35876,
        "Gross Profit": 11487,
        "Financial expenses": 140,
        "Of which: Interest expense": 116,
        "Cost of sales": 685,
        "Enterprise cost management": 3885,
        "Total Operating Expenses": 4710,
        "Total revenue financing activities": 345,
        "Net profit from business activities": 7122,
        "Profit": 23867,
        "Profit before tax": 30988,
        "Present corporate income tax expenses": 1332,
        "Deferred income taxes expenses": 85,
        "The interests of minority shareholders": 820,
        "Total Cost of profits": 2237,
        "Profit after tax corporate income": 28751,
        "Volume": 2000000,
        "Close of Quarter": 16.7,
        "EPS": 12254.4,
        "Non-adjusted EPS": 22058,
        "PE": 0.8,
        "Book Price": 30.1
      }
    },
    {
      "quarter": "Q1 2013",
      "income status": {
        "Net sales": 31011,
        "Cost of goods sold": 25645,
        "Gross Profit": 5366,
        "Financial expenses": 86,
        "Of which: Interest expense": 86,
        "Cost of sales": "N/A",
        "Enterprise cost management": 2097,
        "Total Operating Expenses": 2183,
        "Total revenue financing activities": 450,
        "Net profit from business activities": 3633,
        "Profit": 204,
        "Profit before tax": 3837,
        "Present corporate income tax expenses": 959,
        "Deferred income taxes expenses": "N/A",
        "The interests of minority shareholders": "N/A",
        "Total Cost of profits": 959,
        "Profit after tax corporate income": 2877,
        "Volume": 2000000,
        "Close of Quarter": 16.1,
        "EPS": 5633.9,
        "Non-adjusted EPS": 10141,
        "PE": 1.6,
        "Book Price": 20.7
      }
    },
    {
      "quarter": "Q4 2012",
      "income status": {
        "Net sales": 32206,
        "Cost of goods sold": 22948,
        "Gross Profit": 9258,
        "Financial expenses": -257,
        "Of which: Interest expense": 399,
        "Cost of sales": "N/A",
        "Enterprise cost management": 3254,
        "Total Operating Expenses": 2997,
        "Total revenue financing activities": 4174,
        "Net profit from business activities": 10435,
        "Profit": 170,
        "Profit before tax": 10605,
        "Present corporate income tax expenses": 1537,
        "Deferred income taxes expenses": "N/A",
        "The interests of minority shareholders": "N/A",
        "Total Cost of profits": 1537,
        "Profit after tax corporate income": 9069,
        "Volume": 2000000,
        "Close of Quarter": 10.0,
        "EPS": 5926.1,
        "Non-adjusted EPS": 10667,
        "PE": 0.9,
        "Book Price": 21.2
      }
    },
    {
      "quarter": "Q3 2012",
      "income status": {
        "Net sales": 23249,
        "Cost of goods sold": 17916,
        "Gross Profit": 5333,
        "Financial expenses": -181,
        "Of which: Interest expense": 139,
        "Cost of sales": "N/A",
        "Enterprise cost management": 1505,
        "Total Operating Expenses": 1324,
        "Total revenue financing activities": 26,
        "Net profit from business activities": 4035,
        "Profit": 109,
        "Profit before tax": 4144,
        "Present corporate income tax expenses": 725,
        "Deferred income taxes expenses": "N/A",
        "The interests of minority shareholders": "N/A",
        "Total Cost of profits": 725,
        "Profit after tax corporate income": 3419,
        "Volume": 2000000,
        "Close of Quarter": 8.7,
        "EPS": 4491.1,
        "Non-adjusted EPS": 8084,
        "PE": 1.1,
        "Book Price": 19.9
      }
    },
    {
      "quarter": "Q2 2012",
      "income status": {
        "Net sales": 22142,
        "Cost of goods sold": 17021,
        "Gross Profit": 5121,
        "Financial expenses": -3308,
        "Of which: Interest expense": 142,
        "Cost of sales": "N/A",
        "Enterprise cost management": 2090,
        "Total Operating Expenses": -1218,
        "Total revenue financing activities": -751,
        "Net profit from business activities": 5587,
        "Profit": "N/A",
        "Profit before tax": 5587,
        "Present corporate income tax expenses": 670,
        "Deferred income taxes expenses": "N/A",
        "The interests of minority shareholders": "N/A",
        "Total Cost of profits": 670,
        "Profit after tax corporate income": 4917,
        "Volume": 2000000,
        "Close of Quarter": 9.3,
        "EPS": 4933.3,
        "Non-adjusted EPS": 8880,
        "PE": 1.1,
        "Book Price": 19
      }
    },
    {
      "quarter": "Q1 2012",
      "income status": {
        "Net sales": 23374,
        "Cost of goods sold": 21480,
        "Gross Profit": 1894,
        "Financial expenses": 174,
        "Of which: Interest expense": 7741,
        "Cost of sales": "N/A",
        "Enterprise cost management": 1672,
        "Total Operating Expenses": 1846,
        "Total revenue financing activities": 4907,
        "Net profit from business activities": 4954,
        "Profit": "N/A",
        "Profit before tax": 4954,
        "Present corporate income tax expenses": 1026,
        "Deferred income taxes expenses": "N/A",
        "The interests of minority shareholders": "N/A",
        "Total Cost of profits": 1026,
        "Profit after tax corporate income": 3928,
        "Volume": 2000000,
        "Close of Quarter": 8.4,
        "EPS": 4518.3,
        "Non-adjusted EPS": 8133,
        "PE": 1.0,
        "Book Price": 17.7
      }
    },
    {
      "quarter": "Q4 2011",
      "income status": {
        "Net sales": 41024,
        "Cost of goods sold": 36747,
        "Gross Profit": 4276,
        "Financial expenses": 1377,
        "Of which: Interest expense": 627,
        "Cost of sales": "N/A",
        "Enterprise cost management": 2297,
        "Total Operating Expenses": 3674,
        "Total revenue financing activities": 4047,
        "Net profit from business activities": 4649,
        "Profit": "N/A",
        "Profit before tax": 4649,
        "Present corporate income tax expenses": 745,
        "Deferred income taxes expenses": "N/A",
        "The interests of minority shareholders": "N/A",
        "Total Cost of profits": 745,
        "Profit after tax corporate income": 3904,
        "Volume": 2000000,
        "Close of Quarter": 6.2,
        "EPS": 4525.6,
        "Non-adjusted EPS": 8146,
        "PE": 0.8,
        "Book Price": 17.9
      }
    },
    {
      "quarter": "Q3 2011",
      "income status": {
        "Net sales": 34997,
        "Cost of goods sold": 27938,
        "Gross Profit": 7058,
        "Financial expenses": 885,
        "Of which: Interest expense": 777,
        "Cost of sales": "N/A",
        "Enterprise cost management": 1677,
        "Total Operating Expenses": 2562,
        "Total revenue financing activities": 743,
        "Net profit from business activities": 5239,
        "Profit": 8,
        "Profit before tax": 5247,
        "Present corporate income tax expenses": 237,
        "Deferred income taxes expenses": "N/A",
        "The interests of minority shareholders": "N/A",
        "Total Cost of profits": 237,
        "Profit after tax corporate income": 5010,
        "Volume": 2000000,
        "Close of Quarter": 6.3,
        "EPS": 4434.4,
        "Non-adjusted EPS": 7982,
        "PE": 0.8,
        "Book Price": 18.3
      }
    },
    {
      "quarter": "Q2 2011",
      "income status": {
        "Net sales": 38585,
        "Cost of goods sold": 30382,
        "Gross Profit": 8203,
        "Financial expenses": 2403,
        "Of which: Interest expense": 772,
        "Cost of sales": "N/A",
        "Enterprise cost management": 1741,
        "Total Operating Expenses": 4144,
        "Total revenue financing activities": 328,
        "Net profit from business activities": 4386,
        "Profit": 91,
        "Profit before tax": 4477,
        "Present corporate income tax expenses": 1054,
        "Deferred income taxes expenses": "N/A",
        "The interests of minority shareholders": "N/A",
        "Total Cost of profits": 1054,
        "Profit after tax corporate income": 3423,
        "Volume": 2000000,
        "Close of Quarter": 7.4,
        "EPS": 3787.2,
        "Non-adjusted EPS": 6817,
        "PE": 1.1,
        "Book Price": 17.3
      }
    },
    {
      "quarter": "Q1 2011",
      "income status": {
        "Net sales": 40360,
        "Cost of goods sold": 31480,
        "Gross Profit": 8880,
        "Financial expenses": 2612,
        "Of which: Interest expense": 465,
        "Cost of sales": "N/A",
        "Enterprise cost management": 1894,
        "Total Operating Expenses": 4506,
        "Total revenue financing activities": 564,
        "Net profit from business activities": 4938,
        "Profit": 182,
        "Profit before tax": 5120,
        "Present corporate income tax expenses": 1166,
        "Deferred income taxes expenses": "N/A",
        "The interests of minority shareholders": "N/A",
        "Total Cost of profits": 1166,
        "Profit after tax corporate income": 3954,
        "Volume": 2000000,
        "Close of Quarter": 6.7,
        "EPS": 5392.2,
        "Non-adjusted EPS": 9706,
        "PE": 0.7,
        "Book Price": 18.4
      }
    }
  ]
}