{
  "ticker": "ALT",
  "data": [
    {
      "quarter": "Q4 2016",
      "income status": {
        "Net sales": 40199,
        "Cost of goods sold": 33465,
        "Gross Profit": 6734,
        "Financial expenses": -20,
        "Of which: Interest expense": 6,
        "Cost of sales": 1124,
        "Enterprise cost management": 3207,
        "Total Operating Expenses": 4311,
        "Total revenue financing activities": 302,
        "Net profit from business activities": 2457,
        "Profit": 3,
        "Profit before tax": 2460,
        "Present corporate income tax expenses": 456,
        "Deferred income taxes expenses": "N/A",
        "The interests of minority shareholders": "N/A",
        "Total Cost of profits": 456,
        "Profit after tax corporate income": 2004,
        "Volume": 5736709,
        "Close of Quarter": 12.4,
        "EPS": 1035,
        "Non-adjusted EPS": 1035,
        "PE": 12.0,
        "Book Price": 35.9
      }
    },
    {
      "quarter": "Q3 2016",
      "income status": {
        "Net sales": 29129,
        "Cost of goods sold": 24038,
        "Gross Profit": 5091,
        "Financial expenses": 43,
        "Of which: Interest expense": 19,
        "Cost of sales": 772,
        "Enterprise cost management": 4270,
        "Total Operating Expenses": 5085,
        "Total revenue financing activities": 706,
        "Net profit from business activities": 1657,
        "Profit": -32,
        "Profit before tax": 1625,
        "Present corporate income tax expenses": 226,
        "Deferred income taxes expenses": "N/A",
        "The interests of minority shareholders": "N/A",
        "Total Cost of profits": 226,
        "Profit after tax corporate income": 1399,
        "Volume": 5736709,
        "Close of Quarter": 10,
        "EPS": 1353,
        "Non-adjusted EPS": 1353,
        "PE": 7.4,
        "Book Price": 35.5
      }
    },
    {
      "quarter": "Q2 2016",
      "income status": {
        "Net sales": 31859,
        "Cost of goods sold": 25997,
        "Gross Profit": 5863,
        "Financial expenses": 134,
        "Of which: Interest expense": 50,
        "Cost of sales": 1129,
        "Enterprise cost management": 4144,
        "Total Operating Expenses": 5407,
        "Total revenue financing activities": 567,
        "Net profit from business activities": 2230,
        "Profit": 1,
        "Profit before tax": 2230,
        "Present corporate income tax expenses": 222,
        "Deferred income taxes expenses": "N/A",
        "The interests of minority shareholders": "N/A",
        "Total Cost of profits": 222,
        "Profit after tax corporate income": 2009,
        "Volume": 5736709,
        "Close of Quarter": 11.8,
        "EPS": 1191,
        "Non-adjusted EPS": 1191,
        "PE": 9.9,
        "Book Price": 35.3
      }
    },
    {
      "quarter": "Q1 2016",
      "income status": {
        "Net sales": 28052,
        "Cost of goods sold": 23407,
        "Gross Profit": 4646,
        "Financial expenses": 371,
        "Of which: Interest expense": 81,
        "Cost of sales": 1156,
        "Enterprise cost management": 3590,
        "Total Operating Expenses": 5117,
        "Total revenue financing activities": 638,
        "Net profit from business activities": 529,
        "Profit": -1,
        "Profit before tax": 528,
        "Present corporate income tax expenses": "N/A",
        "Deferred income taxes expenses": "N/A",
        "The interests of minority shareholders": "N/A",
        "Total Cost of profits": 0,
        "Profit after tax corporate income": 528,
        "Volume": 5736709,
        "Close of Quarter": 12.5,
        "EPS": 1012,
        "Non-adjusted EPS": 1012,
        "PE": 12.3,
        "Book Price": 35.6
      }
    },
    {
      "quarter": "Q4 2015",
      "income status": {
        "Net sales": 36515,
        "Cost of goods sold": 27888,
        "Gross Profit": 8627,
        "Financial expenses": 275,
        "Of which: Interest expense": 100,
        "Cost of sales": 967,
        "Enterprise cost management": 4733,
        "Total Operating Expenses": 5975,
        "Total revenue financing activities": 467,
        "Net profit from business activities": 3942,
        "Profit": "N/A",
        "Profit before tax": 3942,
        "Present corporate income tax expenses": 119,
        "Deferred income taxes expenses": "N/A",
        "The interests of minority shareholders": "N/A",
        "Total Cost of profits": 119,
        "Profit after tax corporate income": 3824,
        "Volume": 5412250,
        "Close of Quarter": 13.1,
        "EPS": 1101.9,
        "Non-adjusted EPS": 1168,
        "PE": 11.3,
        "Book Price": 37.7
      }
    },
    {
      "quarter": "Q3 2015",
      "income status": {
        "Net sales": 32693,
        "Cost of goods sold": 28361,
        "Gross Profit": 4332,
        "Financial expenses": 264,
        "Of which: Interest expense": 113,
        "Cost of sales": 903,
        "Enterprise cost management": 3806,
        "Total Operating Expenses": 4973,
        "Total revenue financing activities": 731,
        "Net profit from business activities": 376,
        "Profit": 158,
        "Profit before tax": 534,
        "Present corporate income tax expenses": 60,
        "Deferred income taxes expenses": "N/A",
        "The interests of minority shareholders": "N/A",
        "Total Cost of profits": 60,
        "Profit after tax corporate income": 474,
        "Volume": 5412250,
        "Close of Quarter": 11.3,
        "EPS": 835.9,
        "Non-adjusted EPS": 886,
        "PE": 12.8,
        "Book Price": 37
      }
    },
    {
      "quarter": "Q2 2015",
      "income status": {
        "Net sales": 31121,
        "Cost of goods sold": 27378,
        "Gross Profit": 3743,
        "Financial expenses": 249,
        "Of which: Interest expense": 78,
        "Cost of sales": 704,
        "Enterprise cost management": 2630,
        "Total Operating Expenses": 3583,
        "Total revenue financing activities": 621,
        "Net profit from business activities": 1071,
        "Profit": -4,
        "Profit before tax": 1067,
        "Present corporate income tax expenses": 89,
        "Deferred income taxes expenses": "N/A",
        "The interests of minority shareholders": "N/A",
        "Total Cost of profits": 89,
        "Profit after tax corporate income": 978,
        "Volume": 5412250,
        "Close of Quarter": 11.7,
        "EPS": 574.6,
        "Non-adjusted EPS": 609,
        "PE": 19.2,
        "Book Price": 36.9
      }
    },
    {
      "quarter": "Q1 2015",
      "income status": {
        "Net sales": 33560,
        "Cost of goods sold": 29787,
        "Gross Profit": 3773,
        "Financial expenses": 130,
        "Of which: Interest expense": 73,
        "Cost of sales": 826,
        "Enterprise cost management": 2365,
        "Total Operating Expenses": 3321,
        "Total revenue financing activities": 439,
        "Net profit from business activities": 1048,
        "Profit": "N/A",
        "Profit before tax": 1048,
        "Present corporate income tax expenses": "N/A",
        "Deferred income taxes expenses": "N/A",
        "The interests of minority shareholders": "N/A",
        "Total Cost of profits": 0,
        "Profit after tax corporate income": 1048,
        "Volume": 5412250,
        "Close of Quarter": 11.3,
        "EPS": 434.9,
        "Non-adjusted EPS": 461,
        "PE": 24.6,
        "Book Price": 36.7
      }
    },
    {
      "quarter": "Q4 2014",
      "income status": {
        "Net sales": 54142,
        "Cost of goods sold": 46566,
        "Gross Profit": 7576,
        "Financial expenses": -1983,
        "Of which: Interest expense": 43,
        "Cost of sales": 1948,
        "Enterprise cost management": 4088,
        "Total Operating Expenses": 4053,
        "Total revenue financing activities": 385,
        "Net profit from business activities": 3578,
        "Profit": -1031,
        "Profit before tax": 2547,
        "Present corporate income tax expenses": 253,
        "Deferred income taxes expenses": "N/A",
        "The interests of minority shareholders": "N/A",
        "Total Cost of profits": 253,
        "Profit after tax corporate income": 2294,
        "Volume": 4920399,
        "Close of Quarter": 10.3,
        "EPS": 310.5,
        "Non-adjusted EPS": 362,
        "PE": 28.5,
        "Book Price": 40.2
      }
    },
    {
      "quarter": "Q3 2014",
      "income status": {
        "Net sales": 32316,
        "Cost of goods sold": 31278,
        "Gross Profit": 1038,
        "Financial expenses": 137,
        "Of which: Interest expense": 45,
        "Cost of sales": 329,
        "Enterprise cost management": 2177,
        "Total Operating Expenses": 2643,
        "Total revenue financing activities": 403,
        "Net profit from business activities": -1026,
        "Profit": 1,
        "Profit before tax": -1025,
        "Present corporate income tax expenses": "N/A",
        "Deferred income taxes expenses": "N/A",
        "The interests of minority shareholders": "N/A",
        "Total Cost of profits": 0,
        "Profit after tax corporate income": -1025,
        "Volume": 4920399,
        "Close of Quarter": 9.5,
        "EPS": 77.2,
        "Non-adjusted EPS": 90,
        "PE": 105.2,
        "Book Price": 39.8
      }
    },
    {
      "quarter": "Q2 2014",
      "income status": {
        "Net sales": 32578,
        "Cost of goods sold": 30562,
        "Gross Profit": 2016,
        "Financial expenses": 1305,
        "Of which: Interest expense": 53,
        "Cost of sales": 512,
        "Enterprise cost management": 1432,
        "Total Operating Expenses": 3249,
        "Total revenue financing activities": 590,
        "Net profit from business activities": 231,
        "Profit": -25,
        "Profit before tax": 206,
        "Present corporate income tax expenses": 27,
        "Deferred income taxes expenses": "N/A",
        "The interests of minority shareholders": "N/A",
        "Total Cost of profits": 27,
        "Profit after tax corporate income": 179,
        "Volume": 4920399,
        "Close of Quarter": 9.8,
        "EPS": 391.1,
        "Non-adjusted EPS": 456,
        "PE": 21.5,
        "Book Price": 40
      }
    },
    {
      "quarter": "Q1 2014",
      "income status": {
        "Net sales": 31819,
        "Cost of goods sold": 29916,
        "Gross Profit": 1903,
        "Financial expenses": 96,
        "Of which: Interest expense": 78,
        "Cost of sales": 395,
        "Enterprise cost management": 1547,
        "Total Operating Expenses": 2038,
        "Total revenue financing activities": 379,
        "Net profit from business activities": 484,
        "Profit": 5,
        "Profit before tax": 488,
        "Present corporate income tax expenses": 153,
        "Deferred income taxes expenses": "N/A",
        "The interests of minority shareholders": "N/A",
        "Total Cost of profits": 153,
        "Profit after tax corporate income": 335,
        "Volume": 4920399,
        "Close of Quarter": 10.5,
        "EPS": 398.8,
        "Non-adjusted EPS": 465,
        "PE": 22.7,
        "Book Price": 39.6
      }
    },
    {
      "quarter": "Q4 2013",
      "income status": {
        "Net sales": 34094,
        "Cost of goods sold": 31749,
        "Gross Profit": 2346,
        "Financial expenses": 149,
        "Of which: Interest expense": 106,
        "Cost of sales": 436,
        "Enterprise cost management": 1379,
        "Total Operating Expenses": 1964,
        "Total revenue financing activities": 897,
        "Net profit from business activities": 1279,
        "Profit": -19,
        "Profit before tax": 1000,
        "Present corporate income tax expenses": 52,
        "Deferred income taxes expenses": "N/A",
        "The interests of minority shareholders": -7,
        "Total Cost of profits": 45,
        "Profit after tax corporate income": 955,
        "Volume": 4920399,
        "Close of Quarter": 9.8,
        "EPS": 380.0,
        "Non-adjusted EPS": 443,
        "PE": 22.1,
        "Book Price": 34.1
      }
    },
    {
      "quarter": "Q3 2013",
      "income status": {
        "Net sales": 31894,
        "Cost of goods sold": 29799,
        "Gross Profit": 2095,
        "Financial expenses": 329,
        "Of which: Interest expense": 116,
        "Cost of sales": 429,
        "Enterprise cost management": 1431,
        "Total Operating Expenses": 2189,
        "Total revenue financing activities": 481,
        "Net profit from business activities": 388,
        "Profit": -18,
        "Profit before tax": 842,
        "Present corporate income tax expenses": 68,
        "Deferred income taxes expenses": "N/A",
        "The interests of minority shareholders": "N/A",
        "Total Cost of profits": 68,
        "Profit after tax corporate income": 775,
        "Volume": 4920399,
        "Close of Quarter": 9.2,
        "EPS": -332.8,
        "Non-adjusted EPS": -388,
        "PE": -23.8,
        "Book Price": 34.0
      }
    },
    {
      "quarter": "Q2 2013",
      "income status": {
        "Net sales": 28627,
        "Cost of goods sold": 27345,
        "Gross Profit": 1282,
        "Financial expenses": 241,
        "Of which: Interest expense": 129,
        "Cost of sales": 398,
        "Enterprise cost management": 1068,
        "Total Operating Expenses": 1707,
        "Total revenue financing activities": 453,
        "Net profit from business activities": 28,
        "Profit": -6,
        "Profit before tax": 221,
        "Present corporate income tax expenses": "N/A",
        "Deferred income taxes expenses": "N/A",
        "The interests of minority shareholders": "N/A",
        "Total Cost of profits": 0,
        "Profit after tax corporate income": 221,
        "Volume": 4920399,
        "Close of Quarter": 9.1,
        "EPS": -656.1,
        "Non-adjusted EPS": -765,
        "PE": -11.8,
        "Book Price": 33.8
      }
    },
    {
      "quarter": "Q1 2013",
      "income status": {
        "Net sales": 27154,
        "Cost of goods sold": 25708,
        "Gross Profit": 1446,
        "Financial expenses": 176,
        "Of which: Interest expense": 156,
        "Cost of sales": 388,
        "Enterprise cost management": 1172,
        "Total Operating Expenses": 1736,
        "Total revenue financing activities": 469,
        "Net profit from business activities": 179,
        "Profit": -12,
        "Profit before tax": 211,
        "Present corporate income tax expenses": "N/A",
        "Deferred income taxes expenses": "N/A",
        "The interests of minority shareholders": -16,
        "Total Cost of profits": -16,
        "Profit after tax corporate income": 227,
        "Volume": 4920399,
        "Close of Quarter": 8.2,
        "EPS": -928.9,
        "Non-adjusted EPS": -1083,
        "PE": -7.5,
        "Book Price": 33.8
      }
    },
    {
      "quarter": "Q4 2012",
      "income status": {
        "Net sales": 32139,
        "Cost of goods sold": 34928,
        "Gross Profit": -2789,
        "Financial expenses": 252,
        "Of which: Interest expense": 239,
        "Cost of sales": 437,
        "Enterprise cost management": 1362,
        "Total Operating Expenses": 2051,
        "Total revenue financing activities": 1223,
        "Net profit from business activities": -3617,
        "Profit": 474,
        "Profit before tax": -3283,
        "Present corporate income tax expenses": -53,
        "Deferred income taxes expenses": "N/A",
        "The interests of minority shareholders": -97,
        "Total Cost of profits": -150,
        "Profit after tax corporate income": -3132,
        "Volume": 4920399,
        "Close of Quarter": 16,
        "EPS": -1105.6,
        "Non-adjusted EPS": -1289,
        "PE": -12.4,
        "Book Price": 33.7
      }
    },
    {
      "quarter": "Q3 2012",
      "income status": {
        "Net sales": 36328,
        "Cost of goods sold": 36141,
        "Gross Profit": 187,
        "Financial expenses": 614,
        "Of which: Interest expense": 360,
        "Cost of sales": 386,
        "Enterprise cost management": 1093,
        "Total Operating Expenses": 2093,
        "Total revenue financing activities": 491,
        "Net profit from business activities": -1415,
        "Profit": -9,
        "Profit before tax": -1245,
        "Present corporate income tax expenses": -79,
        "Deferred income taxes expenses": "N/A",
        "The interests of minority shareholders": -88,
        "Total Cost of profits": -167,
        "Profit after tax corporate income": -1079,
        "Volume": 4920399,
        "Close of Quarter": 11.4,
        "EPS": -559.2,
        "Non-adjusted EPS": -652,
        "PE": -17.4,
        "Book Price": 34.3
      }
    },
    {
      "quarter": "Q2 2012",
      "income status": {
        "Net sales": 35410,
        "Cost of goods sold": 35034,
        "Gross Profit": 375,
        "Financial expenses": 827,
        "Of which: Interest expense": 387,
        "Cost of sales": 368,
        "Enterprise cost management": 971,
        "Total Operating Expenses": 2166,
        "Total revenue financing activities": 283,
        "Net profit from business activities": -1508,
        "Profit": -467,
        "Profit before tax": -1611,
        "Present corporate income tax expenses": -26,
        "Deferred income taxes expenses": "N/A",
        "The interests of minority shareholders": -240,
        "Total Cost of profits": -266,
        "Profit after tax corporate income": -1346,
        "Volume": 4920399,
        "Close of Quarter": 7.8,
        "EPS": 288.2,
        "Non-adjusted EPS": 336,
        "PE": 23.2,
        "Book Price": 35.0
      }
    },
    {
      "quarter": "Q1 2012",
      "income status": {
        "Net sales": 29686,
        "Cost of goods sold": 28894,
        "Gross Profit": 792,
        "Financial expenses": 748,
        "Of which: Interest expense": 466,
        "Cost of sales": 321,
        "Enterprise cost management": 1063,
        "Total Operating Expenses": 2132,
        "Total revenue financing activities": 245,
        "Net profit from business activities": -1094,
        "Profit": "N/A",
        "Profit before tax": -819,
        "Present corporate income tax expenses": 26,
        "Deferred income taxes expenses": "N/A",
        "The interests of minority shareholders": -61,
        "Total Cost of profits": -35,
        "Profit after tax corporate income": -783,
        "Volume": 4920399,
        "Close of Quarter": 8.2,
        "EPS": 824.3,
        "Non-adjusted EPS": 961,
        "PE": 8.5,
        "Book Price": 34.7
      }
    },
    {
      "quarter": "Q4 2011",
      "income status": {
        "Net sales": 55806,
        "Cost of goods sold": 53811,
        "Gross Profit": 1995,
        "Financial expenses": 2783,
        "Of which: Interest expense": 618,
        "Cost of sales": 849,
        "Enterprise cost management": 449,
        "Total Operating Expenses": 4081,
        "Total revenue financing activities": 1326,
        "Net profit from business activities": -760,
        "Profit": -1,
        "Profit before tax": -361,
        "Present corporate income tax expenses": -310,
        "Deferred income taxes expenses": "N/A",
        "The interests of minority shareholders": -52,
        "Total Cost of profits": -362,
        "Profit after tax corporate income": 1,
        "Volume": 4920399,
        "Close of Quarter": 8.8,
        "EPS": 985.5,
        "Non-adjusted EPS": 1149,
        "PE": 7.7,
        "Book Price": 35.7
      }
    },
    {
      "quarter": "Q3 2011",
      "income status": {
        "Net sales": 38917,
        "Cost of goods sold": 37953,
        "Gross Profit": 964,
        "Financial expenses": 674,
        "Of which: Interest expense": 530,
        "Cost of sales": 312,
        "Enterprise cost management": 1118,
        "Total Operating Expenses": 2104,
        "Total revenue financing activities": 1107,
        "Net profit from business activities": -33,
        "Profit": 4787,
        "Profit before tax": 6303,
        "Present corporate income tax expenses": 737,
        "Deferred income taxes expenses": "N/A",
        "The interests of minority shareholders": -70,
        "Total Cost of profits": 667,
        "Profit after tax corporate income": 3783,
        "Volume": 4920399,
        "Close of Quarter": 8.2,
        "EPS": 1054.1,
        "Non-adjusted EPS": 1229,
        "PE": 6.7,
        "Book Price": 35.9
      }
    },
    {
      "quarter": "Q2 2011",
      "income status": {
        "Net sales": 36381,
        "Cost of goods sold": 32886,
        "Gross Profit": 3495,
        "Financial expenses": 697,
        "Of which: Interest expense": 741,
        "Cost of sales": 444,
        "Enterprise cost management": 1552,
        "Total Operating Expenses": 2693,
        "Total revenue financing activities": 789,
        "Net profit from business activities": 1591,
        "Profit": -21,
        "Profit before tax": 1743,
        "Present corporate income tax expenses": 68,
        "Deferred income taxes expenses": "N/A",
        "The interests of minority shareholders": -52,
        "Total Cost of profits": 16,
        "Profit after tax corporate income": 1727,
        "Volume": 4920399,
        "Close of Quarter": 10.3,
        "EPS": 554.9,
        "Non-adjusted EPS": 647,
        "PE": 15.9,
        "Book Price": 35.2
      }
    },
    {
      "quarter": "Q1 2011",
      "income status": {
        "Net sales": 31905,
        "Cost of goods sold": 29406,
        "Gross Profit": 2499,
        "Financial expenses": 969,
        "Of which: Interest expense": 480,
        "Cost of sales": 383,
        "Enterprise cost management": 1269,
        "Total Operating Expenses": 2621,
        "Total revenue financing activities": 1036,
        "Net profit from business activities": 914,
        "Profit": -762,
        "Profit before tax": 110,
        "Present corporate income tax expenses": 29,
        "Deferred income taxes expenses": "N/A",
        "The interests of minority shareholders": -62,
        "Total Cost of profits": -33,
        "Profit after tax corporate income": 144,
        "Volume": 4920399,
        "Close of Quarter": 10.6,
        "EPS": 550.7,
        "Non-adjusted EPS": 642,
        "PE": 16.5,
        "Book Price": 34.9
      }
    }
  ]
}