{
  "ticker": "DTT",
  "data": [
    {
      "quarter": "Q4 2016",
      "income status": {
        "Net sales": 31992,
        "Cost of goods sold": 26442,
        "Gross Profit": 5550,
        "Financial expenses": 387,
        "Of which: Interest expense": 379,
        "Cost of sales": 1131,
        "Enterprise cost management": 1611,
        "Total Operating Expenses": 3129,
        "Total revenue financing activities": 360,
        "Net profit from business activities": 2781,
        "Profit": -101,
        "Profit before tax": 2680,
        "Present corporate income tax expenses": 536,
        "Deferred income taxes expenses": "N/A",
        "The interests of minority shareholders": "N/A",
        "Total Cost of profits": 536,
        "Profit after tax corporate income": 2144,
        "Volume": 8151820,
        "Close of Quarter": 8.9,
        "EPS": 928,
        "Non-adjusted EPS": 928,
        "PE": 9.6,
        "Book Price": 14.9
      }
    },
    {
      "quarter": "Q3 2016",
      "income status": {
        "Net sales": 28463,
        "Cost of goods sold": 23965,
        "Gross Profit": 4499,
        "Financial expenses": 410,
        "Of which: Interest expense": 410,
        "Cost of sales": 1159,
        "Enterprise cost management": 1393,
        "Total Operating Expenses": 2962,
        "Total revenue financing activities": 7,
        "Net profit from business activities": 1543,
        "Profit": 387,
        "Profit before tax": 1929,
        "Present corporate income tax expenses": 409,
        "Deferred income taxes expenses": "N/A",
        "The interests of minority shareholders": "N/A",
        "Total Cost of profits": 409,
        "Profit after tax corporate income": 1520,
        "Volume": 8151820,
        "Close of Quarter": 9.3,
        "EPS": 866,
        "Non-adjusted EPS": 866,
        "PE": 10.7,
        "Book Price": 14.7
      }
    },
    {
      "quarter": "Q2 2016",
      "income status": {
        "Net sales": 35652,
        "Cost of goods sold": 29926,
        "Gross Profit": 5726,
        "Financial expenses": 240,
        "Of which: Interest expense": 353,
        "Cost of sales": 1008,
        "Enterprise cost management": 2081,
        "Total Operating Expenses": 3329,
        "Total revenue financing activities": 42,
        "Net profit from business activities": 2438,
        "Profit": 84,
        "Profit before tax": 2522,
        "Present corporate income tax expenses": 465,
        "Deferred income taxes expenses": "N/A",
        "The interests of minority shareholders": "N/A",
        "Total Cost of profits": 465,
        "Profit after tax corporate income": 2057,
        "Volume": 8151820,
        "Close of Quarter": 7.8,
        "EPS": 862,
        "Non-adjusted EPS": 862,
        "PE": 9.0,
        "Book Price": 14.5
      }
    },
    {
      "quarter": "Q1 2016",
      "income status": {
        "Net sales": 29868,
        "Cost of goods sold": 24381,
        "Gross Profit": 5487,
        "Financial expenses": 333,
        "Of which: Interest expense": 328,
        "Cost of sales": 1110,
        "Enterprise cost management": 1687,
        "Total Operating Expenses": 3130,
        "Total revenue financing activities": 10,
        "Net profit from business activities": 2367,
        "Profit": "N/A",
        "Profit before tax": 2367,
        "Present corporate income tax expenses": 521,
        "Deferred income taxes expenses": "N/A",
        "The interests of minority shareholders": "N/A",
        "Total Cost of profits": 521,
        "Profit after tax corporate income": 1846,
        "Volume": 8151820,
        "Close of Quarter": 6.9,
        "EPS": 830,
        "Non-adjusted EPS": 830,
        "PE": 8.3,
        "Book Price": 14.7
      }
    },
    {
      "quarter": "Q4 2015",
      "income status": {
        "Net sales": 34442,
        "Cost of goods sold": 28944,
        "Gross Profit": 5498,
        "Financial expenses": 422,
        "Of which: Interest expense": 404,
        "Cost of sales": 1117,
        "Enterprise cost management": 2038,
        "Total Operating Expenses": 3577,
        "Total revenue financing activities": 82,
        "Net profit from business activities": 2003,
        "Profit": 23,
        "Profit before tax": 2026,
        "Present corporate income tax expenses": 390,
        "Deferred income taxes expenses": "N/A",
        "The interests of minority shareholders": "N/A",
        "Total Cost of profits": 390,
        "Profit after tax corporate income": 1636,
        "Volume": 8151820,
        "Close of Quarter": 11.3,
        "EPS": 752,
        "Non-adjusted EPS": 752,
        "PE": 15,
        "Book Price": 14.5
      }
    },
    {
      "quarter": "Q3 2015",
      "income status": {
        "Net sales": 29906,
        "Cost of goods sold": 24914,
        "Gross Profit": 4992,
        "Financial expenses": 366,
        "Of which: Interest expense": 359,
        "Cost of sales": 739,
        "Enterprise cost management": 2105,
        "Total Operating Expenses": 3210,
        "Total revenue financing activities": 13,
        "Net profit from business activities": 1795,
        "Profit": "N/A",
        "Profit before tax": 1795,
        "Present corporate income tax expenses": 307,
        "Deferred income taxes expenses": "N/A",
        "The interests of minority shareholders": "N/A",
        "Total Cost of profits": 307,
        "Profit after tax corporate income": 1488,
        "Volume": 8151820,
        "Close of Quarter": 6.1,
        "EPS": 792,
        "Non-adjusted EPS": 792,
        "PE": 7.7,
        "Book Price": 14.6
      }
    },
    {
      "quarter": "Q2 2015",
      "income status": {
        "Net sales": 30735,
        "Cost of goods sold": 24701,
        "Gross Profit": 6034,
        "Financial expenses": 301,
        "Of which: Interest expense": 426,
        "Cost of sales": 774,
        "Enterprise cost management": 2385,
        "Total Operating Expenses": 3460,
        "Total revenue financing activities": 56,
        "Net profit from business activities": 2630,
        "Profit": -299,
        "Profit before tax": 2332,
        "Present corporate income tax expenses": 533,
        "Deferred income taxes expenses": "N/A",
        "The interests of minority shareholders": "N/A",
        "Total Cost of profits": 533,
        "Profit after tax corporate income": 1799,
        "Volume": 8151820,
        "Close of Quarter": 6.0,
        "EPS": 665,
        "Non-adjusted EPS": 665,
        "PE": 9.1,
        "Book Price": 14.4
      }
    },
    {
      "quarter": "Q1 2015",
      "income status": {
        "Net sales": 28071,
        "Cost of goods sold": 24402,
        "Gross Profit": 3668,
        "Financial expenses": 355,
        "Of which: Interest expense": 355,
        "Cost of sales": 569,
        "Enterprise cost management": 1531,
        "Total Operating Expenses": 2455,
        "Total revenue financing activities": 34,
        "Net profit from business activities": 1248,
        "Profit": 302,
        "Profit before tax": 1550,
        "Present corporate income tax expenses": 341,
        "Deferred income taxes expenses": "N/A",
        "The interests of minority shareholders": "N/A",
        "Total Cost of profits": 341,
        "Profit after tax corporate income": 1209,
        "Volume": 8151820,
        "Close of Quarter": 7.8,
        "EPS": 613,
        "Non-adjusted EPS": 613,
        "PE": 12.8,
        "Book Price": 14.3
      }
    },
    {
      "quarter": "Q4 2014",
      "income status": {
        "Net sales": 29772,
        "Cost of goods sold": 25678,
        "Gross Profit": 4094,
        "Financial expenses": 469,
        "Of which: Interest expense": 469,
        "Cost of sales": 680,
        "Enterprise cost management": 1307,
        "Total Operating Expenses": 2456,
        "Total revenue financing activities": 6,
        "Net profit from business activities": 1644,
        "Profit": 317,
        "Profit before tax": 1962,
        "Present corporate income tax expenses": "N/A",
        "Deferred income taxes expenses": "N/A",
        "The interests of minority shareholders": "N/A",
        "Total Cost of profits": 0,
        "Profit after tax corporate income": 1962,
        "Volume": 8151820,
        "Close of Quarter": 9.0,
        "EPS": 514,
        "Non-adjusted EPS": 514,
        "PE": 17.6,
        "Book Price": 14.2
      }
    },
    {
      "quarter": "Q3 2014",
      "income status": {
        "Net sales": 26714,
        "Cost of goods sold": 24603,
        "Gross Profit": 2111,
        "Financial expenses": 336,
        "Of which: Interest expense": 336,
        "Cost of sales": 699,
        "Enterprise cost management": 948,
        "Total Operating Expenses": 1983,
        "Total revenue financing activities": 10,
        "Net profit from business activities": 138,
        "Profit": 310,
        "Profit before tax": 448,
        "Present corporate income tax expenses": "N/A",
        "Deferred income taxes expenses": "N/A",
        "The interests of minority shareholders": "N/A",
        "Total Cost of profits": 0,
        "Profit after tax corporate income": 448,
        "Volume": 8151820,
        "Close of Quarter": 6.4,
        "EPS": 346,
        "Non-adjusted EPS": 346,
        "PE": 18.4,
        "Book Price": 13.9
      }
    },
    {
      "quarter": "Q2 2014",
      "income status": {
        "Net sales": 30028,
        "Cost of goods sold": 26951,
        "Gross Profit": 3078,
        "Financial expenses": 293,
        "Of which: Interest expense": 347,
        "Cost of sales": 749,
        "Enterprise cost management": 1208,
        "Total Operating Expenses": 2250,
        "Total revenue financing activities": 7,
        "Net profit from business activities": 835,
        "Profit": 541,
        "Profit before tax": 1377,
        "Present corporate income tax expenses": "N/A",
        "Deferred income taxes expenses": "N/A",
        "The interests of minority shareholders": "N/A",
        "Total Cost of profits": 0,
        "Profit after tax corporate income": 1377,
        "Volume": 8151820,
        "Close of Quarter": 5.2,
        "EPS": 323,
        "Non-adjusted EPS": 323,
        "PE": 16.0,
        "Book Price": 13.9
      }
    },
    {
      "quarter": "Q1 2014",
      "income status": {
        "Net sales": 20931,
        "Cost of goods sold": 19268,
        "Gross Profit": 1663,
        "Financial expenses": 260,
        "Of which: Interest expense": 259,
        "Cost of sales": 561,
        "Enterprise cost management": 984,
        "Total Operating Expenses": 1805,
        "Total revenue financing activities": 6,
        "Net profit from business activities": -136,
        "Profit": 542,
        "Profit before tax": 406,
        "Present corporate income tax expenses": "N/A",
        "Deferred income taxes expenses": "N/A",
        "The interests of minority shareholders": "N/A",
        "Total Cost of profits": 0,
        "Profit after tax corporate income": 406,
        "Volume": 8151820,
        "Close of Quarter": 5.9,
        "EPS": 174,
        "Non-adjusted EPS": 174,
        "PE": 34.1,
        "Book Price": 13.7
      }
    },
    {
      "quarter": "Q4 2013",
      "income status": {
        "Net sales": 26311,
        "Cost of goods sold": 25055,
        "Gross Profit": 1256,
        "Financial expenses": 464,
        "Of which: Interest expense": 391,
        "Cost of sales": 672,
        "Enterprise cost management": 1255,
        "Total Operating Expenses": 2391,
        "Total revenue financing activities": 713,
        "Net profit from business activities": -421,
        "Profit": 1008,
        "Profit before tax": 587,
        "Present corporate income tax expenses": "N/A",
        "Deferred income taxes expenses": "N/A",
        "The interests of minority shareholders": "N/A",
        "Total Cost of profits": 0,
        "Profit after tax corporate income": 587,
        "Volume": 8151820,
        "Close of Quarter": 6.0,
        "EPS": 125,
        "Non-adjusted EPS": 125,
        "PE": 48.2,
        "Book Price": 13.7
      }
    },
    {
      "quarter": "Q3 2013",
      "income status": {
        "Net sales": 23482,
        "Cost of goods sold": 21370,
        "Gross Profit": 2112,
        "Financial expenses": 716,
        "Of which: Interest expense": 127,
        "Cost of sales": 586,
        "Enterprise cost management": 1119,
        "Total Operating Expenses": 2421,
        "Total revenue financing activities": -51,
        "Net profit from business activities": -361,
        "Profit": 620,
        "Profit before tax": 259,
        "Present corporate income tax expenses": "N/A",
        "Deferred income taxes expenses": "N/A",
        "The interests of minority shareholders": "N/A",
        "Total Cost of profits": 0,
        "Profit after tax corporate income": 259,
        "Volume": 8151820,
        "Close of Quarter": 5.6,
        "EPS": -265,
        "Non-adjusted EPS": -265,
        "PE": -21.1,
        "Book Price": 13.6
      }
    },
    {
      "quarter": "Q2 2013",
      "income status": {
        "Net sales": 25333,
        "Cost of goods sold": 24377,
        "Gross Profit": 956,
        "Financial expenses": 988,
        "Of which: Interest expense": 295,
        "Cost of sales": 450,
        "Enterprise cost management": 777,
        "Total Operating Expenses": 2215,
        "Total revenue financing activities": 767,
        "Net profit from business activities": -492,
        "Profit": 657,
        "Profit before tax": 164,
        "Present corporate income tax expenses": "N/A",
        "Deferred income taxes expenses": "N/A",
        "The interests of minority shareholders": "N/A",
        "Total Cost of profits": 0,
        "Profit after tax corporate income": 164,
        "Volume": 8151820,
        "Close of Quarter": 6.8,
        "EPS": -423,
        "Non-adjusted EPS": -423,
        "PE": -16.1,
        "Book Price": 13.6
      }
    },
    {
      "quarter": "Q1 2013",
      "income status": {
        "Net sales": 18071,
        "Cost of goods sold": 17516,
        "Gross Profit": 555,
        "Financial expenses": 153,
        "Of which: Interest expense": 153,
        "Cost of sales": 526,
        "Enterprise cost management": 602,
        "Total Operating Expenses": 1281,
        "Total revenue financing activities": 6,
        "Net profit from business activities": -719,
        "Profit": 730,
        "Profit before tax": 11,
        "Present corporate income tax expenses": "N/A",
        "Deferred income taxes expenses": "N/A",
        "The interests of minority shareholders": "N/A",
        "Total Cost of profits": 0,
        "Profit after tax corporate income": 11,
        "Volume": 8151820,
        "Close of Quarter": 5.5,
        "EPS": -424,
        "Non-adjusted EPS": -424,
        "PE": -13,
        "Book Price": 13.6
      }
    },
    {
      "quarter": "Q4 2012",
      "income status": {
        "Net sales": 15871,
        "Cost of goods sold": 15891,
        "Gross Profit": -21,
        "Financial expenses": 431,
        "Of which: Interest expense": 365,
        "Cost of sales": 569,
        "Enterprise cost management": 2045,
        "Total Operating Expenses": 3045,
        "Total revenue financing activities": 249,
        "Net profit from business activities": -2817,
        "Profit": 219,
        "Profit before tax": -2597,
        "Present corporate income tax expenses": "N/A",
        "Deferred income taxes expenses": "N/A",
        "The interests of minority shareholders": "N/A",
        "Total Cost of profits": 0,
        "Profit after tax corporate income": -2597,
        "Volume": 8151820,
        "Close of Quarter": 6.0,
        "EPS": -425,
        "Non-adjusted EPS": -425,
        "PE": -14.2,
        "Book Price": 13.5
      }
    },
    {
      "quarter": "Q3 2012",
      "income status": {
        "Net sales": 11074,
        "Cost of goods sold": 10599,
        "Gross Profit": 476,
        "Financial expenses": 255,
        "Of which: Interest expense": 255,
        "Cost of sales": 537,
        "Enterprise cost management": 948,
        "Total Operating Expenses": 1740,
        "Total revenue financing activities": 915,
        "Net profit from business activities": -351,
        "Profit": -674,
        "Profit before tax": -1025,
        "Present corporate income tax expenses": "N/A",
        "Deferred income taxes expenses": "N/A",
        "The interests of minority shareholders": "N/A",
        "Total Cost of profits": 0,
        "Profit after tax corporate income": -1025,
        "Volume": 8151820,
        "Close of Quarter": 4.9,
        "EPS": -245,
        "Non-adjusted EPS": -245,
        "PE": -20.0,
        "Book Price": 13.8
      }
    },
    {
      "quarter": "Q2 2012",
      "income status": {
        "Net sales": 24760,
        "Cost of goods sold": 23586,
        "Gross Profit": 1174,
        "Financial expenses": 247,
        "Of which: Interest expense": 216,
        "Cost of sales": 913,
        "Enterprise cost management": 1279,
        "Total Operating Expenses": 2439,
        "Total revenue financing activities": 903,
        "Net profit from business activities": -362,
        "Profit": 517,
        "Profit before tax": 155,
        "Present corporate income tax expenses": "N/A",
        "Deferred income taxes expenses": "N/A",
        "The interests of minority shareholders": "N/A",
        "Total Cost of profits": 0,
        "Profit after tax corporate income": 155,
        "Volume": 8151820,
        "Close of Quarter": 7.8,
        "EPS": -148,
        "Non-adjusted EPS": -148,
        "PE": -52.9,
        "Book Price": 13.9
      }
    },
    {
      "quarter": "Q1 2012",
      "income status": {
        "Net sales": 12149,
        "Cost of goods sold": 11566,
        "Gross Profit": 583,
        "Financial expenses": 233,
        "Of which: Interest expense": 233,
        "Cost of sales": 292,
        "Enterprise cost management": 379,
        "Total Operating Expenses": 904,
        "Total revenue financing activities": 77,
        "Net profit from business activities": -245,
        "Profit": 248,
        "Profit before tax": 3,
        "Present corporate income tax expenses": "N/A",
        "Deferred income taxes expenses": "N/A",
        "The interests of minority shareholders": "N/A",
        "Total Cost of profits": 0,
        "Profit after tax corporate income": 3,
        "Volume": 8151820,
        "Close of Quarter": 5.8,
        "EPS": -148,
        "Non-adjusted EPS": -148,
        "PE": -39.0,
        "Book Price": 13.9
      }
    },
    {
      "quarter": "Q4 2011",
      "income status": {
        "Net sales": 17559,
        "Cost of goods sold": 17453,
        "Gross Profit": 106,
        "Financial expenses": 469,
        "Of which: Interest expense": 360,
        "Cost of sales": 833,
        "Enterprise cost management": 1277,
        "Total Operating Expenses": 2579,
        "Total revenue financing activities": 316,
        "Net profit from business activities": -2157,
        "Profit": 871,
        "Profit before tax": -1285,
        "Present corporate income tax expenses": -151,
        "Deferred income taxes expenses": "N/A",
        "The interests of minority shareholders": "N/A",
        "Total Cost of profits": -151,
        "Profit after tax corporate income": -1134,
        "Volume": 8151820,
        "Close of Quarter": 5.3,
        "EPS": -70,
        "Non-adjusted EPS": -70,
        "PE": -76.3,
        "Book Price": 13.9
      }
    },
    {
      "quarter": "Q3 2011",
      "income status": {
        "Net sales": 16578,
        "Cost of goods sold": 15291,
        "Gross Profit": 1287,
        "Financial expenses": 898,
        "Of which: Interest expense": 898,
        "Cost of sales": 629,
        "Enterprise cost management": 1039,
        "Total Operating Expenses": 2566,
        "Total revenue financing activities": 261,
        "Net profit from business activities": -1018,
        "Profit": 824,
        "Profit before tax": -193,
        "Present corporate income tax expenses": 34,
        "Deferred income taxes expenses": "N/A",
        "The interests of minority shareholders": "N/A",
        "Total Cost of profits": 34,
        "Profit after tax corporate income": -227,
        "Volume": 8151820,
        "Close of Quarter": 5.5,
        "EPS": 59,
        "Non-adjusted EPS": 59,
        "PE": 93.4,
        "Book Price": 14.1
      }
    },
    {
      "quarter": "Q2 2011",
      "income status": {
        "Net sales": 31923,
        "Cost of goods sold": 29264,
        "Gross Profit": 2659,
        "Financial expenses": 1436,
        "Of which: Interest expense": 690,
        "Cost of sales": 1001,
        "Enterprise cost management": 1141,
        "Total Operating Expenses": 3578,
        "Total revenue financing activities": 178,
        "Net profit from business activities": -742,
        "Profit": 916,
        "Profit before tax": 174,
        "Present corporate income tax expenses": 22,
        "Deferred income taxes expenses": "N/A",
        "The interests of minority shareholders": "N/A",
        "Total Cost of profits": 22,
        "Profit after tax corporate income": 152,
        "Volume": 8151820,
        "Close of Quarter": 5.5,
        "EPS": 148,
        "Non-adjusted EPS": 148,
        "PE": 37.2,
        "Book Price": 14.1
      }
    },
    {
      "quarter": "Q1 2011",
      "income status": {
        "Net sales": 32701,
        "Cost of goods sold": 30339,
        "Gross Profit": 2361,
        "Financial expenses": 467,
        "Of which: Interest expense": 467,
        "Cost of sales": 794,
        "Enterprise cost management": 953,
        "Total Operating Expenses": 2214,
        "Total revenue financing activities": 67,
        "Net profit from business activities": 213,
        "Profit": 554,
        "Profit before tax": 768,
        "Present corporate income tax expenses": 132,
        "Deferred income taxes expenses": "N/A",
        "The interests of minority shareholders": "N/A",
        "Total Cost of profits": 132,
        "Profit after tax corporate income": 636,
        "Volume": 8151820,
        "Close of Quarter": 7.6,
        "EPS": 141,
        "Non-adjusted EPS": 141,
        "PE": 53.8,
        "Book Price": 14.3
      }
    }
  ]
}