{
  "ticker": "HLC",
  "data": [
    {
      "quarter": "Q4 2016",
      "income status": {
        "Net sales": 603514,
        "Cost of goods sold": 442584,
        "Gross Profit": 160929,
        "Financial expenses": 58079,
        "Of which: Interest expense": 58079,
        "Cost of sales": 11955,
        "Enterprise cost management": 47567,
        "Total Operating Expenses": 117601,
        "Total revenue financing activities": 19,
        "Net profit from business activities": 43349,
        "Profit": 492,
        "Profit before tax": 43840,
        "Present corporate income tax expenses": 6227,
        "Deferred income taxes expenses": "N/A",
        "The interests of minority shareholders": "N/A",
        "Total Cost of profits": 6227,
        "Profit after tax corporate income": 37614,
        "Volume": 25415199,
        "Close of Quarter": 8.2,
        "EPS": 1943,
        "Non-adjusted EPS": 1943,
        "PE": 4.2,
        "Book Price": 11.8
      }
    },
    {
      "quarter": "Q3 2016",
      "income status": {
        "Net sales": 539466,
        "Cost of goods sold": 444039,
        "Gross Profit": 95427,
        "Financial expenses": 54843,
        "Of which: Interest expense": 54843,
        "Cost of sales": 8045,
        "Enterprise cost management": 35766,
        "Total Operating Expenses": 98654,
        "Total revenue financing activities": 82,
        "Net profit from business activities": -3144,
        "Profit": -3849,
        "Profit before tax": -6994,
        "Present corporate income tax expenses": "N/A",
        "Deferred income taxes expenses": "N/A",
        "The interests of minority shareholders": "N/A",
        "Total Cost of profits": 0,
        "Profit after tax corporate income": -6994,
        "Volume": 25415199,
        "Close of Quarter": 6.6,
        "EPS": 1254,
        "Non-adjusted EPS": 1254,
        "PE": 5.2,
        "Book Price": 10.6
      }
    },
    {
      "quarter": "Q2 2016",
      "income status": {
        "Net sales": 572785,
        "Cost of goods sold": 446080,
        "Gross Profit": 126705,
        "Financial expenses": 52207,
        "Of which: Interest expense": 52207,
        "Cost of sales": 11189,
        "Enterprise cost management": 45727,
        "Total Operating Expenses": 109123,
        "Total revenue financing activities": 30,
        "Net profit from business activities": 17611,
        "Profit": -210,
        "Profit before tax": 17401,
        "Present corporate income tax expenses": 3359,
        "Deferred income taxes expenses": "N/A",
        "The interests of minority shareholders": "N/A",
        "Total Cost of profits": 3359,
        "Profit after tax corporate income": 14042,
        "Volume": 25415199,
        "Close of Quarter": 6.6,
        "EPS": 1689,
        "Non-adjusted EPS": 1689,
        "PE": 3.9,
        "Book Price": 10.9
      }
    },
    {
      "quarter": "Q1 2016",
      "income status": {
        "Net sales": 702418,
        "Cost of goods sold": 606512,
        "Gross Profit": 95906,
        "Financial expenses": 37907,
        "Of which: Interest expense": 37907,
        "Cost of sales": 9195,
        "Enterprise cost management": 43492,
        "Total Operating Expenses": 90594,
        "Total revenue financing activities": 19,
        "Net profit from business activities": 5331,
        "Profit": 716,
        "Profit before tax": 6047,
        "Present corporate income tax expenses": 1330,
        "Deferred income taxes expenses": "N/A",
        "The interests of minority shareholders": "N/A",
        "Total Cost of profits": 1330,
        "Profit after tax corporate income": 4717,
        "Volume": 25415199,
        "Close of Quarter": 6.3,
        "EPS": 1615,
        "Non-adjusted EPS": 1615,
        "PE": 3.9,
        "Book Price": 10.3
      }
    },
    {
      "quarter": "Q4 2015",
      "income status": {
        "Net sales": 510713,
        "Cost of goods sold": 402385,
        "Gross Profit": 108329,
        "Financial expenses": 39823,
        "Of which: Interest expense": "N/A",
        "Cost of sales": 9021,
        "Enterprise cost management": 45668,
        "Total Operating Expenses": 94512,
        "Total revenue financing activities": 10693,
        "Net profit from business activities": 24511,
        "Profit": 1089,
        "Profit before tax": 25600,
        "Present corporate income tax expenses": 5504,
        "Deferred income taxes expenses": "N/A",
        "The interests of minority shareholders": "N/A",
        "Total Cost of profits": 5504,
        "Profit after tax corporate income": 20096,
        "Volume": 25415199,
        "Close of Quarter": 6.7,
        "EPS": 1582,
        "Non-adjusted EPS": 1582,
        "PE": 4.3,
        "Book Price": 11.6
      }
    },
    {
      "quarter": "Q3 2015",
      "income status": {
        "Net sales": 690301,
        "Cost of goods sold": 582494,
        "Gross Profit": 107806,
        "Financial expenses": 46009,
        "Of which: Interest expense": 46009,
        "Cost of sales": 12319,
        "Enterprise cost management": 44486,
        "Total Operating Expenses": 102814,
        "Total revenue financing activities": 9,
        "Net profit from business activities": 5001,
        "Profit": 234,
        "Profit before tax": 5235,
        "Present corporate income tax expenses": 1152,
        "Deferred income taxes expenses": "N/A",
        "The interests of minority shareholders": "N/A",
        "Total Cost of profits": 1152,
        "Profit after tax corporate income": 4083,
        "Volume": 23206621,
        "Close of Quarter": 6.3,
        "EPS": 1129.5,
        "Non-adjusted EPS": 1237,
        "PE": 5.1,
        "Book Price": 10.8
      }
    },
    {
      "quarter": "Q2 2015",
      "income status": {
        "Net sales": 566788,
        "Cost of goods sold": 449503,
        "Gross Profit": 117285,
        "Financial expenses": 40675,
        "Of which: Interest expense": 38851,
        "Cost of sales": 9365,
        "Enterprise cost management": 51528,
        "Total Operating Expenses": 101568,
        "Total revenue financing activities": 16,
        "Net profit from business activities": 15733,
        "Profit": 2,
        "Profit before tax": 15735,
        "Present corporate income tax expenses": 3589,
        "Deferred income taxes expenses": "N/A",
        "The interests of minority shareholders": "N/A",
        "Total Cost of profits": 3589,
        "Profit after tax corporate income": 12146,
        "Volume": 23206621,
        "Close of Quarter": 7.6,
        "EPS": 1191.6,
        "Non-adjusted EPS": 1305,
        "PE": 5.8,
        "Book Price": 10.7
      }
    },
    {
      "quarter": "Q1 2015",
      "income status": {
        "Net sales": 576027,
        "Cost of goods sold": 505762,
        "Gross Profit": 70265,
        "Financial expenses": 27567,
        "Of which: Interest expense": 27567,
        "Cost of sales": 7665,
        "Enterprise cost management": 32532,
        "Total Operating Expenses": 67764,
        "Total revenue financing activities": 19,
        "Net profit from business activities": 2519,
        "Profit": 2445,
        "Profit before tax": 4964,
        "Present corporate income tax expenses": 1092,
        "Deferred income taxes expenses": "N/A",
        "The interests of minority shareholders": "N/A",
        "Total Cost of profits": 1092,
        "Profit after tax corporate income": 3872,
        "Volume": 23206621,
        "Close of Quarter": 7.0,
        "EPS": 931.4,
        "Non-adjusted EPS": 1020,
        "PE": 6.8,
        "Book Price": 10.1
      }
    },
    {
      "quarter": "Q4 2014",
      "income status": {
        "Net sales": 445968,
        "Cost of goods sold": 345930,
        "Gross Profit": 100038,
        "Financial expenses": 42855,
        "Of which: Interest expense": 41750,
        "Cost of sales": 11419,
        "Enterprise cost management": 34269,
        "Total Operating Expenses": 88543,
        "Total revenue financing activities": 29,
        "Net profit from business activities": 11523,
        "Profit": -496,
        "Profit before tax": 11027,
        "Present corporate income tax expenses": 2426,
        "Deferred income taxes expenses": "N/A",
        "The interests of minority shareholders": "N/A",
        "Total Cost of profits": 2426,
        "Profit after tax corporate income": 8601,
        "Volume": 23206621,
        "Close of Quarter": 6.5,
        "EPS": 1110.3,
        "Non-adjusted EPS": 1216,
        "PE": 5.4,
        "Book Price": 10.9
      }
    },
    {
      "quarter": "Q3 2014",
      "income status": {
        "Net sales": 526351,
        "Cost of goods sold": 449629,
        "Gross Profit": 76722,
        "Financial expenses": 32116,
        "Of which: Interest expense": 32655,
        "Cost of sales": 9799,
        "Enterprise cost management": 32040,
        "Total Operating Expenses": 73955,
        "Total revenue financing activities": 14,
        "Net profit from business activities": 2782,
        "Profit": 4521,
        "Profit before tax": 7302,
        "Present corporate income tax expenses": 1637,
        "Deferred income taxes expenses": "N/A",
        "The interests of minority shareholders": "N/A",
        "Total Cost of profits": 1637,
        "Profit after tax corporate income": 5665,
        "Volume": 23206621,
        "Close of Quarter": 6.9,
        "EPS": 1420.8,
        "Non-adjusted EPS": 1556,
        "PE": 4.4,
        "Book Price": 10.6
      }
    },
    {
      "quarter": "Q2 2014",
      "income status": {
        "Net sales": 609411,
        "Cost of goods sold": 528416,
        "Gross Profit": 80995,
        "Financial expenses": 24973,
        "Of which: Interest expense": 23638,
        "Cost of sales": 11261,
        "Enterprise cost management": 37779,
        "Total Operating Expenses": 74013,
        "Total revenue financing activities": 32,
        "Net profit from business activities": 7014,
        "Profit": 201,
        "Profit before tax": 7214,
        "Present corporate income tax expenses": 1683,
        "Deferred income taxes expenses": "N/A",
        "The interests of minority shareholders": "N/A",
        "Total Cost of profits": 1683,
        "Profit after tax corporate income": 5531,
        "Volume": 23206621,
        "Close of Quarter": 6.6,
        "EPS": 1217.2,
        "Non-adjusted EPS": 1333,
        "PE": 5.0,
        "Book Price": 10.3
      }
    },
    {
      "quarter": "Q1 2014",
      "income status": {
        "Net sales": 540820,
        "Cost of goods sold": 457426,
        "Gross Profit": 83395,
        "Financial expenses": 36550,
        "Of which: Interest expense": 36490,
        "Cost of sales": 9997,
        "Enterprise cost management": 27956,
        "Total Operating Expenses": 74503,
        "Total revenue financing activities": 64,
        "Net profit from business activities": 8956,
        "Profit": 1828,
        "Profit before tax": 10785,
        "Present corporate income tax expenses": 2373,
        "Deferred income taxes expenses": "N/A",
        "The interests of minority shareholders": "N/A",
        "Total Cost of profits": 2373,
        "Profit after tax corporate income": 8412,
        "Volume": 23206621,
        "Close of Quarter": 8.1,
        "EPS": 1182.5,
        "Non-adjusted EPS": 1295,
        "PE": 6.2,
        "Book Price": 10.1
      }
    },
    {
      "quarter": "Q4 2013",
      "income status": {
        "Net sales": 520061,
        "Cost of goods sold": 402008,
        "Gross Profit": 118053,
        "Financial expenses": 35227,
        "Of which: Interest expense": 31845,
        "Cost of sales": 13171,
        "Enterprise cost management": 47718,
        "Total Operating Expenses": 96116,
        "Total revenue financing activities": 517,
        "Net profit from business activities": 22455,
        "Profit": 1010,
        "Profit before tax": 23464,
        "Present corporate income tax expenses": 6953,
        "Deferred income taxes expenses": "N/A",
        "The interests of minority shareholders": "N/A",
        "Total Cost of profits": 6953,
        "Profit after tax corporate income": 16512,
        "Volume": 11955675,
        "Close of Quarter": 5.4,
        "EPS": 1124.8,
        "Non-adjusted EPS": 2391,
        "PE": 2.3,
        "Book Price": 9.8
      }
    },
    {
      "quarter": "Q3 2013",
      "income status": {
        "Net sales": 441128,
        "Cost of goods sold": 380878,
        "Gross Profit": 60250,
        "Financial expenses": 29519,
        "Of which: Interest expense": 29519,
        "Cost of sales": 10640,
        "Enterprise cost management": 20539,
        "Total Operating Expenses": 60698,
        "Total revenue financing activities": 64,
        "Net profit from business activities": -384,
        "Profit": 1034,
        "Profit before tax": 650,
        "Present corporate income tax expenses": 163,
        "Deferred income taxes expenses": "N/A",
        "The interests of minority shareholders": "N/A",
        "Total Cost of profits": 163,
        "Profit after tax corporate income": 488,
        "Volume": 11955675,
        "Close of Quarter": 5.5,
        "EPS": 3805.2,
        "Non-adjusted EPS": 8089,
        "PE": 0.7,
        "Book Price": 6.5
      }
    },
    {
      "quarter": "Q2 2013",
      "income status": {
        "Net sales": 453935,
        "Cost of goods sold": 358100,
        "Gross Profit": 95835,
        "Financial expenses": 47740,
        "Of which: Interest expense": 44961,
        "Cost of sales": 11631,
        "Enterprise cost management": 31935,
        "Total Operating Expenses": 91306,
        "Total revenue financing activities": 42,
        "Net profit from business activities": 4572,
        "Profit": 1604,
        "Profit before tax": 6175,
        "Present corporate income tax expenses": 1544,
        "Deferred income taxes expenses": "N/A",
        "The interests of minority shareholders": "N/A",
        "Total Cost of profits": 1544,
        "Profit after tax corporate income": 4631,
        "Volume": 11955675,
        "Close of Quarter": 5.8,
        "EPS": 3960.4,
        "Non-adjusted EPS": 8419,
        "PE": 0.7,
        "Book Price": 6.4
      }
    },
    {
      "quarter": "Q1 2013",
      "income status": {
        "Net sales": 443058,
        "Cost of goods sold": 375254,
        "Gross Profit": 67804,
        "Financial expenses": 19535,
        "Of which: Interest expense": 19535,
        "Cost of sales": 13475,
        "Enterprise cost management": 26221,
        "Total Operating Expenses": 59231,
        "Total revenue financing activities": 140,
        "Net profit from business activities": 8713,
        "Profit": 561,
        "Profit before tax": 9273,
        "Present corporate income tax expenses": 2318,
        "Deferred income taxes expenses": "N/A",
        "The interests of minority shareholders": "N/A",
        "Total Cost of profits": 2318,
        "Profit after tax corporate income": 6955,
        "Volume": 11955675,
        "Close of Quarter": 8.4,
        "EPS": 3755.8,
        "Non-adjusted EPS": 7984,
        "PE": 1.1,
        "Book Price": 6.3
      }
    },
    {
      "quarter": "Q4 2012",
      "income status": {
        "Net sales": 460096,
        "Cost of goods sold": 360236,
        "Gross Profit": 99860,
        "Financial expenses": -47683,
        "Of which: Interest expense": -47683,
        "Cost of sales": 11734,
        "Enterprise cost management": 24096,
        "Total Operating Expenses": -11853,
        "Total revenue financing activities": 47,
        "Net profit from business activities": 111760,
        "Profit": 1089,
        "Profit before tax": 112849,
        "Present corporate income tax expenses": 28212,
        "Deferred income taxes expenses": "N/A",
        "The interests of minority shareholders": "N/A",
        "Total Cost of profits": 28212,
        "Profit after tax corporate income": 84636,
        "Volume": 11955675,
        "Close of Quarter": 5.5,
        "EPS": 4067.2,
        "Non-adjusted EPS": 8646,
        "PE": 0.6,
        "Book Price": 9.9
      }
    },
    {
      "quarter": "Q3 2012",
      "income status": {
        "Net sales": 403144,
        "Cost of goods sold": 290980,
        "Gross Profit": 112164,
        "Financial expenses": 70207,
        "Of which: Interest expense": 70207,
        "Cost of sales": 15312,
        "Enterprise cost management": 21282,
        "Total Operating Expenses": 106801,
        "Total revenue financing activities": 46,
        "Net profit from business activities": 5410,
        "Profit": 507,
        "Profit before tax": 5917,
        "Present corporate income tax expenses": 1479,
        "Deferred income taxes expenses": "N/A",
        "The interests of minority shareholders": "N/A",
        "Total Cost of profits": 1479,
        "Profit after tax corporate income": 4438,
        "Volume": 11955675,
        "Close of Quarter": 5.5,
        "EPS": 1428.2,
        "Non-adjusted EPS": 3036,
        "PE": 1.8,
        "Book Price": 6.5
      }
    },
    {
      "quarter": "Q2 2012",
      "income status": {
        "Net sales": 357492,
        "Cost of goods sold": 316370,
        "Gross Profit": 41122,
        "Financial expenses": 1769,
        "Of which: Interest expense": 1679,
        "Cost of sales": 16670,
        "Enterprise cost management": 23884,
        "Total Operating Expenses": 42323,
        "Total revenue financing activities": 85,
        "Net profit from business activities": -1116,
        "Profit": 344,
        "Profit before tax": -772,
        "Present corporate income tax expenses": -193,
        "Deferred income taxes expenses": "N/A",
        "The interests of minority shareholders": "N/A",
        "Total Cost of profits": -193,
        "Profit after tax corporate income": -579,
        "Volume": 11955675,
        "Close of Quarter": 6.3,
        "EPS": 1680.3,
        "Non-adjusted EPS": 3572,
        "PE": 1.8,
        "Book Price": 6.4
      }
    },
    {
      "quarter": "Q1 2012",
      "income status": {
        "Net sales": 409184,
        "Cost of goods sold": 306385,
        "Gross Profit": 102799,
        "Financial expenses": 38737,
        "Of which: Interest expense": 38737,
        "Cost of sales": 14319,
        "Enterprise cost management": 30848,
        "Total Operating Expenses": 83904,
        "Total revenue financing activities": 148,
        "Net profit from business activities": 19043,
        "Profit": 787,
        "Profit before tax": 19830,
        "Present corporate income tax expenses": 4957,
        "Deferred income taxes expenses": "N/A",
        "The interests of minority shareholders": "N/A",
        "Total Cost of profits": 4957,
        "Profit after tax corporate income": 14872,
        "Volume": 11955675,
        "Close of Quarter": 5.6,
        "EPS": 2195.9,
        "Non-adjusted EPS": 4668,
        "PE": 1.2,
        "Book Price": 6.4
      }
    },
    {
      "quarter": "Q4 2011",
      "income status": {
        "Net sales": 492326,
        "Cost of goods sold": 429348,
        "Gross Profit": 62978,
        "Financial expenses": -10412,
        "Of which: Interest expense": -10412,
        "Cost of sales": 17135,
        "Enterprise cost management": 36543,
        "Total Operating Expenses": 43266,
        "Total revenue financing activities": 59,
        "Net profit from business activities": 19772,
        "Profit": 3645,
        "Profit before tax": 67951,
        "Present corporate income tax expenses": 5854,
        "Deferred income taxes expenses": "N/A",
        "The interests of minority shareholders": "N/A",
        "Total Cost of profits": 5854,
        "Profit after tax corporate income": 17563,
        "Volume": 11955675,
        "Close of Quarter": 3.7,
        "EPS": 2005.4,
        "Non-adjusted EPS": 4263,
        "PE": 0.9,
        "Book Price": 7.2
      }
    },
    {
      "quarter": "Q3 2011",
      "income status": {
        "Net sales": 377387,
        "Cost of goods sold": 284582,
        "Gross Profit": 92804,
        "Financial expenses": 39369,
        "Of which: Interest expense": 39369,
        "Cost of sales": 14803,
        "Enterprise cost management": 27172,
        "Total Operating Expenses": 81344,
        "Total revenue financing activities": 60,
        "Net profit from business activities": 11520,
        "Profit": 2954,
        "Profit before tax": 44534,
        "Present corporate income tax expenses": 3618,
        "Deferred income taxes expenses": "N/A",
        "The interests of minority shareholders": "N/A",
        "Total Cost of profits": 3618,
        "Profit after tax corporate income": 10855,
        "Volume": 11955675,
        "Close of Quarter": 4.2,
        "EPS": 2166.3,
        "Non-adjusted EPS": 4605,
        "PE": 0.9,
        "Book Price": 6.2
      }
    },
    {
      "quarter": "Q2 2011",
      "income status": {
        "Net sales": 452702,
        "Cost of goods sold": 373366,
        "Gross Profit": 79336,
        "Financial expenses": -166,
        "Of which: Interest expense": -166,
        "Cost of sales": 25394,
        "Enterprise cost management": 38333,
        "Total Operating Expenses": 63561,
        "Total revenue financing activities": 87,
        "Net profit from business activities": 15863,
        "Profit": 825,
        "Profit before tax": 16688,
        "Present corporate income tax expenses": 4172,
        "Deferred income taxes expenses": "N/A",
        "The interests of minority shareholders": "N/A",
        "Total Cost of profits": 4172,
        "Profit after tax corporate income": 12516,
        "Volume": 9300000,
        "Close of Quarter": 4.1,
        "EPS": 2038.2,
        "Non-adjusted EPS": 5570,
        "PE": 0.7,
        "Book Price": 5.9
      }
    },
    {
      "quarter": "Q1 2011",
      "income status": {
        "Net sales": 373412,
        "Cost of goods sold": 286576,
        "Gross Profit": 86836,
        "Financial expenses": 27515,
        "Of which: Interest expense": 27515,
        "Cost of sales": 13090,
        "Enterprise cost management": 31413,
        "Total Operating Expenses": 72018,
        "Total revenue financing activities": 126,
        "Net profit from business activities": 14944,
        "Profit": -1571,
        "Profit before tax": 13372,
        "Present corporate income tax expenses": 3343,
        "Deferred income taxes expenses": "N/A",
        "The interests of minority shareholders": "N/A",
        "Total Cost of profits": 3343,
        "Profit after tax corporate income": 10029,
        "Volume": 9300000,
        "Close of Quarter": 4.0,
        "EPS": 1796.3,
        "Non-adjusted EPS": 4909,
        "PE": 0.8,
        "Book Price": 5.3
      }
    }
  ]
}