{
  "ticker": "STK",
  "data": [
    {
      "quarter": "Q4 2016",
      "income status": {
        "Net sales": 392231,
        "Cost of goods sold": 361434,
        "Gross Profit": 30797,
        "Financial expenses": 21172,
        "Of which: Interest expense": 5670,
        "Cost of sales": 5761,
        "Enterprise cost management": 12211,
        "Total Operating Expenses": 39144,
        "Total revenue financing activities": -9110,
        "Net profit from business activities": -17458,
        "Profit": 363,
        "Profit before tax": -17094,
        "Present corporate income tax expenses": -3237,
        "Deferred income taxes expenses": 132,
        "The interests of minority shareholders": "N/A",
        "Total Cost of profits": -3105,
        "Profit after tax corporate income": -13989,
        "Volume": 53516024,
        "Close of Quarter": 19.9,
        "EPS": 471,
        "Non-adjusted EPS": 471,
        "PE": 42.3,
        "Book Price": 12.9
      }
    },
    {
      "quarter": "Q3 2016",
      "income status": {
        "Net sales": 307057,
        "Cost of goods sold": 276318,
        "Gross Profit": 30739,
        "Financial expenses": 5114,
        "Of which: Interest expense": 4437,
        "Cost of sales": 6321,
        "Enterprise cost management": 12260,
        "Total Operating Expenses": 23695,
        "Total revenue financing activities": 864,
        "Net profit from business activities": 7909,
        "Profit": 53,
        "Profit before tax": 7962,
        "Present corporate income tax expenses": 736,
        "Deferred income taxes expenses": "N/A",
        "The interests of minority shareholders": "N/A",
        "Total Cost of profits": 736,
        "Profit after tax corporate income": 7227,
        "Volume": 53516024,
        "Close of Quarter": 18.8,
        "EPS": 923,
        "Non-adjusted EPS": 923,
        "PE": 20.4,
        "Book Price": 13.2
      }
    },
    {
      "quarter": "Q2 2016",
      "income status": {
        "Net sales": 401233,
        "Cost of goods sold": 347365,
        "Gross Profit": 53868,
        "Financial expenses": 14771,
        "Of which: Interest expense": 3126,
        "Cost of sales": 8016,
        "Enterprise cost management": 491,
        "Total Operating Expenses": 23278,
        "Total revenue financing activities": 80,
        "Net profit from business activities": 30671,
        "Profit": 709,
        "Profit before tax": 31380,
        "Present corporate income tax expenses": 1621,
        "Deferred income taxes expenses": 700,
        "The interests of minority shareholders": "N/A",
        "Total Cost of profits": 2321,
        "Profit after tax corporate income": 29060,
        "Volume": 46535835,
        "Close of Quarter": 24,
        "EPS": 919.1,
        "Non-adjusted EPS": 1057,
        "PE": 22.7,
        "Book Price": 13.0
      }
    },
    {
      "quarter": "Q1 2016",
      "income status": {
        "Net sales": 262280,
        "Cost of goods sold": 248340,
        "Gross Profit": 13941,
        "Financial expenses": 4013,
        "Of which: Interest expense": 3142,
        "Cost of sales": 5389,
        "Enterprise cost management": 10192,
        "Total Operating Expenses": 19594,
        "Total revenue financing activities": 8877,
        "Net profit from business activities": 3223,
        "Profit": 125,
        "Profit before tax": 3348,
        "Present corporate income tax expenses": 451,
        "Deferred income taxes expenses": "N/A",
        "The interests of minority shareholders": "N/A",
        "Total Cost of profits": 451,
        "Profit after tax corporate income": 2897,
        "Volume": 46535835,
        "Close of Quarter": 25.0,
        "EPS": 921.7,
        "Non-adjusted EPS": 1060,
        "PE": 23.6,
        "Book Price": 13.0
      }
    },
    {
      "quarter": "Q4 2015",
      "income status": {
        "Net sales": 110165,
        "Cost of goods sold": 83835,
        "Gross Profit": 26331,
        "Financial expenses": 10160,
        "Of which: Interest expense": 1495,
        "Cost of sales": 3208,
        "Enterprise cost management": 8857,
        "Total Operating Expenses": 22225,
        "Total revenue financing activities": 3653,
        "Net profit from business activities": 7759,
        "Profit": 221,
        "Profit before tax": 7980,
        "Present corporate income tax expenses": -2257,
        "Deferred income taxes expenses": "N/A",
        "The interests of minority shareholders": "N/A",
        "Total Cost of profits": -2257,
        "Profit after tax corporate income": 10238,
        "Volume": 46535835,
        "Close of Quarter": 27.3,
        "EPS": 1342.6,
        "Non-adjusted EPS": 1544,
        "PE": 17.7,
        "Book Price": 12.9
      }
    },
    {
      "quarter": "Q3 2015",
      "income status": {
        "Net sales": 294925,
        "Cost of goods sold": 250525,
        "Gross Profit": 44401,
        "Financial expenses": 21333,
        "Of which: Interest expense": 1129,
        "Cost of sales": 6112,
        "Enterprise cost management": 10477,
        "Total Operating Expenses": 37922,
        "Total revenue financing activities": 1833,
        "Net profit from business activities": 8312,
        "Profit": 149,
        "Profit before tax": 8461,
        "Present corporate income tax expenses": 442,
        "Deferred income taxes expenses": 1009,
        "The interests of minority shareholders": "N/A",
        "Total Cost of profits": 1451,
        "Profit after tax corporate income": 7010,
        "Volume": 42305336,
        "Close of Quarter": 24.0,
        "EPS": 1694.9,
        "Non-adjusted EPS": 2144,
        "PE": 11.2,
        "Book Price": 12.7
      }
    },
    {
      "quarter": "Q2 2015",
      "income status": {
        "Net sales": 312949,
        "Cost of goods sold": 247132,
        "Gross Profit": 65817,
        "Financial expenses": 15914,
        "Of which: Interest expense": 1504,
        "Cost of sales": 6809,
        "Enterprise cost management": 9545,
        "Total Operating Expenses": 32268,
        "Total revenue financing activities": 4124,
        "Net profit from business activities": 37673,
        "Profit": 227,
        "Profit before tax": 37901,
        "Present corporate income tax expenses": 9952,
        "Deferred income taxes expenses": -1228,
        "The interests of minority shareholders": "N/A",
        "Total Cost of profits": 8724,
        "Profit after tax corporate income": 29177,
        "Volume": 42305336,
        "Close of Quarter": "N/A",
        "EPS": 2060.9,
        "Non-adjusted EPS": 2607,
        "PE": "N/A",
        "Book Price": 12.6
      }
    },
    {
      "quarter": "Q1 2015",
      "income status": {
        "Net sales": 317396,
        "Cost of goods sold": 267028,
        "Gross Profit": 50368,
        "Financial expenses": 4493,
        "Of which: Interest expense": 998,
        "Cost of sales": 7956,
        "Enterprise cost management": 9272,
        "Total Operating Expenses": 21721,
        "Total revenue financing activities": 3804,
        "Net profit from business activities": 32452,
        "Profit": 145,
        "Profit before tax": 32596,
        "Present corporate income tax expenses": 7187,
        "Deferred income taxes expenses": "N/A",
        "The interests of minority shareholders": "N/A",
        "Total Cost of profits": 7187,
        "Profit after tax corporate income": 25409,
        "Volume": 42305336,
        "Close of Quarter": "N/A",
        "EPS": 1515.4,
        "Non-adjusted EPS": 1917,
        "PE": "N/A",
        "Book Price": 13.1
      }
    },
    {
      "quarter": "Q3 2014",
      "income status": {
        "Net sales": 371311,
        "Cost of goods sold": 314463,
        "Gross Profit": 56849,
        "Financial expenses": 2200,
        "Of which: Interest expense": 1665,
        "Cost of sales": 8437,
        "Enterprise cost management": 8975,
        "Total Operating Expenses": 19612,
        "Total revenue financing activities": 590,
        "Net profit from business activities": 37826,
        "Profit": 169,
        "Profit before tax": 37995,
        "Present corporate income tax expenses": 8000,
        "Deferred income taxes expenses": 890,
        "The interests of minority shareholders": "N/A",
        "Total Cost of profits": 8890,
        "Profit after tax corporate income": 29105,
        "Volume": 42305336,
        "Close of Quarter": "N/A",
        "EPS": 1041.1,
        "Non-adjusted EPS": 1317,
        "PE": "N/A",
        "Book Price": "N/A"
      }
    },
    {
      "quarter": "Q2 2014",
      "income status": {
        "Net sales": 352551,
        "Cost of goods sold": 300228,
        "Gross Profit": 52323,
        "Financial expenses": 4252,
        "Of which: Interest expense": 1744,
        "Cost of sales": 7158,
        "Enterprise cost management": 8192,
        "Total Operating Expenses": 19602,
        "Total revenue financing activities": 523,
        "Net profit from business activities": 33243,
        "Profit": 145,
        "Profit before tax": 33389,
        "Present corporate income tax expenses": 7673,
        "Deferred income taxes expenses": -890,
        "The interests of minority shareholders": "N/A",
        "Total Cost of profits": 6783,
        "Profit after tax corporate income": 26606,
        "Volume": 42305336,
        "Close of Quarter": "N/A",
        "EPS": 497.2,
        "Non-adjusted EPS": 629,
        "PE": "N/A",
        "Book Price": 10.3
      }
    }
  ]
}