{
  "ticker": "HPG",
  "data": [
    {
      "quarter": "Q4 2016",
      "income status": {
        "Net sales": 9950500,
        "Cost of goods sold": 7311373,
        "Gross Profit": 2639127,
        "Financial expenses": 100756,
        "Of which: Interest expense": 62619,
        "Cost of sales": 156849,
        "Enterprise cost management": 170078,
        "Total Operating Expenses": 427683,
        "Total revenue financing activities": 45693,
        "Net profit from business activities": 2256632,
        "Profit": -3691,
        "Profit before tax": 2252940,
        "Present corporate income tax expenses": 293290,
        "Deferred income taxes expenses": 9836,
        "The interests of minority shareholders": 628,
        "Total Cost of profits": 303754,
        "Profit after tax corporate income": 1949186,
        "Volume": 842765656,
        "Close of Quarter": 26.9,
        "EPS": 7834,
        "Non-adjusted EPS": 7834,
        "PE": 3.4,
        "Book Price": 23.6
      }
    },
    {
      "quarter": "Q3 2016",
      "income status": {
        "Net sales": 8142079,
        "Cost of goods sold": 6025172,
        "Gross Profit": 2116908,
        "Financial expenses": 83193,
        "Of which: Interest expense": 69056,
        "Cost of sales": 136066,
        "Enterprise cost management": 83426,
        "Total Operating Expenses": 302685,
        "Total revenue financing activities": 43254,
        "Net profit from business activities": 1857476,
        "Profit": -1760,
        "Profit before tax": 1855716,
        "Present corporate income tax expenses": 248621,
        "Deferred income taxes expenses": 888,
        "The interests of minority shareholders": 1402,
        "Total Cost of profits": 250911,
        "Profit after tax corporate income": 1604806,
        "Volume": 842765656,
        "Close of Quarter": 28.5,
        "EPS": 6191,
        "Non-adjusted EPS": 6191,
        "PE": 4.6,
        "Book Price": 21.4
      }
    },
    {
      "quarter": "Q2 2016",
      "income status": {
        "Net sales": 8048250,
        "Cost of goods sold": 5476741,
        "Gross Profit": 2571508,
        "Financial expenses": 94783,
        "Of which: Interest expense": 67329,
        "Cost of sales": 103942,
        "Enterprise cost management": 65181,
        "Total Operating Expenses": 263906,
        "Total revenue financing activities": 55061,
        "Net profit from business activities": 2362632,
        "Profit": 19145,
        "Profit before tax": 2381777,
        "Present corporate income tax expenses": 400279,
        "Deferred income taxes expenses": -48570,
        "The interests of minority shareholders": 4286,
        "Total Cost of profits": 355995,
        "Profit after tax corporate income": 2025782,
        "Volume": 732951419,
        "Close of Quarter": 20.8,
        "EPS": 5512.1,
        "Non-adjusted EPS": 6338,
        "PE": 3.3,
        "Book Price": 20.8
      }
    },
    {
      "quarter": "Q1 2016",
      "income status": {
        "Net sales": 7142387,
        "Cost of goods sold": 5711521,
        "Gross Profit": 1430865,
        "Financial expenses": 94054,
        "Of which: Interest expense": 81042,
        "Cost of sales": 93097,
        "Enterprise cost management": 93843,
        "Total Operating Expenses": 280994,
        "Total revenue financing activities": 57974,
        "Net profit from business activities": 1207845,
        "Profit": 3528,
        "Profit before tax": 1211373,
        "Present corporate income tax expenses": 196264,
        "Deferred income taxes expenses": -5023,
        "The interests of minority shareholders": -1930,
        "Total Cost of profits": 189311,
        "Profit after tax corporate income": 1022062,
        "Volume": 732951419,
        "Close of Quarter": 15.5,
        "EPS": 4578.1,
        "Non-adjusted EPS": 5264,
        "PE": 3.0,
        "Book Price": 18.4
      }
    },
    {
      "quarter": "Q4 2015",
      "income status": {
        "Net sales": 7121777,
        "Cost of goods sold": 5816929,
        "Gross Profit": 1304848,
        "Financial expenses": 108250,
        "Of which: Interest expense": 77004,
        "Cost of sales": 112472,
        "Enterprise cost management": 420622,
        "Total Operating Expenses": 641344,
        "Total revenue financing activities": 65772,
        "Net profit from business activities": 729136,
        "Profit": -46288,
        "Profit before tax": 682849,
        "Present corporate income tax expenses": 127922,
        "Deferred income taxes expenses": -10991,
        "The interests of minority shareholders": 750,
        "Total Cost of profits": 117681,
        "Profit after tax corporate income": 565168,
        "Volume": 732951419,
        "Close of Quarter": 15.4,
        "EPS": 4135.4,
        "Non-adjusted EPS": 4755,
        "PE": 3.2,
        "Book Price": 17.1
      }
    },
    {
      "quarter": "Q3 2015",
      "income status": {
        "Net sales": 6845199,
        "Cost of goods sold": 5284713,
        "Gross Profit": 1560486,
        "Financial expenses": 232000,
        "Of which: Interest expense": 65651,
        "Cost of sales": 115665,
        "Enterprise cost management": 125472,
        "Total Operating Expenses": 473137,
        "Total revenue financing activities": 62375,
        "Net profit from business activities": 1149724,
        "Profit": 10909,
        "Profit before tax": 1160634,
        "Present corporate income tax expenses": 132704,
        "Deferred income taxes expenses": -8418,
        "The interests of minority shareholders": 4149,
        "Total Cost of profits": 128435,
        "Profit after tax corporate income": 1032199,
        "Volume": 732951419,
        "Close of Quarter": 16.0,
        "EPS": 4026.7,
        "Non-adjusted EPS": 4630,
        "PE": 3.5,
        "Book Price": 16.7
      }
    },
    {
      "quarter": "Q2 2015",
      "income status": {
        "Net sales": 7647766,
        "Cost of goods sold": 5948386,
        "Gross Profit": 1699381,
        "Financial expenses": 122728,
        "Of which: Interest expense": 43860,
        "Cost of sales": 95907,
        "Enterprise cost management": 101445,
        "Total Operating Expenses": 320080,
        "Total revenue financing activities": 52535,
        "Net profit from business activities": 1431785,
        "Profit": -24021,
        "Profit before tax": 1407764,
        "Present corporate income tax expenses": 165919,
        "Deferred income taxes expenses": -9781,
        "The interests of minority shareholders": 12509,
        "Total Cost of profits": 168647,
        "Profit after tax corporate income": 1239117,
        "Volume": 732951419,
        "Close of Quarter": 15.2,
        "EPS": 3818.8,
        "Non-adjusted EPS": 4391,
        "PE": 3.5,
        "Book Price": 15.7
      }
    },
    {
      "quarter": "Q1 2015",
      "income status": {
        "Net sales": 5837936,
        "Cost of goods sold": 4821932,
        "Gross Profit": 1016004,
        "Financial expenses": 108564,
        "Of which: Interest expense": 57781,
        "Cost of sales": 100037,
        "Enterprise cost management": 111243,
        "Total Operating Expenses": 319844,
        "Total revenue financing activities": 73230,
        "Net profit from business activities": 769390,
        "Profit": -30904,
        "Profit before tax": 738485,
        "Present corporate income tax expenses": 90433,
        "Deferred income taxes expenses": -2342,
        "The interests of minority shareholders": 1519,
        "Total Cost of profits": 89610,
        "Profit after tax corporate income": 648875,
        "Volume": 488643175,
        "Close of Quarter": 15.1,
        "EPS": 3539.7,
        "Non-adjusted EPS": 6105,
        "PE": 2.5,
        "Book Price": 14.8
      }
    },
    {
      "quarter": "Q4 2014",
      "income status": {
        "Net sales": 6581723,
        "Cost of goods sold": 5547368,
        "Gross Profit": 1034355,
        "Financial expenses": 157196,
        "Of which: Interest expense": 69410,
        "Cost of sales": 111146,
        "Enterprise cost management": 208832,
        "Total Operating Expenses": 477174,
        "Total revenue financing activities": 34583,
        "Net profit from business activities": 591840,
        "Profit": -4834,
        "Profit before tax": 587006,
        "Present corporate income tax expenses": 77568,
        "Deferred income taxes expenses": 13861,
        "The interests of minority shareholders": 21939,
        "Total Cost of profits": 113368,
        "Profit after tax corporate income": 473638,
        "Volume": 481908175,
        "Close of Quarter": 18.2,
        "EPS": 3802.6,
        "Non-adjusted EPS": 6650,
        "PE": 2.7,
        "Book Price": 14.2
      }
    },
    {
      "quarter": "Q3 2014",
      "income status": {
        "Net sales": 5746859,
        "Cost of goods sold": 4417029,
        "Gross Profit": 1329831,
        "Financial expenses": 100106,
        "Of which: Interest expense": 78863,
        "Cost of sales": 100550,
        "Enterprise cost management": 116270,
        "Total Operating Expenses": 316926,
        "Total revenue financing activities": 55707,
        "Net profit from business activities": 1068612,
        "Profit": -43934,
        "Profit before tax": 1024678,
        "Present corporate income tax expenses": 149897,
        "Deferred income taxes expenses": -5590,
        "The interests of minority shareholders": 23502,
        "Total Cost of profits": 167809,
        "Profit after tax corporate income": 856870,
        "Volume": 481908175,
        "Close of Quarter": 19.7,
        "EPS": 3821.5,
        "Non-adjusted EPS": 6683,
        "PE": 3.0,
        "Book Price": 13.8
      }
    },
    {
      "quarter": "Q2 2014",
      "income status": {
        "Net sales": 6681268,
        "Cost of goods sold": 5248527,
        "Gross Profit": 1432740,
        "Financial expenses": 168414,
        "Of which: Interest expense": 81356,
        "Cost of sales": 73658,
        "Enterprise cost management": 142131,
        "Total Operating Expenses": 384203,
        "Total revenue financing activities": 32839,
        "Net profit from business activities": 1081244,
        "Profit": 5343,
        "Profit before tax": 1086587,
        "Present corporate income tax expenses": 129425,
        "Deferred income taxes expenses": -6900,
        "The interests of minority shareholders": -39855,
        "Total Cost of profits": 82670,
        "Profit after tax corporate income": 1003916,
        "Volume": 481908175,
        "Close of Quarter": 18.5,
        "EPS": 3393.7,
        "Non-adjusted EPS": 5935,
        "PE": 3.1,
        "Book Price": 12.8
      }
    },
    {
      "quarter": "Q1 2014",
      "income status": {
        "Net sales": 6515499,
        "Cost of goods sold": 5125829,
        "Gross Profit": 1389670,
        "Financial expenses": 138196,
        "Of which: Interest expense": 120827,
        "Cost of sales": 80734,
        "Enterprise cost management": 139981,
        "Total Operating Expenses": 358911,
        "Total revenue financing activities": 37122,
        "Net profit from business activities": 1067880,
        "Profit": 2963,
        "Profit before tax": 1070843,
        "Present corporate income tax expenses": 160244,
        "Deferred income taxes expenses": 388,
        "The interests of minority shareholders": 39855,
        "Total Cost of profits": 200487,
        "Profit after tax corporate income": 870356,
        "Volume": 419052533,
        "Close of Quarter": 15.4,
        "EPS": 2809.4,
        "Non-adjusted EPS": 5650,
        "PE": 2.7,
        "Book Price": 12.3
      }
    },
    {
      "quarter": "Q4 2013",
      "income status": {
        "Net sales": 6460281,
        "Cost of goods sold": 5368957,
        "Gross Profit": 1091323,
        "Financial expenses": 147051,
        "Of which: Interest expense": 124373,
        "Cost of sales": 106975,
        "Enterprise cost management": 289765,
        "Total Operating Expenses": 543791,
        "Total revenue financing activities": 37681,
        "Net profit from business activities": 585214,
        "Profit": 39886,
        "Profit before tax": 624907,
        "Present corporate income tax expenses": 136124,
        "Deferred income taxes expenses": -1245,
        "The interests of minority shareholders": 428,
        "Total Cost of profits": 135307,
        "Profit after tax corporate income": 489600,
        "Volume": 419052533,
        "Close of Quarter": 11.9,
        "EPS": 2318.6,
        "Non-adjusted EPS": 4663,
        "PE": 2.6,
        "Book Price": 11.3
      }
    },
    {
      "quarter": "Q3 2013",
      "income status": {
        "Net sales": 4194847,
        "Cost of goods sold": 3537874,
        "Gross Profit": 656973,
        "Financial expenses": 105360,
        "Of which: Interest expense": 79448,
        "Cost of sales": 52430,
        "Enterprise cost management": -67150,
        "Total Operating Expenses": 90640,
        "Total revenue financing activities": 34766,
        "Net profit from business activities": 601100,
        "Profit": -3121,
        "Profit before tax": 597978,
        "Present corporate income tax expenses": 94930,
        "Deferred income taxes expenses": -4727,
        "The interests of minority shareholders": 11688,
        "Total Cost of profits": 101891,
        "Profit after tax corporate income": 496088,
        "Volume": 419052533,
        "Close of Quarter": 10.2,
        "EPS": 1945.7,
        "Non-adjusted EPS": 3913,
        "PE": 2.6,
        "Book Price": 10.8
      }
    },
    {
      "quarter": "Q2 2013",
      "income status": {
        "Net sales": 4344895,
        "Cost of goods sold": 3509118,
        "Gross Profit": 835776,
        "Financial expenses": 170070,
        "Of which: Interest expense": 77683,
        "Cost of sales": 28177,
        "Enterprise cost management": 101209,
        "Total Operating Expenses": 299456,
        "Total revenue financing activities": 65861,
        "Net profit from business activities": 602183,
        "Profit": -2820,
        "Profit before tax": 599329,
        "Present corporate income tax expenses": 65865,
        "Deferred income taxes expenses": 1316,
        "The interests of minority shareholders": 20552,
        "Total Cost of profits": 87733,
        "Profit after tax corporate income": 511596,
        "Volume": 419052533,
        "Close of Quarter": 7.9,
        "EPS": 1699.6,
        "Non-adjusted EPS": 3418,
        "PE": 2.3,
        "Book Price": 10.7
      }
    },
    {
      "quarter": "Q1 2013",
      "income status": {
        "Net sales": 3934269,
        "Cost of goods sold": 3242648,
        "Gross Profit": 691621,
        "Financial expenses": 97890,
        "Of which: Interest expense": 81392,
        "Cost of sales": 66072,
        "Enterprise cost management": 90759,
        "Total Operating Expenses": 254721,
        "Total revenue financing activities": 136397,
        "Net profit from business activities": 573297,
        "Profit": -1078,
        "Profit before tax": 572219,
        "Present corporate income tax expenses": 93265,
        "Deferred income taxes expenses": -1559,
        "The interests of minority shareholders": 23581,
        "Total Cost of profits": 115287,
        "Profit after tax corporate income": 456932,
        "Volume": 419052533,
        "Close of Quarter": 7.3,
        "EPS": 1490.2,
        "Non-adjusted EPS": 2997,
        "PE": 2.4,
        "Book Price": 10.1
      }
    },
    {
      "quarter": "Q4 2012",
      "income status": {
        "Net sales": 4235523,
        "Cost of goods sold": 3529131,
        "Gross Profit": 706392,
        "Financial expenses": 102142,
        "Of which: Interest expense": 88540,
        "Cost of sales": 133747,
        "Enterprise cost management": 311260,
        "Total Operating Expenses": 547149,
        "Total revenue financing activities": 26193,
        "Net profit from business activities": 185436,
        "Profit": 32205,
        "Profit before tax": 217425,
        "Present corporate income tax expenses": 22102,
        "Deferred income taxes expenses": 17176,
        "The interests of minority shareholders": 3003,
        "Total Cost of profits": 42281,
        "Profit after tax corporate income": 175143,
        "Volume": 419052533,
        "Close of Quarter": 5.9,
        "EPS": 1179.4,
        "Non-adjusted EPS": 2372,
        "PE": 2.5,
        "Book Price": 9.6
      }
    },
    {
      "quarter": "Q3 2012",
      "income status": {
        "Net sales": 4021991,
        "Cost of goods sold": 3481553,
        "Gross Profit": 540438,
        "Financial expenses": 124847,
        "Of which: Interest expense": 108598,
        "Cost of sales": 54216,
        "Enterprise cost management": 97144,
        "Total Operating Expenses": 276207,
        "Total revenue financing activities": 94968,
        "Net profit from business activities": 359198,
        "Profit": -6484,
        "Profit before tax": 352715,
        "Present corporate income tax expenses": 39147,
        "Deferred income taxes expenses": 4049,
        "The interests of minority shareholders": 20755,
        "Total Cost of profits": 63951,
        "Profit after tax corporate income": 288764,
        "Volume": 349211108,
        "Close of Quarter": 4.3,
        "EPS": 1134.1,
        "Non-adjusted EPS": 2737,
        "PE": 1.6,
        "Book Price": 9.9
      }
    },
    {
      "quarter": "Q2 2012",
      "income status": {
        "Net sales": 4514528,
        "Cost of goods sold": 3831206,
        "Gross Profit": 683322,
        "Financial expenses": 186480,
        "Of which: Interest expense": 154245,
        "Cost of sales": 47946,
        "Enterprise cost management": 94040,
        "Total Operating Expenses": 328466,
        "Total revenue financing activities": 40250,
        "Net profit from business activities": 395107,
        "Profit": -3982,
        "Profit before tax": 390793,
        "Present corporate income tax expenses": 64412,
        "Deferred income taxes expenses": -16445,
        "The interests of minority shareholders": 7974,
        "Total Cost of profits": 55941,
        "Profit after tax corporate income": 334853,
        "Volume": 344980178,
        "Close of Quarter": 5.4,
        "EPS": 912.4,
        "Non-adjusted EPS": 2229,
        "PE": 2.4,
        "Book Price": 9.5
      }
    },
    {
      "quarter": "Q1 2012",
      "income status": {
        "Net sales": 4085721,
        "Cost of goods sold": 3539010,
        "Gross Profit": 546711,
        "Financial expenses": 190407,
        "Of which: Interest expense": 175876,
        "Cost of sales": 38131,
        "Enterprise cost management": 88406,
        "Total Operating Expenses": 316944,
        "Total revenue financing activities": 21987,
        "Net profit from business activities": 251753,
        "Profit": -7407,
        "Profit before tax": 244353,
        "Present corporate income tax expenses": 44404,
        "Deferred income taxes expenses": -100,
        "The interests of minority shareholders": 4754,
        "Total Cost of profits": 49058,
        "Profit after tax corporate income": 195295,
        "Volume": 344980178,
        "Close of Quarter": 5.2,
        "EPS": 1056.1,
        "Non-adjusted EPS": 2580,
        "PE": 2,
        "Book Price": 9.1
      }
    },
    {
      "quarter": "Q4 2011",
      "income status": {
        "Net sales": 4432313,
        "Cost of goods sold": 3861717,
        "Gross Profit": 570596,
        "Financial expenses": 284164,
        "Of which: Interest expense": 327972,
        "Cost of sales": 47304,
        "Enterprise cost management": 139107,
        "Total Operating Expenses": 470575,
        "Total revenue financing activities": 78881,
        "Net profit from business activities": 178902,
        "Profit": -3178,
        "Profit before tax": 175734,
        "Present corporate income tax expenses": 40423,
        "Deferred income taxes expenses": -7767,
        "The interests of minority shareholders": 6144,
        "Total Cost of profits": 38800,
        "Profit after tax corporate income": 136935,
        "Volume": 313618830,
        "Close of Quarter": 3.6,
        "EPS": 1448.7,
        "Non-adjusted EPS": 3893,
        "PE": 0.9,
        "Book Price": 8.8
      }
    },
    {
      "quarter": "Q3 2011",
      "income status": {
        "Net sales": 4145948,
        "Cost of goods sold": 3580212,
        "Gross Profit": 565736,
        "Financial expenses": 319078,
        "Of which: Interest expense": 222455,
        "Cost of sales": 52185,
        "Enterprise cost management": 90174,
        "Total Operating Expenses": 461437,
        "Total revenue financing activities": 52702,
        "Net profit from business activities": 157001,
        "Profit": -3764,
        "Profit before tax": 153234,
        "Present corporate income tax expenses": 42122,
        "Deferred income taxes expenses": 288,
        "The interests of minority shareholders": 8878,
        "Total Cost of profits": 51288,
        "Profit after tax corporate income": 101946,
        "Volume": 313618830,
        "Close of Quarter": 5.6,
        "EPS": 1765.4,
        "Non-adjusted EPS": 4744,
        "PE": 1.2,
        "Book Price": 8.7
      }
    },
    {
      "quarter": "Q2 2011",
      "income status": {
        "Net sales": 4509422,
        "Cost of goods sold": 3704226,
        "Gross Profit": 805196,
        "Financial expenses": 225452,
        "Of which: Interest expense": 205545,
        "Cost of sales": 71319,
        "Enterprise cost management": 90989,
        "Total Operating Expenses": 387760,
        "Total revenue financing activities": 107650,
        "Net profit from business activities": 525086,
        "Profit": -1481,
        "Profit before tax": 525665,
        "Present corporate income tax expenses": 45834,
        "Deferred income taxes expenses": 5520,
        "The interests of minority shareholders": 18570,
        "Total Cost of profits": 69924,
        "Profit after tax corporate income": 455741,
        "Volume": 313618830,
        "Close of Quarter": 6.2,
        "EPS": 2029.2,
        "Non-adjusted EPS": 5453,
        "PE": 1.1,
        "Book Price": 8.5
      }
    },
    {
      "quarter": "Q1 2011",
      "income status": {
        "Net sales": 4747507,
        "Cost of goods sold": 3758058,
        "Gross Profit": 989448,
        "Financial expenses": 317007,
        "Of which: Interest expense": 159228,
        "Cost of sales": 44297,
        "Enterprise cost management": 84798,
        "Total Operating Expenses": 446102,
        "Total revenue financing activities": 114978,
        "Net profit from business activities": 658324,
        "Profit": -3180,
        "Profit before tax": 633106,
        "Present corporate income tax expenses": 80931,
        "Deferred income taxes expenses": -990,
        "The interests of minority shareholders": 26816,
        "Total Cost of profits": 106757,
        "Profit after tax corporate income": 526349,
        "Volume": 317849760,
        "Close of Quarter": 7.1,
        "EPS": 1893.7,
        "Non-adjusted EPS": 5021,
        "PE": 1.4,
        "Book Price": 8.2
      }
    }
  ]
}