{
  "ticker": "SDP",
  "data": [
    {
      "quarter": "Q4 2016",
      "income status": {
        "Net sales": 194235,
        "Cost of goods sold": 173333,
        "Gross Profit": 20902,
        "Financial expenses": 7401,
        "Of which: Interest expense": 5873,
        "Cost of sales": 2840,
        "Enterprise cost management": 7808,
        "Total Operating Expenses": 18049,
        "Total revenue financing activities": 578,
        "Net profit from business activities": 3432,
        "Profit": -1200,
        "Profit before tax": 2232,
        "Present corporate income tax expenses": 954,
        "Deferred income taxes expenses": "N/A",
        "The interests of minority shareholders": "N/A",
        "Total Cost of profits": 954,
        "Profit after tax corporate income": 1277,
        "Volume": 11114472,
        "Close of Quarter": 4.1,
        "EPS": 473,
        "Non-adjusted EPS": 473,
        "PE": 8.7,
        "Book Price": 14.2
      }
    },
    {
      "quarter": "Q3 2016",
      "income status": {
        "Net sales": 101978,
        "Cost of goods sold": 92431,
        "Gross Profit": 9548,
        "Financial expenses": 5187,
        "Of which: Interest expense": 5164,
        "Cost of sales": 1508,
        "Enterprise cost management": 3934,
        "Total Operating Expenses": 10629,
        "Total revenue financing activities": 366,
        "Net profit from business activities": -716,
        "Profit": 2426,
        "Profit before tax": 1711,
        "Present corporate income tax expenses": 269,
        "Deferred income taxes expenses": "N/A",
        "The interests of minority shareholders": "N/A",
        "Total Cost of profits": 269,
        "Profit after tax corporate income": 1442,
        "Volume": 11114472,
        "Close of Quarter": 5.6,
        "EPS": 896,
        "Non-adjusted EPS": 896,
        "PE": 6.3,
        "Book Price": 14.1
      }
    },
    {
      "quarter": "Q2 2016",
      "income status": {
        "Net sales": 97277,
        "Cost of goods sold": 86874,
        "Gross Profit": 10403,
        "Financial expenses": 3605,
        "Of which: Interest expense": 3212,
        "Cost of sales": 835,
        "Enterprise cost management": 4637,
        "Total Operating Expenses": 9077,
        "Total revenue financing activities": 39,
        "Net profit from business activities": 1364,
        "Profit": 1646,
        "Profit before tax": 3010,
        "Present corporate income tax expenses": 759,
        "Deferred income taxes expenses": "N/A",
        "The interests of minority shareholders": "N/A",
        "Total Cost of profits": 759,
        "Profit after tax corporate income": 2251,
        "Volume": 11114472,
        "Close of Quarter": 4,
        "EPS": 195,
        "Non-adjusted EPS": 195,
        "PE": 20.5,
        "Book Price": 14
      }
    },
    {
      "quarter": "Q1 2016",
      "income status": {
        "Net sales": 71990,
        "Cost of goods sold": 61185,
        "Gross Profit": 10805,
        "Financial expenses": 4645,
        "Of which: Interest expense": 4644,
        "Cost of sales": 2740,
        "Enterprise cost management": 3193,
        "Total Operating Expenses": 10578,
        "Total revenue financing activities": 78,
        "Net profit from business activities": 305,
        "Profit": 53,
        "Profit before tax": 358,
        "Present corporate income tax expenses": 71,
        "Deferred income taxes expenses": "N/A",
        "The interests of minority shareholders": "N/A",
        "Total Cost of profits": 71,
        "Profit after tax corporate income": 287,
        "Volume": 11114472,
        "Close of Quarter": 5,
        "EPS": 136,
        "Non-adjusted EPS": 136,
        "PE": 36.8,
        "Book Price": 13.8
      }
    },
    {
      "quarter": "Q4 2015",
      "income status": {
        "Net sales": 176287,
        "Cost of goods sold": 153438,
        "Gross Profit": 22849,
        "Financial expenses": 4681,
        "Of which: Interest expense": 2152,
        "Cost of sales": 3093,
        "Enterprise cost management": 6083,
        "Total Operating Expenses": 13857,
        "Total revenue financing activities": 476,
        "Net profit from business activities": 9468,
        "Profit": -2928,
        "Profit before tax": 6540,
        "Present corporate income tax expenses": 565,
        "Deferred income taxes expenses": "N/A",
        "The interests of minority shareholders": "N/A",
        "Total Cost of profits": 565,
        "Profit after tax corporate income": 5975,
        "Volume": 11114472,
        "Close of Quarter": 4.6,
        "EPS": 217,
        "Non-adjusted EPS": 217,
        "PE": 21.2,
        "Book Price": 13.7
      }
    },
    {
      "quarter": "Q3 2015",
      "income status": {
        "Net sales": 171320,
        "Cost of goods sold": 161912,
        "Gross Profit": 9408,
        "Financial expenses": 8592,
        "Of which: Interest expense": 3186,
        "Cost of sales": 3611,
        "Enterprise cost management": 3835,
        "Total Operating Expenses": 16038,
        "Total revenue financing activities": 289,
        "Net profit from business activities": -6341,
        "Profit": -4,
        "Profit before tax": -6345,
        "Present corporate income tax expenses": "N/A",
        "Deferred income taxes expenses": "N/A",
        "The interests of minority shareholders": "N/A",
        "Total Cost of profits": 0,
        "Profit after tax corporate income": -6345,
        "Volume": 11114472,
        "Close of Quarter": 5.8,
        "EPS": -3,
        "Non-adjusted EPS": -3,
        "PE": -1916.7,
        "Book Price": 13.2
      }
    },
    {
      "quarter": "Q2 2015",
      "income status": {
        "Net sales": 200184,
        "Cost of goods sold": 182201,
        "Gross Profit": 17983,
        "Financial expenses": 5639,
        "Of which: Interest expense": 4512,
        "Cost of sales": 6137,
        "Enterprise cost management": 5160,
        "Total Operating Expenses": 16936,
        "Total revenue financing activities": 263,
        "Net profit from business activities": 1310,
        "Profit": 929,
        "Profit before tax": 2239,
        "Present corporate income tax expenses": 645,
        "Deferred income taxes expenses": "N/A",
        "The interests of minority shareholders": "N/A",
        "Total Cost of profits": 645,
        "Profit after tax corporate income": 1593,
        "Volume": 11114472,
        "Close of Quarter": 7.4,
        "EPS": 668,
        "Non-adjusted EPS": 668,
        "PE": 11.1,
        "Book Price": 13.8
      }
    },
    {
      "quarter": "Q1 2015",
      "income status": {
        "Net sales": 163281,
        "Cost of goods sold": 152373,
        "Gross Profit": 10908,
        "Financial expenses": 4534,
        "Of which: Interest expense": 4525,
        "Cost of sales": 1742,
        "Enterprise cost management": 3165,
        "Total Operating Expenses": 9441,
        "Total revenue financing activities": 72,
        "Net profit from business activities": 1539,
        "Profit": "N/A",
        "Profit before tax": 1539,
        "Present corporate income tax expenses": 347,
        "Deferred income taxes expenses": "N/A",
        "The interests of minority shareholders": "N/A",
        "Total Cost of profits": 347,
        "Profit after tax corporate income": 1192,
        "Volume": 11114472,
        "Close of Quarter": 9.3,
        "EPS": 637,
        "Non-adjusted EPS": 637,
        "PE": 14.6,
        "Book Price": 14.2
      }
    },
    {
      "quarter": "Q4 2014",
      "income status": {
        "Net sales": 236490,
        "Cost of goods sold": 217333,
        "Gross Profit": 19157,
        "Financial expenses": 5906,
        "Of which: Interest expense": 5898,
        "Cost of sales": 4171,
        "Enterprise cost management": 5185,
        "Total Operating Expenses": 15262,
        "Total revenue financing activities": 71,
        "Net profit from business activities": 3966,
        "Profit": 1344,
        "Profit before tax": 5311,
        "Present corporate income tax expenses": 1781,
        "Deferred income taxes expenses": "N/A",
        "The interests of minority shareholders": "N/A",
        "Total Cost of profits": 1781,
        "Profit after tax corporate income": 3530,
        "Volume": 11114472,
        "Close of Quarter": 9.9,
        "EPS": 615,
        "Non-adjusted EPS": 615,
        "PE": 16.2,
        "Book Price": 14.1
      }
    },
    {
      "quarter": "Q3 2014",
      "income status": {
        "Net sales": 107913,
        "Cost of goods sold": 94633,
        "Gross Profit": 13281,
        "Financial expenses": 4781,
        "Of which: Interest expense": 4780,
        "Cost of sales": 1702,
        "Enterprise cost management": 3602,
        "Total Operating Expenses": 10085,
        "Total revenue financing activities": 282,
        "Net profit from business activities": 3477,
        "Profit": -2098,
        "Profit before tax": 1379,
        "Present corporate income tax expenses": 275,
        "Deferred income taxes expenses": "N/A",
        "The interests of minority shareholders": "N/A",
        "Total Cost of profits": 275,
        "Profit after tax corporate income": 1104,
        "Volume": 11114472,
        "Close of Quarter": 6.3,
        "EPS": 616,
        "Non-adjusted EPS": 616,
        "PE": 10.2,
        "Book Price": 13.8
      }
    },
    {
      "quarter": "Q2 2014",
      "income status": {
        "Net sales": 90889,
        "Cost of goods sold": 69635,
        "Gross Profit": 21254,
        "Financial expenses": 6520,
        "Of which: Interest expense": 5987,
        "Cost of sales": 2122,
        "Enterprise cost management": 4603,
        "Total Operating Expenses": 13245,
        "Total revenue financing activities": 27,
        "Net profit from business activities": 8036,
        "Profit": -6157,
        "Profit before tax": 1880,
        "Present corporate income tax expenses": 627,
        "Deferred income taxes expenses": "N/A",
        "The interests of minority shareholders": "N/A",
        "Total Cost of profits": 627,
        "Profit after tax corporate income": 1253,
        "Volume": 11114472,
        "Close of Quarter": 5.5,
        "EPS": 507,
        "Non-adjusted EPS": 507,
        "PE": 10.9,
        "Book Price": 13.7
      }
    },
    {
      "quarter": "Q1 2014",
      "income status": {
        "Net sales": 125542,
        "Cost of goods sold": 111816,
        "Gross Profit": 13727,
        "Financial expenses": 6310,
        "Of which: Interest expense": 6131,
        "Cost of sales": 2181,
        "Enterprise cost management": 3808,
        "Total Operating Expenses": 12299,
        "Total revenue financing activities": 285,
        "Net profit from business activities": 1712,
        "Profit": -354,
        "Profit before tax": 1358,
        "Present corporate income tax expenses": 411,
        "Deferred income taxes expenses": "N/A",
        "The interests of minority shareholders": "N/A",
        "Total Cost of profits": 411,
        "Profit after tax corporate income": 947,
        "Volume": 11114472,
        "Close of Quarter": 6.9,
        "EPS": 601,
        "Non-adjusted EPS": 601,
        "PE": 11.4,
        "Book Price": 14.2
      }
    },
    {
      "quarter": "Q4 2013",
      "income status": {
        "Net sales": 269157,
        "Cost of goods sold": 249839,
        "Gross Profit": 19319,
        "Financial expenses": 6903,
        "Of which: Interest expense": 5827,
        "Cost of sales": 5949,
        "Enterprise cost management": 3225,
        "Total Operating Expenses": 16077,
        "Total revenue financing activities": 2455,
        "Net profit from business activities": 5697,
        "Profit": -384,
        "Profit before tax": 5313,
        "Present corporate income tax expenses": 1769,
        "Deferred income taxes expenses": "N/A",
        "The interests of minority shareholders": "N/A",
        "Total Cost of profits": 1769,
        "Profit after tax corporate income": 3544,
        "Volume": 11114472,
        "Close of Quarter": 5.3,
        "EPS": 670,
        "Non-adjusted EPS": 670,
        "PE": 7.9,
        "Book Price": 14.1
      }
    },
    {
      "quarter": "Q3 2013",
      "income status": {
        "Net sales": 191780,
        "Cost of goods sold": 172494,
        "Gross Profit": 19285,
        "Financial expenses": 7756,
        "Of which: Interest expense": 7098,
        "Cost of sales": 8636,
        "Enterprise cost management": 3185,
        "Total Operating Expenses": 19577,
        "Total revenue financing activities": 404,
        "Net profit from business activities": 111,
        "Profit": -59,
        "Profit before tax": 52,
        "Present corporate income tax expenses": 162,
        "Deferred income taxes expenses": "N/A",
        "The interests of minority shareholders": "N/A",
        "Total Cost of profits": 162,
        "Profit after tax corporate income": -110,
        "Volume": 11114472,
        "Close of Quarter": 3.1,
        "EPS": 410,
        "Non-adjusted EPS": 410,
        "PE": 7.7,
        "Book Price": 13.9
      }
    },
    {
      "quarter": "Q2 2013",
      "income status": {
        "Net sales": 182047,
        "Cost of goods sold": 163354,
        "Gross Profit": 18693,
        "Financial expenses": 7136,
        "Of which: Interest expense": 6443,
        "Cost of sales": 2782,
        "Enterprise cost management": 5927,
        "Total Operating Expenses": 15845,
        "Total revenue financing activities": 48,
        "Net profit from business activities": 2896,
        "Profit": -104,
        "Profit before tax": 2792,
        "Present corporate income tax expenses": 490,
        "Deferred income taxes expenses": "N/A",
        "The interests of minority shareholders": "N/A",
        "Total Cost of profits": 490,
        "Profit after tax corporate income": 2302,
        "Volume": 11114472,
        "Close of Quarter": 3.1,
        "EPS": 190,
        "Non-adjusted EPS": 190,
        "PE": 16.1,
        "Book Price": 13.9
      }
    },
    {
      "quarter": "Q1 2013",
      "income status": {
        "Net sales": 177747,
        "Cost of goods sold": 163142,
        "Gross Profit": 14604,
        "Financial expenses": 6416,
        "Of which: Interest expense": 6313,
        "Cost of sales": 779,
        "Enterprise cost management": 5574,
        "Total Operating Expenses": 12769,
        "Total revenue financing activities": 134,
        "Net profit from business activities": 1969,
        "Profit": 188,
        "Profit before tax": 2157,
        "Present corporate income tax expenses": 450,
        "Deferred income taxes expenses": "N/A",
        "The interests of minority shareholders": "N/A",
        "Total Cost of profits": 450,
        "Profit after tax corporate income": 1707,
        "Volume": 11114472,
        "Close of Quarter": 3.2,
        "EPS": 11,
        "Non-adjusted EPS": 11,
        "PE": 292.7,
        "Book Price": 13.6
      }
    },
    {
      "quarter": "Q4 2012",
      "income status": {
        "Net sales": 205091,
        "Cost of goods sold": 184477,
        "Gross Profit": 20614,
        "Financial expenses": 8859,
        "Of which: Interest expense": 6889,
        "Cost of sales": 3120,
        "Enterprise cost management": 6673,
        "Total Operating Expenses": 18652,
        "Total revenue financing activities": 230,
        "Net profit from business activities": 2192,
        "Profit": 158,
        "Profit before tax": 2350,
        "Present corporate income tax expenses": 1697,
        "Deferred income taxes expenses": "N/A",
        "The interests of minority shareholders": "N/A",
        "Total Cost of profits": 1697,
        "Profit after tax corporate income": 653,
        "Volume": 11114472,
        "Close of Quarter": 3.2,
        "EPS": 28,
        "Non-adjusted EPS": 28,
        "PE": 115,
        "Book Price": 13.2
      }
    },
    {
      "quarter": "Q3 2012",
      "income status": {
        "Net sales": 158049,
        "Cost of goods sold": 142376,
        "Gross Profit": 15673,
        "Financial expenses": 9263,
        "Of which: Interest expense": 7627,
        "Cost of sales": 2499,
        "Enterprise cost management": 6376,
        "Total Operating Expenses": 18138,
        "Total revenue financing activities": 594,
        "Net profit from business activities": -1872,
        "Profit": -115,
        "Profit before tax": -1987,
        "Present corporate income tax expenses": 562,
        "Deferred income taxes expenses": "N/A",
        "The interests of minority shareholders": "N/A",
        "Total Cost of profits": 562,
        "Profit after tax corporate income": -2548,
        "Volume": 11114472,
        "Close of Quarter": 2.6,
        "EPS": -263,
        "Non-adjusted EPS": -263,
        "PE": -10,
        "Book Price": 13.1
      }
    },
    {
      "quarter": "Q2 2012",
      "income status": {
        "Net sales": 213849,
        "Cost of goods sold": 193768,
        "Gross Profit": 20081,
        "Financial expenses": 11070,
        "Of which: Interest expense": 10992,
        "Cost of sales": 2689,
        "Enterprise cost management": 7153,
        "Total Operating Expenses": 20912,
        "Total revenue financing activities": 1746,
        "Net profit from business activities": 915,
        "Profit": -3,
        "Profit before tax": 912,
        "Present corporate income tax expenses": 599,
        "Deferred income taxes expenses": "N/A",
        "The interests of minority shareholders": "N/A",
        "Total Cost of profits": 599,
        "Profit after tax corporate income": 313,
        "Volume": 11114472,
        "Close of Quarter": 4.4,
        "EPS": 684,
        "Non-adjusted EPS": 684,
        "PE": 6.4,
        "Book Price": 13.4
      }
    },
    {
      "quarter": "Q1 2012",
      "income status": {
        "Net sales": 212321,
        "Cost of goods sold": 193945,
        "Gross Profit": 18376,
        "Financial expenses": 10835,
        "Of which: Interest expense": 9578,
        "Cost of sales": 2383,
        "Enterprise cost management": 5868,
        "Total Operating Expenses": 19086,
        "Total revenue financing activities": 3927,
        "Net profit from business activities": 3216,
        "Profit": -31,
        "Profit before tax": 3185,
        "Present corporate income tax expenses": 1291,
        "Deferred income taxes expenses": "N/A",
        "The interests of minority shareholders": "N/A",
        "Total Cost of profits": 1291,
        "Profit after tax corporate income": 1894,
        "Volume": 11114472,
        "Close of Quarter": 4.5,
        "EPS": 690,
        "Non-adjusted EPS": 690,
        "PE": 6.5,
        "Book Price": 13.9
      }
    },
    {
      "quarter": "Q4 2011",
      "income status": {
        "Net sales": 284612,
        "Cost of goods sold": 261062,
        "Gross Profit": 23550,
        "Financial expenses": 13825,
        "Of which: Interest expense": 12427,
        "Cost of sales": 2703,
        "Enterprise cost management": 9181,
        "Total Operating Expenses": 25709,
        "Total revenue financing activities": 359,
        "Net profit from business activities": -1800,
        "Profit": -39,
        "Profit before tax": -1838,
        "Present corporate income tax expenses": 738,
        "Deferred income taxes expenses": "N/A",
        "The interests of minority shareholders": "N/A",
        "Total Cost of profits": 738,
        "Profit after tax corporate income": -2577,
        "Volume": 11114472,
        "Close of Quarter": 3.2,
        "EPS": 530,
        "Non-adjusted EPS": 530,
        "PE": 6.0,
        "Book Price": 13.5
      }
    },
    {
      "quarter": "Q3 2011",
      "income status": {
        "Net sales": 325898,
        "Cost of goods sold": 296562,
        "Gross Profit": 29336,
        "Financial expenses": 5976,
        "Of which: Interest expense": 6177,
        "Cost of sales": 4786,
        "Enterprise cost management": 10454,
        "Total Operating Expenses": 21216,
        "Total revenue financing activities": 2088,
        "Net profit from business activities": 10208,
        "Profit": 279,
        "Profit before tax": 10488,
        "Present corporate income tax expenses": 2520,
        "Deferred income taxes expenses": "N/A",
        "The interests of minority shareholders": "N/A",
        "Total Cost of profits": 2520,
        "Profit after tax corporate income": 7967,
        "Volume": 11114472,
        "Close of Quarter": 5.1,
        "EPS": 1002,
        "Non-adjusted EPS": 1002,
        "PE": 5.1,
        "Book Price": 13.8
      }
    },
    {
      "quarter": "Q2 2011",
      "income status": {
        "Net sales": 170021,
        "Cost of goods sold": 154560,
        "Gross Profit": 15461,
        "Financial expenses": 9384,
        "Of which: Interest expense": 7567,
        "Cost of sales": 926,
        "Enterprise cost management": 6869,
        "Total Operating Expenses": 17179,
        "Total revenue financing activities": 3450,
        "Net profit from business activities": 1732,
        "Profit": -197,
        "Profit before tax": 1535,
        "Present corporate income tax expenses": 1154,
        "Deferred income taxes expenses": "N/A",
        "The interests of minority shareholders": "N/A",
        "Total Cost of profits": 1154,
        "Profit after tax corporate income": 381,
        "Volume": 8000000,
        "Close of Quarter": 5.9,
        "EPS": 615.4,
        "Non-adjusted EPS": 855,
        "PE": 6.9,
        "Book Price": 10.2
      }
    },
    {
      "quarter": "Q1 2011",
      "income status": {
        "Net sales": 97890,
        "Cost of goods sold": 90728,
        "Gross Profit": 7162,
        "Financial expenses": 2919,
        "Of which: Interest expense": 1138,
        "Cost of sales": 1189,
        "Enterprise cost management": 5492,
        "Total Operating Expenses": 9600,
        "Total revenue financing activities": 2329,
        "Net profit from business activities": -108,
        "Profit": 518,
        "Profit before tax": 410,
        "Present corporate income tax expenses": 292,
        "Deferred income taxes expenses": "N/A",
        "The interests of minority shareholders": "N/A",
        "Total Cost of profits": 292,
        "Profit after tax corporate income": 118,
        "Volume": 8000000,
        "Close of Quarter": 8.0,
        "EPS": 1009.9,
        "Non-adjusted EPS": 1403,
        "PE": 5.7,
        "Book Price": 11.1
      }
    }
  ]
}