{
  "ticker": "BHS",
  "data": [
    {
      "quarter": "Q4 2016",
      "income status": {
        "Net sales": 1571160,
        "Cost of goods sold": 1377852,
        "Gross Profit": 193308,
        "Financial expenses": 49396,
        "Of which: Interest expense": 12612,
        "Cost of sales": 54755,
        "Enterprise cost management": 47055,
        "Total Operating Expenses": 151206,
        "Total revenue financing activities": 78177,
        "Net profit from business activities": 121875,
        "Profit": -588,
        "Profit before tax": 121288,
        "Present corporate income tax expenses": 18354,
        "Deferred income taxes expenses": -503,
        "The interests of minority shareholders": 194,
        "Total Cost of profits": 18045,
        "Profit after tax corporate income": 103243,
        "Volume": 129511198,
        "Close of Quarter": 10.7,
        "EPS": 2232,
        "Non-adjusted EPS": 2232,
        "PE": 4.8,
        "Book Price": 17.6
      }
    },
    {
      "quarter": "Q3 2016",
      "income status": {
        "Net sales": 923825,
        "Cost of goods sold": 791230,
        "Gross Profit": 132595,
        "Financial expenses": 50569,
        "Of which: Interest expense": 49527,
        "Cost of sales": 35675,
        "Enterprise cost management": 40846,
        "Total Operating Expenses": 127090,
        "Total revenue financing activities": 31182,
        "Net profit from business activities": 46483,
        "Profit": 239,
        "Profit before tax": 46722,
        "Present corporate income tax expenses": 6156,
        "Deferred income taxes expenses": -261,
        "The interests of minority shareholders": 340,
        "Total Cost of profits": 6235,
        "Profit after tax corporate income": 40486,
        "Volume": 129511198,
        "Close of Quarter": 13.4,
        "EPS": 1948,
        "Non-adjusted EPS": 1948,
        "PE": 6.9,
        "Book Price": 16.9
      }
    },
    {
      "quarter": "Q2 2016",
      "income status": {
        "Net sales": 1138182,
        "Cost of goods sold": 955360,
        "Gross Profit": 182823,
        "Financial expenses": 48404,
        "Of which: Interest expense": 42906,
        "Cost of sales": 30291,
        "Enterprise cost management": 44769,
        "Total Operating Expenses": 123464,
        "Total revenue financing activities": 19672,
        "Net profit from business activities": 84417,
        "Profit": 391,
        "Profit before tax": 84808,
        "Present corporate income tax expenses": 9494,
        "Deferred income taxes expenses": -5886,
        "The interests of minority shareholders": 300,
        "Total Cost of profits": 3908,
        "Profit after tax corporate income": 80900,
        "Volume": 123343998,
        "Close of Quarter": 14.2,
        "EPS": 1914.3,
        "Non-adjusted EPS": 2010,
        "PE": 7.0,
        "Book Price": 16.6
      }
    },
    {
      "quarter": "Q1 2016",
      "income status": {
        "Net sales": 1175605,
        "Cost of goods sold": 1010903,
        "Gross Profit": 164702,
        "Financial expenses": 37894,
        "Of which: Interest expense": 35730,
        "Cost of sales": 29856,
        "Enterprise cost management": 42934,
        "Total Operating Expenses": 110684,
        "Total revenue financing activities": 21569,
        "Net profit from business activities": 75503,
        "Profit": 1010,
        "Profit before tax": 76513,
        "Present corporate income tax expenses": 12238,
        "Deferred income taxes expenses": -182,
        "The interests of minority shareholders": 57,
        "Total Cost of profits": 12113,
        "Profit after tax corporate income": 64400,
        "Volume": 123343998,
        "Close of Quarter": 13.6,
        "EPS": 1444.8,
        "Non-adjusted EPS": 1517,
        "PE": 9.0,
        "Book Price": 15.6
      }
    },
    {
      "quarter": "Q4 2015",
      "income status": {
        "Net sales": 973426,
        "Cost of goods sold": 839973,
        "Gross Profit": 133453,
        "Financial expenses": 11043,
        "Of which: Interest expense": 21287,
        "Cost of sales": 18801,
        "Enterprise cost management": 39459,
        "Total Operating Expenses": 69303,
        "Total revenue financing activities": 20017,
        "Net profit from business activities": 84272,
        "Profit": 608,
        "Profit before tax": 84880,
        "Present corporate income tax expenses": 19121,
        "Deferred income taxes expenses": -733,
        "The interests of minority shareholders": 15,
        "Total Cost of profits": 18403,
        "Profit after tax corporate income": 66477,
        "Volume": 123343998,
        "Close of Quarter": 14.7,
        "EPS": 1229.5,
        "Non-adjusted EPS": 1291,
        "PE": 11.4,
        "Book Price": 15.1
      }
    },
    {
      "quarter": "Q3 2015",
      "income status": {
        "Net sales": 1079073,
        "Cost of goods sold": 957959,
        "Gross Profit": 121114,
        "Financial expenses": 26400,
        "Of which: Interest expense": 12690,
        "Cost of sales": 27243,
        "Enterprise cost management": 27712,
        "Total Operating Expenses": 81355,
        "Total revenue financing activities": 6836,
        "Net profit from business activities": 46566,
        "Profit": 3320,
        "Profit before tax": 49886,
        "Present corporate income tax expenses": 8434,
        "Deferred income taxes expenses": 5300,
        "The interests of minority shareholders": "N/A",
        "Total Cost of profits": 13734,
        "Profit after tax corporate income": 36152,
        "Volume": 62994918,
        "Close of Quarter": 11.6,
        "EPS": 870.7,
        "Non-adjusted EPS": 1790,
        "PE": 6.5,
        "Book Price": 7.3
      }
    },
    {
      "quarter": "Q2 2015",
      "income status": {
        "Net sales": 865256,
        "Cost of goods sold": 768510,
        "Gross Profit": 96745,
        "Financial expenses": 19931,
        "Of which: Interest expense": 16218,
        "Cost of sales": 19541,
        "Enterprise cost management": 42938,
        "Total Operating Expenses": 82410,
        "Total revenue financing activities": 12391,
        "Net profit from business activities": 26822,
        "Profit": 75,
        "Profit before tax": 26897,
        "Present corporate income tax expenses": 14273,
        "Deferred income taxes expenses": -7416,
        "The interests of minority shareholders": "N/A",
        "Total Cost of profits": 6857,
        "Profit after tax corporate income": 20040,
        "Volume": 62994918,
        "Close of Quarter": 9.9,
        "EPS": 717.5,
        "Non-adjusted EPS": 1475,
        "PE": 6.7,
        "Book Price": 7
      }
    },
    {
      "quarter": "Q1 2015",
      "income status": {
        "Net sales": 759415,
        "Cost of goods sold": 647962,
        "Gross Profit": 111453,
        "Financial expenses": 21940,
        "Of which: Interest expense": 16289,
        "Cost of sales": 26129,
        "Enterprise cost management": 26696,
        "Total Operating Expenses": 74765,
        "Total revenue financing activities": 10649,
        "Net profit from business activities": 47313,
        "Profit": 238,
        "Profit before tax": 47550,
        "Present corporate income tax expenses": 10966,
        "Deferred income taxes expenses": "N/A",
        "The interests of minority shareholders": "N/A",
        "Total Cost of profits": 10966,
        "Profit after tax corporate income": 36584,
        "Volume": 62994918,
        "Close of Quarter": 7.5,
        "EPS": 756.4,
        "Non-adjusted EPS": 1555,
        "PE": 4.8,
        "Book Price": 6.9
      }
    },
    {
      "quarter": "Q4 2014",
      "income status": {
        "Net sales": 786739,
        "Cost of goods sold": 724807,
        "Gross Profit": 61932,
        "Financial expenses": 12264,
        "Of which: Interest expense": 15929,
        "Cost of sales": 18443,
        "Enterprise cost management": 23384,
        "Total Operating Expenses": 54091,
        "Total revenue financing activities": 14172,
        "Net profit from business activities": 21873,
        "Profit": 2701,
        "Profit before tax": 24574,
        "Present corporate income tax expenses": 4577,
        "Deferred income taxes expenses": "N/A",
        "The interests of minority shareholders": "N/A",
        "Total Cost of profits": 4577,
        "Profit after tax corporate income": 19997,
        "Volume": 62994918,
        "Close of Quarter": 8.4,
        "EPS": 631.4,
        "Non-adjusted EPS": 1298,
        "PE": 6.5,
        "Book Price": 6.6
      }
    },
    {
      "quarter": "Q3 2014",
      "income status": {
        "Net sales": 556639,
        "Cost of goods sold": 486024,
        "Gross Profit": 70615,
        "Financial expenses": 20775,
        "Of which: Interest expense": 18761,
        "Cost of sales": 17364,
        "Enterprise cost management": 22580,
        "Total Operating Expenses": 60719,
        "Total revenue financing activities": 10651,
        "Net profit from business activities": 20619,
        "Profit": 364,
        "Profit before tax": 20982,
        "Present corporate income tax expenses": 4679,
        "Deferred income taxes expenses": "N/A",
        "The interests of minority shareholders": "N/A",
        "Total Cost of profits": 4679,
        "Profit after tax corporate income": 16304,
        "Volume": 62994918,
        "Close of Quarter": 8.0,
        "EPS": 732.5,
        "Non-adjusted EPS": 1506,
        "PE": 5.3,
        "Book Price": 6.7
      }
    },
    {
      "quarter": "Q2 2014",
      "income status": {
        "Net sales": 647956,
        "Cost of goods sold": 565609,
        "Gross Profit": 82347,
        "Financial expenses": 22865,
        "Of which: Interest expense": 23320,
        "Cost of sales": 22115,
        "Enterprise cost management": 20997,
        "Total Operating Expenses": 65977,
        "Total revenue financing activities": 15823,
        "Net profit from business activities": 32331,
        "Profit": -140,
        "Profit before tax": 32191,
        "Present corporate income tax expenses": 6819,
        "Deferred income taxes expenses": 306,
        "The interests of minority shareholders": "N/A",
        "Total Cost of profits": 7125,
        "Profit after tax corporate income": 25066,
        "Volume": 61495039,
        "Close of Quarter": 8.1,
        "EPS": 607.3,
        "Non-adjusted EPS": 1279,
        "PE": 6.3,
        "Book Price": 6.6
      }
    },
    {
      "quarter": "Q1 2014",
      "income status": {
        "Net sales": 610509,
        "Cost of goods sold": 517292,
        "Gross Profit": 93217,
        "Financial expenses": 30038,
        "Of which: Interest expense": 21821,
        "Cost of sales": 22791,
        "Enterprise cost management": 31152,
        "Total Operating Expenses": 83981,
        "Total revenue financing activities": 16301,
        "Net profit from business activities": 25516,
        "Profit": 1082,
        "Profit before tax": 26597,
        "Present corporate income tax expenses": 6184,
        "Deferred income taxes expenses": "N/A",
        "The interests of minority shareholders": "N/A",
        "Total Cost of profits": 6184,
        "Profit after tax corporate income": 20414,
        "Volume": 61495039,
        "Close of Quarter": 8.4,
        "EPS": 292.0,
        "Non-adjusted EPS": 615,
        "PE": 13.6,
        "Book Price": 6.7
      }
    },
    {
      "quarter": "Q4 2013",
      "income status": {
        "Net sales": 829014,
        "Cost of goods sold": 740111,
        "Gross Profit": 88904,
        "Financial expenses": 24336,
        "Of which: Interest expense": 20997,
        "Cost of sales": 19920,
        "Enterprise cost management": 17899,
        "Total Operating Expenses": 62155,
        "Total revenue financing activities": 17221,
        "Net profit from business activities": 43971,
        "Profit": 467,
        "Profit before tax": 44252,
        "Present corporate income tax expenses": 10587,
        "Deferred income taxes expenses": 586,
        "The interests of minority shareholders": "N/A",
        "Total Cost of profits": 11173,
        "Profit after tax corporate income": 33079,
        "Volume": 29997580,
        "Close of Quarter": 8.4,
        "EPS": 300.0,
        "Non-adjusted EPS": 1295,
        "PE": 6.5,
        "Book Price": 6.5
      }
    },
    {
      "quarter": "Q3 2013",
      "income status": {
        "Net sales": 867537,
        "Cost of goods sold": 822678,
        "Gross Profit": 44858,
        "Financial expenses": 23443,
        "Of which: Interest expense": 22457,
        "Cost of sales": 22998,
        "Enterprise cost management": 11579,
        "Total Operating Expenses": 58020,
        "Total revenue financing activities": 13449,
        "Net profit from business activities": 286,
        "Profit": 69,
        "Profit before tax": 355,
        "Present corporate income tax expenses": 249,
        "Deferred income taxes expenses": "N/A",
        "The interests of minority shareholders": "N/A",
        "Total Cost of profits": 249,
        "Profit after tax corporate income": 106,
        "Volume": 29997580,
        "Close of Quarter": 7.3,
        "EPS": 403.3,
        "Non-adjusted EPS": 1741,
        "PE": 4.2,
        "Book Price": 4.0
      }
    },
    {
      "quarter": "Q2 2013",
      "income status": {
        "Net sales": 480318,
        "Cost of goods sold": 434769,
        "Gross Profit": 45549,
        "Financial expenses": 43083,
        "Of which: Interest expense": 41603,
        "Cost of sales": 24688,
        "Enterprise cost management": 9560,
        "Total Operating Expenses": 77331,
        "Total revenue financing activities": 10651,
        "Net profit from business activities": -21131,
        "Profit": 292,
        "Profit before tax": -20839,
        "Present corporate income tax expenses": -6829,
        "Deferred income taxes expenses": 1799,
        "The interests of minority shareholders": "N/A",
        "Total Cost of profits": -5030,
        "Profit after tax corporate income": -15809,
        "Volume": 29997580,
        "Close of Quarter": 8.6,
        "EPS": 621.2,
        "Non-adjusted EPS": 2682,
        "PE": 3.2,
        "Book Price": 4.0
      }
    },
    {
      "quarter": "Q1 2013",
      "income status": {
        "Net sales": 751172,
        "Cost of goods sold": 688449,
        "Gross Profit": 62723,
        "Financial expenses": 19964,
        "Of which: Interest expense": 20299,
        "Cost of sales": 23463,
        "Enterprise cost management": 3591,
        "Total Operating Expenses": 47018,
        "Total revenue financing activities": 12582,
        "Net profit from business activities": 28287,
        "Profit": 17,
        "Profit before tax": 28303,
        "Present corporate income tax expenses": 6829,
        "Deferred income taxes expenses": "N/A",
        "The interests of minority shareholders": "N/A",
        "Total Cost of profits": 6829,
        "Profit after tax corporate income": 21474,
        "Volume": 29997580,
        "Close of Quarter": 8.9,
        "EPS": 833.6,
        "Non-adjusted EPS": 3599,
        "PE": 2.5,
        "Book Price": 4.6
      }
    },
    {
      "quarter": "Q4 2012",
      "income status": {
        "Net sales": 1007096,
        "Cost of goods sold": 897380,
        "Gross Profit": 109716,
        "Financial expenses": 23065,
        "Of which: Interest expense": 22117,
        "Cost of sales": 19514,
        "Enterprise cost management": 21083,
        "Total Operating Expenses": 63662,
        "Total revenue financing activities": 33386,
        "Net profit from business activities": 79441,
        "Profit": 2304,
        "Profit before tax": 81744,
        "Present corporate income tax expenses": 34916,
        "Deferred income taxes expenses": 362,
        "The interests of minority shareholders": "N/A",
        "Total Cost of profits": 35278,
        "Profit after tax corporate income": 46466,
        "Volume": 29997580,
        "Close of Quarter": 8.6,
        "EPS": 920.5,
        "Non-adjusted EPS": 3974,
        "PE": 2.2,
        "Book Price": 4.4
      }
    },
    {
      "quarter": "Q3 2012",
      "income status": {
        "Net sales": 654476,
        "Cost of goods sold": 581261,
        "Gross Profit": 73215,
        "Financial expenses": 13962,
        "Of which: Interest expense": 13657,
        "Cost of sales": 19635,
        "Enterprise cost management": 10345,
        "Total Operating Expenses": 43942,
        "Total revenue financing activities": 3717,
        "Net profit from business activities": 32990,
        "Profit": 82,
        "Profit before tax": 33072,
        "Present corporate income tax expenses": 4740,
        "Deferred income taxes expenses": "N/A",
        "The interests of minority shareholders": "N/A",
        "Total Cost of profits": 4740,
        "Profit after tax corporate income": 28332,
        "Volume": 29997580,
        "Close of Quarter": 8.6,
        "EPS": 1079.4,
        "Non-adjusted EPS": 4660,
        "PE": 1.8,
        "Book Price": 4.4
      }
    },
    {
      "quarter": "Q2 2012",
      "income status": {
        "Net sales": 692156,
        "Cost of goods sold": 649189,
        "Gross Profit": 42967,
        "Financial expenses": 7787,
        "Of which: Interest expense": 7600,
        "Cost of sales": 14042,
        "Enterprise cost management": 8877,
        "Total Operating Expenses": 30706,
        "Total revenue financing activities": 1348,
        "Net profit from business activities": 13609,
        "Profit": -60,
        "Profit before tax": 13549,
        "Present corporate income tax expenses": 1867,
        "Deferred income taxes expenses": "N/A",
        "The interests of minority shareholders": "N/A",
        "Total Cost of profits": 1867,
        "Profit after tax corporate income": 11682,
        "Volume": 29997580,
        "Close of Quarter": 9.0,
        "EPS": 1151.4,
        "Non-adjusted EPS": 4971,
        "PE": 1.8,
        "Book Price": 4.2
      }
    },
    {
      "quarter": "Q1 2012",
      "income status": {
        "Net sales": 690518,
        "Cost of goods sold": 636439,
        "Gross Profit": 54078,
        "Financial expenses": 5659,
        "Of which: Interest expense": 7663,
        "Cost of sales": 19219,
        "Enterprise cost management": 9127,
        "Total Operating Expenses": 34005,
        "Total revenue financing activities": 17679,
        "Net profit from business activities": 37752,
        "Profit": -19,
        "Profit before tax": 37732,
        "Present corporate income tax expenses": 5002,
        "Deferred income taxes expenses": "N/A",
        "The interests of minority shareholders": "N/A",
        "Total Cost of profits": 5002,
        "Profit after tax corporate income": 32730,
        "Volume": 29997580,
        "Close of Quarter": 8.8,
        "EPS": 1090.9,
        "Non-adjusted EPS": 4710,
        "PE": 1.9,
        "Book Price": 4.5
      }
    },
    {
      "quarter": "Q4 2011",
      "income status": {
        "Net sales": 938688,
        "Cost of goods sold": 862567,
        "Gross Profit": 76121,
        "Financial expenses": 8517,
        "Of which: Interest expense": 7464,
        "Cost of sales": 11842,
        "Enterprise cost management": 11931,
        "Total Operating Expenses": 32290,
        "Total revenue financing activities": 16383,
        "Net profit from business activities": 60214,
        "Profit": 10053,
        "Profit before tax": 70267,
        "Present corporate income tax expenses": 3235,
        "Deferred income taxes expenses": "N/A",
        "The interests of minority shareholders": "N/A",
        "Total Cost of profits": 3235,
        "Profit after tax corporate income": 67032,
        "Volume": 29997580,
        "Close of Quarter": 7.9,
        "EPS": 1136.8,
        "Non-adjusted EPS": 4908,
        "PE": 1.6,
        "Book Price": 4.2
      }
    },
    {
      "quarter": "Q3 2011",
      "income status": {
        "Net sales": 517922,
        "Cost of goods sold": 450175,
        "Gross Profit": 67747,
        "Financial expenses": 16306,
        "Of which: Interest expense": "N/A",
        "Cost of sales": 5450,
        "Enterprise cost management": 7393,
        "Total Operating Expenses": 29149,
        "Total revenue financing activities": 3011,
        "Net profit from business activities": 41609,
        "Profit": 768,
        "Profit before tax": 42377,
        "Present corporate income tax expenses": 4703,
        "Deferred income taxes expenses": "N/A",
        "The interests of minority shareholders": "N/A",
        "Total Cost of profits": 4703,
        "Profit after tax corporate income": 37674,
        "Volume": 18531620,
        "Close of Quarter": 8.2,
        "EPS": 1076.9,
        "Non-adjusted EPS": 7526,
        "PE": 1.1,
        "Book Price": 4.1
      }
    },
    {
      "quarter": "Q2 2011",
      "income status": {
        "Net sales": 495642,
        "Cost of goods sold": 451392,
        "Gross Profit": 44250,
        "Financial expenses": 33399,
        "Of which: Interest expense": 30057,
        "Cost of sales": 4640,
        "Enterprise cost management": 7182,
        "Total Operating Expenses": 45221,
        "Total revenue financing activities": 5224,
        "Net profit from business activities": 4253,
        "Profit": 45,
        "Profit before tax": 4297,
        "Present corporate income tax expenses": 432,
        "Deferred income taxes expenses": "N/A",
        "The interests of minority shareholders": "N/A",
        "Total Cost of profits": 432,
        "Profit after tax corporate income": 3865,
        "Volume": 18531620,
        "Close of Quarter": 8.1,
        "EPS": 1063.4,
        "Non-adjusted EPS": 7432,
        "PE": 1.1,
        "Book Price": 3.8
      }
    },
    {
      "quarter": "Q1 2011",
      "income status": {
        "Net sales": 612371,
        "Cost of goods sold": 530834,
        "Gross Profit": 81537,
        "Financial expenses": 22133,
        "Of which: Interest expense": 16286,
        "Cost of sales": 10811,
        "Enterprise cost management": 15937,
        "Total Operating Expenses": 48881,
        "Total revenue financing activities": 10405,
        "Net profit from business activities": 43062,
        "Profit": 16,
        "Profit before tax": 43077,
        "Present corporate income tax expenses": 4415,
        "Deferred income taxes expenses": "N/A",
        "The interests of minority shareholders": "N/A",
        "Total Cost of profits": 4415,
        "Profit after tax corporate income": 38662,
        "Volume": 18531620,
        "Close of Quarter": 7.2,
        "EPS": 1192.7,
        "Non-adjusted EPS": 8335,
        "PE": 0.9,
        "Book Price": 4.0
      }
    }
  ]
}