{
  "ticker": "SGT",
  "data": [
    {
      "quarter": "Q4 2016",
      "income status": {
        "Net sales": 369586,
        "Cost of goods sold": 251424,
        "Gross Profit": 118162,
        "Financial expenses": 17679,
        "Of which: Interest expense": 17074,
        "Cost of sales": 4857,
        "Enterprise cost management": 22513,
        "Total Operating Expenses": 45049,
        "Total revenue financing activities": 257,
        "Net profit from business activities": 73369,
        "Profit": 385,
        "Profit before tax": 73754,
        "Present corporate income tax expenses": 12889,
        "Deferred income taxes expenses": "N/A",
        "The interests of minority shareholders": "N/A",
        "Total Cost of profits": 12889,
        "Profit after tax corporate income": 60865,
        "Volume": 74001604,
        "Close of Quarter": 5.3,
        "EPS": 942,
        "Non-adjusted EPS": 942,
        "PE": 5.6,
        "Book Price": 7.2
      }
    },
    {
      "quarter": "Q3 2016",
      "income status": {
        "Net sales": 111995,
        "Cost of goods sold": 74245,
        "Gross Profit": 37750,
        "Financial expenses": 15020,
        "Of which: Interest expense": "N/A",
        "Cost of sales": 2009,
        "Enterprise cost management": 15062,
        "Total Operating Expenses": 32091,
        "Total revenue financing activities": 280,
        "Net profit from business activities": 5938,
        "Profit": 2600,
        "Profit before tax": 8538,
        "Present corporate income tax expenses": 3459,
        "Deferred income taxes expenses": "N/A",
        "The interests of minority shareholders": "N/A",
        "Total Cost of profits": 3459,
        "Profit after tax corporate income": 5079,
        "Volume": 74001604,
        "Close of Quarter": 4.5,
        "EPS": 363,
        "Non-adjusted EPS": 363,
        "PE": 12.4,
        "Book Price": 6.3
      }
    },
    {
      "quarter": "Q2 2016",
      "income status": {
        "Net sales": 138723,
        "Cost of goods sold": 72029,
        "Gross Profit": 66694,
        "Financial expenses": 27951,
        "Of which: Interest expense": 18172,
        "Cost of sales": 1531,
        "Enterprise cost management": 24788,
        "Total Operating Expenses": 54270,
        "Total revenue financing activities": 75,
        "Net profit from business activities": 12498,
        "Profit": -802,
        "Profit before tax": 11696,
        "Present corporate income tax expenses": 11895,
        "Deferred income taxes expenses": "N/A",
        "The interests of minority shareholders": "N/A",
        "Total Cost of profits": 11895,
        "Profit after tax corporate income": -199,
        "Volume": 74001604,
        "Close of Quarter": 3.6,
        "EPS": 379,
        "Non-adjusted EPS": 379,
        "PE": 9.5,
        "Book Price": 6.3
      }
    },
    {
      "quarter": "Q1 2016",
      "income status": {
        "Net sales": 93505,
        "Cost of goods sold": 69655,
        "Gross Profit": 23850,
        "Financial expenses": 16076,
        "Of which: Interest expense": 16076,
        "Cost of sales": 1686,
        "Enterprise cost management": 3777,
        "Total Operating Expenses": 21539,
        "Total revenue financing activities": 2172,
        "Net profit from business activities": 4482,
        "Profit": -300,
        "Profit before tax": 4183,
        "Present corporate income tax expenses": 380,
        "Deferred income taxes expenses": -161,
        "The interests of minority shareholders": "N/A",
        "Total Cost of profits": 219,
        "Profit after tax corporate income": 3964,
        "Volume": 74001604,
        "Close of Quarter": 4.6,
        "EPS": 435,
        "Non-adjusted EPS": 435,
        "PE": 10.6,
        "Book Price": 6.3
      }
    },
    {
      "quarter": "Q4 2015",
      "income status": {
        "Net sales": 286043,
        "Cost of goods sold": 233892,
        "Gross Profit": 52152,
        "Financial expenses": 17132,
        "Of which: Interest expense": 17115,
        "Cost of sales": 3733,
        "Enterprise cost management": 9334,
        "Total Operating Expenses": 30199,
        "Total revenue financing activities": 262,
        "Net profit from business activities": 22216,
        "Profit": -3,
        "Profit before tax": 22213,
        "Present corporate income tax expenses": 4176,
        "Deferred income taxes expenses": "N/A",
        "The interests of minority shareholders": "N/A",
        "Total Cost of profits": 4176,
        "Profit after tax corporate income": 18037,
        "Volume": 74001604,
        "Close of Quarter": 5.5,
        "EPS": 514,
        "Non-adjusted EPS": 514,
        "PE": 10.7,
        "Book Price": 6.4
      }
    },
    {
      "quarter": "Q3 2015",
      "income status": {
        "Net sales": 66595,
        "Cost of goods sold": 44930,
        "Gross Profit": 21665,
        "Financial expenses": 16801,
        "Of which: Interest expense": 16701,
        "Cost of sales": 2961,
        "Enterprise cost management": 7111,
        "Total Operating Expenses": 26873,
        "Total revenue financing activities": 11591,
        "Net profit from business activities": 6381,
        "Profit": 19,
        "Profit before tax": 6401,
        "Present corporate income tax expenses": 157,
        "Deferred income taxes expenses": "N/A",
        "The interests of minority shareholders": "N/A",
        "Total Cost of profits": 157,
        "Profit after tax corporate income": 6244,
        "Volume": 74001604,
        "Close of Quarter": 3.4,
        "EPS": 548,
        "Non-adjusted EPS": 548,
        "PE": 6.2,
        "Book Price": 6.2
      }
    },
    {
      "quarter": "Q2 2015",
      "income status": {
        "Net sales": 57656,
        "Cost of goods sold": 46029,
        "Gross Profit": 11627,
        "Financial expenses": 15599,
        "Of which: Interest expense": 15472,
        "Cost of sales": 1224,
        "Enterprise cost management": 8127,
        "Total Operating Expenses": 24950,
        "Total revenue financing activities": 18896,
        "Net profit from business activities": 5573,
        "Profit": -86,
        "Profit before tax": 5487,
        "Present corporate income tax expenses": 1329,
        "Deferred income taxes expenses": "N/A",
        "The interests of minority shareholders": 204,
        "Total Cost of profits": 1533,
        "Profit after tax corporate income": 3953,
        "Volume": 74001604,
        "Close of Quarter": 4.7,
        "EPS": 643,
        "Non-adjusted EPS": 643,
        "PE": 7.3,
        "Book Price": 6.1
      }
    },
    {
      "quarter": "Q1 2015",
      "income status": {
        "Net sales": 77410,
        "Cost of goods sold": 72890,
        "Gross Profit": 4520,
        "Financial expenses": 19127,
        "Of which: Interest expense": 19124,
        "Cost of sales": 1130,
        "Enterprise cost management": 7048,
        "Total Operating Expenses": 27305,
        "Total revenue financing activities": 32102,
        "Net profit from business activities": 9316,
        "Profit": 542,
        "Profit before tax": 9858,
        "Present corporate income tax expenses": 296,
        "Deferred income taxes expenses": "N/A",
        "The interests of minority shareholders": -204,
        "Total Cost of profits": 92,
        "Profit after tax corporate income": 9766,
        "Volume": 74001604,
        "Close of Quarter": 5,
        "EPS": 767,
        "Non-adjusted EPS": 767,
        "PE": 6.5,
        "Book Price": 6
      }
    },
    {
      "quarter": "Q4 2014",
      "income status": {
        "Net sales": 102832,
        "Cost of goods sold": 63717,
        "Gross Profit": 39115,
        "Financial expenses": 45856,
        "Of which: Interest expense": 36048,
        "Cost of sales": 1421,
        "Enterprise cost management": 4592,
        "Total Operating Expenses": 51869,
        "Total revenue financing activities": 29267,
        "Net profit from business activities": 16513,
        "Profit": 7251,
        "Profit before tax": 23764,
        "Present corporate income tax expenses": 1516,
        "Deferred income taxes expenses": 1638,
        "The interests of minority shareholders": "N/A",
        "Total Cost of profits": 3154,
        "Profit after tax corporate income": 20610,
        "Volume": 74001604,
        "Close of Quarter": 5.9,
        "EPS": 703,
        "Non-adjusted EPS": 703,
        "PE": 8.4,
        "Book Price": 6.2
      }
    },
    {
      "quarter": "Q3 2014",
      "income status": {
        "Net sales": 17575,
        "Cost of goods sold": 10239,
        "Gross Profit": 7336,
        "Financial expenses": 16525,
        "Of which: Interest expense": 16525,
        "Cost of sales": 19,
        "Enterprise cost management": 5241,
        "Total Operating Expenses": 21785,
        "Total revenue financing activities": 27227,
        "Net profit from business activities": 12777,
        "Profit": 615,
        "Profit before tax": 13392,
        "Present corporate income tax expenses": 88,
        "Deferred income taxes expenses": 42,
        "The interests of minority shareholders": "N/A",
        "Total Cost of profits": 130,
        "Profit after tax corporate income": 13262,
        "Volume": 74001604,
        "Close of Quarter": 4.6,
        "EPS": 456,
        "Non-adjusted EPS": 456,
        "PE": 10.1,
        "Book Price": 5.9
      }
    },
    {
      "quarter": "Q2 2014",
      "income status": {
        "Net sales": 65619,
        "Cost of goods sold": 84778,
        "Gross Profit": -19159,
        "Financial expenses": 15344,
        "Of which: Interest expense": 21065,
        "Cost of sales": 1386,
        "Enterprise cost management": 4149,
        "Total Operating Expenses": 20879,
        "Total revenue financing activities": 49455,
        "Net profit from business activities": 9417,
        "Profit": -136,
        "Profit before tax": 9281,
        "Present corporate income tax expenses": -179,
        "Deferred income taxes expenses": -3683,
        "The interests of minority shareholders": "N/A",
        "Total Cost of profits": -3862,
        "Profit after tax corporate income": 13143,
        "Volume": 74001604,
        "Close of Quarter": 4.1,
        "EPS": 287,
        "Non-adjusted EPS": 287,
        "PE": 14.3,
        "Book Price": 5.8
      }
    },
    {
      "quarter": "Q1 2014",
      "income status": {
        "Net sales": 39740,
        "Cost of goods sold": 16822,
        "Gross Profit": 22918,
        "Financial expenses": 11540,
        "Of which: Interest expense": 11514,
        "Cost of sales": 10,
        "Enterprise cost management": 2800,
        "Total Operating Expenses": 14350,
        "Total revenue financing activities": 308,
        "Net profit from business activities": 8877,
        "Profit": 21,
        "Profit before tax": 8897,
        "Present corporate income tax expenses": 328,
        "Deferred income taxes expenses": 3533,
        "The interests of minority shareholders": "N/A",
        "Total Cost of profits": 3861,
        "Profit after tax corporate income": 5036,
        "Volume": 74001604,
        "Close of Quarter": 4.1,
        "EPS": 185,
        "Non-adjusted EPS": 185,
        "PE": 22.2,
        "Book Price": 5.6
      }
    },
    {
      "quarter": "Q4 2013",
      "income status": {
        "Net sales": 72302,
        "Cost of goods sold": 66587,
        "Gross Profit": 5715,
        "Financial expenses": 31334,
        "Of which: Interest expense": 30454,
        "Cost of sales": 372,
        "Enterprise cost management": 5377,
        "Total Operating Expenses": 37083,
        "Total revenue financing activities": 27505,
        "Net profit from business activities": -3864,
        "Profit": -101,
        "Profit before tax": 3386,
        "Present corporate income tax expenses": -1567,
        "Deferred income taxes expenses": 2970,
        "The interests of minority shareholders": -350,
        "Total Cost of profits": 1053,
        "Profit after tax corporate income": 2333,
        "Volume": 74001604,
        "Close of Quarter": 4.4,
        "EPS": 124,
        "Non-adjusted EPS": 124,
        "PE": 35.5,
        "Book Price": 5.5
      }
    },
    {
      "quarter": "Q3 2013",
      "income status": {
        "Net sales": 8129,
        "Cost of goods sold": 6990,
        "Gross Profit": 1140,
        "Financial expenses": -2467,
        "Of which: Interest expense": -2467,
        "Cost of sales": "N/A",
        "Enterprise cost management": 3216,
        "Total Operating Expenses": 749,
        "Total revenue financing activities": 116,
        "Net profit from business activities": 507,
        "Profit": 37,
        "Profit before tax": 507,
        "Present corporate income tax expenses": "N/A",
        "Deferred income taxes expenses": "N/A",
        "The interests of minority shareholders": -207,
        "Total Cost of profits": -207,
        "Profit after tax corporate income": 714,
        "Volume": 74001604,
        "Close of Quarter": 2.2,
        "EPS": 131,
        "Non-adjusted EPS": 131,
        "PE": 16.8,
        "Book Price": 5.5
      }
    },
    {
      "quarter": "Q2 2013",
      "income status": {
        "Net sales": 175446,
        "Cost of goods sold": 115485,
        "Gross Profit": 59961,
        "Financial expenses": 33724,
        "Of which: Interest expense": 32672,
        "Cost of sales": 596,
        "Enterprise cost management": 4100,
        "Total Operating Expenses": 38420,
        "Total revenue financing activities": 403,
        "Net profit from business activities": 21944,
        "Profit": 101,
        "Profit before tax": 20357,
        "Present corporate income tax expenses": 7513,
        "Deferred income taxes expenses": 3380,
        "The interests of minority shareholders": 3850,
        "Total Cost of profits": 14743,
        "Profit after tax corporate income": 5614,
        "Volume": 74001604,
        "Close of Quarter": 1.9,
        "EPS": -2260,
        "Non-adjusted EPS": -2260,
        "PE": -0.8,
        "Book Price": 5.5
      }
    },
    {
      "quarter": "Q1 2013",
      "income status": {
        "Net sales": 3860,
        "Cost of goods sold": 2864,
        "Gross Profit": 996,
        "Financial expenses": 21613,
        "Of which: Interest expense": 21546,
        "Cost of sales": "N/A",
        "Enterprise cost management": 2912,
        "Total Operating Expenses": 24525,
        "Total revenue financing activities": 23991,
        "Net profit from business activities": 462,
        "Profit": 31,
        "Profit before tax": 493,
        "Present corporate income tax expenses": "N/A",
        "Deferred income taxes expenses": "N/A",
        "The interests of minority shareholders": "N/A",
        "Total Cost of profits": 0,
        "Profit after tax corporate income": 493,
        "Volume": 74001604,
        "Close of Quarter": 2.4,
        "EPS": -2404,
        "Non-adjusted EPS": -2404,
        "PE": -1,
        "Book Price": 5.5
      }
    },
    {
      "quarter": "Q4 2012",
      "income status": {
        "Net sales": 51784,
        "Cost of goods sold": 80140,
        "Gross Profit": -28357,
        "Financial expenses": 25555,
        "Of which: Interest expense": 25348,
        "Cost of sales": 1892,
        "Enterprise cost management": 4045,
        "Total Operating Expenses": 31492,
        "Total revenue financing activities": 7,
        "Net profit from business activities": -59841,
        "Profit": 11161,
        "Profit before tax": -18956,
        "Present corporate income tax expenses": -24118,
        "Deferred income taxes expenses": 12429,
        "The interests of minority shareholders": -10168,
        "Total Cost of profits": -21857,
        "Profit after tax corporate income": 2901,
        "Volume": 74001604,
        "Close of Quarter": 4.5,
        "EPS": -3039,
        "Non-adjusted EPS": -3039,
        "PE": -1.5,
        "Book Price": 5.9
      }
    },
    {
      "quarter": "Q3 2012",
      "income status": {
        "Net sales": 11362,
        "Cost of goods sold": 13495,
        "Gross Profit": -2133,
        "Financial expenses": 335395,
        "Of which: Interest expense": 33295,
        "Cost of sales": "N/A",
        "Enterprise cost management": 5206,
        "Total Operating Expenses": 340601,
        "Total revenue financing activities": 188327,
        "Net profit from business activities": -154407,
        "Profit": 2,
        "Profit before tax": -178649,
        "Present corporate income tax expenses": "N/A",
        "Deferred income taxes expenses": "N/A",
        "The interests of minority shareholders": -2403,
        "Total Cost of profits": -2403,
        "Profit after tax corporate income": -176246,
        "Volume": 74001604,
        "Close of Quarter": 4.5,
        "EPS": -3928,
        "Non-adjusted EPS": -3928,
        "PE": -1.2,
        "Book Price": 5.8
      }
    },
    {
      "quarter": "Q2 2012",
      "income status": {
        "Net sales": 111838,
        "Cost of goods sold": -1064,
        "Gross Profit": 112903,
        "Financial expenses": 46612,
        "Of which: Interest expense": 46071,
        "Cost of sales": "N/A",
        "Enterprise cost management": 5146,
        "Total Operating Expenses": 51758,
        "Total revenue financing activities": 1527,
        "Net profit from business activities": 62672,
        "Profit": -12664,
        "Profit before tax": 41629,
        "Present corporate income tax expenses": 23453,
        "Deferred income taxes expenses": "N/A",
        "The interests of minority shareholders": 23191,
        "Total Cost of profits": 46644,
        "Profit after tax corporate income": -5015,
        "Volume": 74001604,
        "Close of Quarter": 6.1,
        "EPS": -1880,
        "Non-adjusted EPS": -1880,
        "PE": -3.2,
        "Book Price": 8.2
      }
    },
    {
      "quarter": "Q1 2012",
      "income status": {
        "Net sales": 21575,
        "Cost of goods sold": 12045,
        "Gross Profit": 9529,
        "Financial expenses": 44830,
        "Of which: Interest expense": 44828,
        "Cost of sales": "N/A",
        "Enterprise cost management": 5727,
        "Total Operating Expenses": 50557,
        "Total revenue financing activities": 694,
        "Net profit from business activities": -40334,
        "Profit": -184,
        "Profit before tax": -44943,
        "Present corporate income tax expenses": 1772,
        "Deferred income taxes expenses": "N/A",
        "The interests of minority shareholders": -177,
        "Total Cost of profits": 1595,
        "Profit after tax corporate income": -46538,
        "Volume": 74001604,
        "Close of Quarter": 4.8,
        "EPS": -2265,
        "Non-adjusted EPS": -2265,
        "PE": -2.1,
        "Book Price": 8.3
      }
    },
    {
      "quarter": "Q4 2011",
      "income status": {
        "Net sales": 3814,
        "Cost of goods sold": 10638,
        "Gross Profit": -6825,
        "Financial expenses": 37565,
        "Of which: Interest expense": 37169,
        "Cost of sales": "N/A",
        "Enterprise cost management": 15875,
        "Total Operating Expenses": 53440,
        "Total revenue financing activities": 1587,
        "Net profit from business activities": -58677,
        "Profit": -5379,
        "Profit before tax": -133157,
        "Present corporate income tax expenses": -161,
        "Deferred income taxes expenses": "N/A",
        "The interests of minority shareholders": -1031,
        "Total Cost of profits": -1192,
        "Profit after tax corporate income": -62864,
        "Volume": 74001604,
        "Close of Quarter": 7.7,
        "EPS": -1775,
        "Non-adjusted EPS": -1775,
        "PE": -4.3,
        "Book Price": 8.8
      }
    },
    {
      "quarter": "Q3 2011",
      "income status": {
        "Net sales": 9048,
        "Cost of goods sold": 9519,
        "Gross Profit": -471,
        "Financial expenses": 33294,
        "Of which: Interest expense": 33226,
        "Cost of sales": "N/A",
        "Enterprise cost management": 2863,
        "Total Operating Expenses": 36157,
        "Total revenue financing activities": 10986,
        "Net profit from business activities": -25642,
        "Profit": 19,
        "Profit before tax": -25623,
        "Present corporate income tax expenses": -93,
        "Deferred income taxes expenses": "N/A",
        "The interests of minority shareholders": -806,
        "Total Cost of profits": -899,
        "Profit after tax corporate income": -24725,
        "Volume": 74001604,
        "Close of Quarter": 8.5,
        "EPS": -851,
        "Non-adjusted EPS": -851,
        "PE": -10.0,
        "Book Price": 9.5
      }
    },
    {
      "quarter": "Q2 2011",
      "income status": {
        "Net sales": 13560,
        "Cost of goods sold": 13624,
        "Gross Profit": -64,
        "Financial expenses": 33662,
        "Of which: Interest expense": 32918,
        "Cost of sales": "N/A",
        "Enterprise cost management": 3871,
        "Total Operating Expenses": 37533,
        "Total revenue financing activities": 1290,
        "Net profit from business activities": -36307,
        "Profit": "N/A",
        "Profit before tax": -36307,
        "Present corporate income tax expenses": -222,
        "Deferred income taxes expenses": "N/A",
        "The interests of minority shareholders": -2594,
        "Total Cost of profits": -2816,
        "Profit after tax corporate income": -33490,
        "Volume": 74001604,
        "Close of Quarter": 8.9,
        "EPS": -449,
        "Non-adjusted EPS": -449,
        "PE": -19.8,
        "Book Price": 9.9
      }
    },
    {
      "quarter": "Q1 2011",
      "income status": {
        "Net sales": 29202,
        "Cost of goods sold": 14788,
        "Gross Profit": 14414,
        "Financial expenses": 21029,
        "Of which: Interest expense": 21029,
        "Cost of sales": "N/A",
        "Enterprise cost management": 2560,
        "Total Operating Expenses": 23589,
        "Total revenue financing activities": 2004,
        "Net profit from business activities": -7171,
        "Profit": "N/A",
        "Profit before tax": -7171,
        "Present corporate income tax expenses": 3138,
        "Deferred income taxes expenses": "N/A",
        "The interests of minority shareholders": "N/A",
        "Total Cost of profits": 3138,
        "Profit after tax corporate income": -10309,
        "Volume": 74001604,
        "Close of Quarter": 8.1,
        "EPS": 272,
        "Non-adjusted EPS": 272,
        "PE": 29.8,
        "Book Price": 10.3
      }
    }
  ]
}