{
  "ticker": "OCH",
  "data": [
    {
      "quarter": "Q4 2016",
      "income status": {
        "Net sales": 192473,
        "Cost of goods sold": 130485,
        "Gross Profit": 61988,
        "Financial expenses": 21810,
        "Of which: Interest expense": 21517,
        "Cost of sales": 19214,
        "Enterprise cost management": 114975,
        "Total Operating Expenses": 155999,
        "Total revenue financing activities": 2635,
        "Net profit from business activities": -91376,
        "Profit": -1733,
        "Profit before tax": -93109,
        "Present corporate income tax expenses": 8085,
        "Deferred income taxes expenses": 11563,
        "The interests of minority shareholders": -7658,
        "Total Cost of profits": 11990,
        "Profit after tax corporate income": -105098,
        "Volume": 200000000,
        "Close of Quarter": 7,
        "EPS": -771,
        "Non-adjusted EPS": -771,
        "PE": -9.1,
        "Book Price": 5.4
      }
    },
    {
      "quarter": "Q3 2016",
      "income status": {
        "Net sales": 418907,
        "Cost of goods sold": 185969,
        "Gross Profit": 232937,
        "Financial expenses": 29758,
        "Of which: Interest expense": 29721,
        "Cost of sales": 62221,
        "Enterprise cost management": 57463,
        "Total Operating Expenses": 149442,
        "Total revenue financing activities": 2118,
        "Net profit from business activities": 85614,
        "Profit": -5452,
        "Profit before tax": 80162,
        "Present corporate income tax expenses": 18433,
        "Deferred income taxes expenses": 440,
        "The interests of minority shareholders": 6498,
        "Total Cost of profits": 25371,
        "Profit after tax corporate income": 54790,
        "Volume": 200000000,
        "Close of Quarter": 4.5,
        "EPS": -142,
        "Non-adjusted EPS": -142,
        "PE": -31.7,
        "Book Price": 6
      }
    },
    {
      "quarter": "Q2 2016",
      "income status": {
        "Net sales": 199612,
        "Cost of goods sold": 136708,
        "Gross Profit": 62904,
        "Financial expenses": 61021,
        "Of which: Interest expense": 57291,
        "Cost of sales": 24217,
        "Enterprise cost management": 39937,
        "Total Operating Expenses": 125175,
        "Total revenue financing activities": 4599,
        "Net profit from business activities": -57672,
        "Profit": -6537,
        "Profit before tax": -64209,
        "Present corporate income tax expenses": 5123,
        "Deferred income taxes expenses": 15273,
        "The interests of minority shareholders": 3716,
        "Total Cost of profits": 24112,
        "Profit after tax corporate income": -88321,
        "Volume": 200000000,
        "Close of Quarter": 8.3,
        "EPS": 265,
        "Non-adjusted EPS": 265,
        "PE": 31.3,
        "Book Price": 5.7
      }
    },
    {
      "quarter": "Q1 2016",
      "income status": {
        "Net sales": 178625,
        "Cost of goods sold": 106881,
        "Gross Profit": 71744,
        "Financial expenses": 31702,
        "Of which: Interest expense": 4661,
        "Cost of sales": 21980,
        "Enterprise cost management": 33202,
        "Total Operating Expenses": 86884,
        "Total revenue financing activities": 9985,
        "Net profit from business activities": -5155,
        "Profit": -3961,
        "Profit before tax": -9116,
        "Present corporate income tax expenses": 2940,
        "Deferred income taxes expenses": 1783,
        "The interests of minority shareholders": 1765,
        "Total Cost of profits": 6488,
        "Profit after tax corporate income": -15603,
        "Volume": 200000000,
        "Close of Quarter": 7.2,
        "EPS": 375,
        "Non-adjusted EPS": 375,
        "PE": 19.2,
        "Book Price": 6.2
      }
    },
    {
      "quarter": "Q4 2015",
      "income status": {
        "Net sales": 132556,
        "Cost of goods sold": 89272,
        "Gross Profit": 43284,
        "Financial expenses": -64994,
        "Of which: Interest expense": "N/A",
        "Cost of sales": 19858,
        "Enterprise cost management": 99935,
        "Total Operating Expenses": 54799,
        "Total revenue financing activities": 21483,
        "Net profit from business activities": 9968,
        "Profit": -6497,
        "Profit before tax": 3472,
        "Present corporate income tax expenses": -32102,
        "Deferred income taxes expenses": 1805,
        "The interests of minority shareholders": 13075,
        "Total Cost of profits": -17222,
        "Profit after tax corporate income": 20693,
        "Volume": 200000000,
        "Close of Quarter": 12.5,
        "EPS": 392,
        "Non-adjusted EPS": 392,
        "PE": 31.9,
        "Book Price": 6.3
      }
    },
    {
      "quarter": "Q3 2015",
      "income status": {
        "Net sales": 308379,
        "Cost of goods sold": 143028,
        "Gross Profit": 165351,
        "Financial expenses": 36330,
        "Of which: Interest expense": 36330,
        "Cost of sales": 50298,
        "Enterprise cost management": 47526,
        "Total Operating Expenses": 134154,
        "Total revenue financing activities": 161628,
        "Net profit from business activities": 192826,
        "Profit": -16580,
        "Profit before tax": 176246,
        "Present corporate income tax expenses": 53971,
        "Deferred income taxes expenses": "N/A",
        "The interests of minority shareholders": -13965,
        "Total Cost of profits": 40006,
        "Profit after tax corporate income": 136240,
        "Volume": 200000000,
        "Close of Quarter": 5.3,
        "EPS": 170,
        "Non-adjusted EPS": 170,
        "PE": 31.2,
        "Book Price": 6.4
      }
    },
    {
      "quarter": "Q2 2015",
      "income status": {
        "Net sales": 139259,
        "Cost of goods sold": 88418,
        "Gross Profit": 50841,
        "Financial expenses": 57804,
        "Of which: Interest expense": 41803,
        "Cost of sales": 20252,
        "Enterprise cost management": 40516,
        "Total Operating Expenses": 118572,
        "Total revenue financing activities": -2974,
        "Net profit from business activities": -70752,
        "Profit": 15637,
        "Profit before tax": -55115,
        "Present corporate income tax expenses": 19529,
        "Deferred income taxes expenses": -6615,
        "The interests of minority shareholders": -1655,
        "Total Cost of profits": 11259,
        "Profit after tax corporate income": -66373,
        "Volume": 200000000,
        "Close of Quarter": 11,
        "EPS": -281,
        "Non-adjusted EPS": -281,
        "PE": -39.2,
        "Book Price": 6
      }
    },
    {
      "quarter": "Q1 2015",
      "income status": {
        "Net sales": 137573,
        "Cost of goods sold": 86698,
        "Gross Profit": 50875,
        "Financial expenses": 30872,
        "Of which: Interest expense": 30844,
        "Cost of sales": 21572,
        "Enterprise cost management": 27473,
        "Total Operating Expenses": 79917,
        "Total revenue financing activities": 20667,
        "Net profit from business activities": -8144,
        "Profit": -1163,
        "Profit before tax": -9307,
        "Present corporate income tax expenses": 1772,
        "Deferred income taxes expenses": "N/A",
        "The interests of minority shareholders": 987,
        "Total Cost of profits": 2759,
        "Profit after tax corporate income": -12066,
        "Volume": 200000000,
        "Close of Quarter": 24.6,
        "EPS": 111,
        "Non-adjusted EPS": 111,
        "PE": 221.6,
        "Book Price": 6.3
      }
    },
    {
      "quarter": "Q4 2014",
      "income status": {
        "Net sales": 149487,
        "Cost of goods sold": 100768,
        "Gross Profit": 48719,
        "Financial expenses": 34359,
        "Of which: Interest expense": 22225,
        "Cost of sales": 25084,
        "Enterprise cost management": 34693,
        "Total Operating Expenses": 94136,
        "Total revenue financing activities": 23845,
        "Net profit from business activities": -21535,
        "Profit": -4718,
        "Profit before tax": -26252,
        "Present corporate income tax expenses": -5085,
        "Deferred income taxes expenses": 8725,
        "The interests of minority shareholders": -6162,
        "Total Cost of profits": -2522,
        "Profit after tax corporate income": -23730,
        "Volume": 200000000,
        "Close of Quarter": 25.1,
        "EPS": 135,
        "Non-adjusted EPS": 135,
        "PE": 185.9,
        "Book Price": 10.8
      }
    },
    {
      "quarter": "Q3 2014",
      "income status": {
        "Net sales": 308914,
        "Cost of goods sold": 161332,
        "Gross Profit": 147582,
        "Financial expenses": 26185,
        "Of which: Interest expense": 26166,
        "Cost of sales": 44515,
        "Enterprise cost management": 33431,
        "Total Operating Expenses": 104131,
        "Total revenue financing activities": 23931,
        "Net profit from business activities": 67941,
        "Profit": -4454,
        "Profit before tax": 63487,
        "Present corporate income tax expenses": 15295,
        "Deferred income taxes expenses": "N/A",
        "The interests of minority shareholders": 2163,
        "Total Cost of profits": 17458,
        "Profit after tax corporate income": 46030,
        "Volume": 200000000,
        "Close of Quarter": 25.4,
        "EPS": 425,
        "Non-adjusted EPS": 425,
        "PE": 59.8,
        "Book Price": 11
      }
    },
    {
      "quarter": "Q2 2014",
      "income status": {
        "Net sales": 167010,
        "Cost of goods sold": 107731,
        "Gross Profit": 59279,
        "Financial expenses": 28878,
        "Of which: Interest expense": 28817,
        "Cost of sales": 22346,
        "Enterprise cost management": 33718,
        "Total Operating Expenses": 84942,
        "Total revenue financing activities": 51691,
        "Net profit from business activities": 26669,
        "Profit": -2008,
        "Profit before tax": 24660,
        "Present corporate income tax expenses": 8893,
        "Deferred income taxes expenses": -1028,
        "The interests of minority shareholders": 4850,
        "Total Cost of profits": 12715,
        "Profit after tax corporate income": 11945,
        "Volume": 200000000,
        "Close of Quarter": 25.4,
        "EPS": 295,
        "Non-adjusted EPS": 295,
        "PE": 86.1,
        "Book Price": 10.7
      }
    },
    {
      "quarter": "Q1 2014",
      "income status": {
        "Net sales": 155694,
        "Cost of goods sold": 100578,
        "Gross Profit": 55115,
        "Financial expenses": 21832,
        "Of which: Interest expense": 21832,
        "Cost of sales": 26462,
        "Enterprise cost management": 30558,
        "Total Operating Expenses": 78852,
        "Total revenue financing activities": 25346,
        "Net profit from business activities": 1881,
        "Profit": -567,
        "Profit before tax": 1314,
        "Present corporate income tax expenses": 6252,
        "Deferred income taxes expenses": "N/A",
        "The interests of minority shareholders": 2325,
        "Total Cost of profits": 8577,
        "Profit after tax corporate income": -7264,
        "Volume": 200000000,
        "Close of Quarter": 31,
        "EPS": 595,
        "Non-adjusted EPS": 595,
        "PE": 52.1,
        "Book Price": 11.4
      }
    },
    {
      "quarter": "Q4 2013",
      "income status": {
        "Net sales": 157702,
        "Cost of goods sold": 149833,
        "Gross Profit": 7869,
        "Financial expenses": 35941,
        "Of which: Interest expense": 33490,
        "Cost of sales": 21630,
        "Enterprise cost management": 20179,
        "Total Operating Expenses": 77750,
        "Total revenue financing activities": 123882,
        "Net profit from business activities": 54002,
        "Profit": 1449,
        "Profit before tax": 56953,
        "Present corporate income tax expenses": 29893,
        "Deferred income taxes expenses": 3741,
        "The interests of minority shareholders": -10981,
        "Total Cost of profits": 22653,
        "Profit after tax corporate income": 34301,
        "Volume": 200000000,
        "Close of Quarter": 27.6,
        "EPS": 661,
        "Non-adjusted EPS": 661,
        "PE": 41.8,
        "Book Price": 10.8
      }
    },
    {
      "quarter": "Q3 2013",
      "income status": {
        "Net sales": 251923,
        "Cost of goods sold": 137667,
        "Gross Profit": 114256,
        "Financial expenses": 47917,
        "Of which: Interest expense": 47381,
        "Cost of sales": 28940,
        "Enterprise cost management": 35249,
        "Total Operating Expenses": 112106,
        "Total revenue financing activities": 25739,
        "Net profit from business activities": 27890,
        "Profit": 5042,
        "Profit before tax": 33211,
        "Present corporate income tax expenses": 12347,
        "Deferred income taxes expenses": "N/A",
        "The interests of minority shareholders": 937,
        "Total Cost of profits": 13284,
        "Profit after tax corporate income": 19927,
        "Volume": 100000000,
        "Close of Quarter": 24,
        "EPS": 405.5,
        "Non-adjusted EPS": 811,
        "PE": 29.6,
        "Book Price": 10.7
      }
    },
    {
      "quarter": "Q2 2013",
      "income status": {
        "Net sales": 141274,
        "Cost of goods sold": 74028,
        "Gross Profit": 67246,
        "Financial expenses": 116181,
        "Of which: Interest expense": 54753,
        "Cost of sales": 15077,
        "Enterprise cost management": 24892,
        "Total Operating Expenses": 156150,
        "Total revenue financing activities": 194176,
        "Net profit from business activities": 105272,
        "Profit": -496,
        "Profit before tax": 105815,
        "Present corporate income tax expenses": 26273,
        "Deferred income taxes expenses": 2080,
        "The interests of minority shareholders": 5431,
        "Total Cost of profits": 33784,
        "Profit after tax corporate income": 72032,
        "Volume": 100000000,
        "Close of Quarter": 16.3,
        "EPS": 361,
        "Non-adjusted EPS": 722,
        "PE": 22.5,
        "Book Price": 5.6
      }
    },
    {
      "quarter": "Q1 2013",
      "income status": {
        "Net sales": 119422,
        "Cost of goods sold": 66264,
        "Gross Profit": 53159,
        "Financial expenses": 48990,
        "Of which: Interest expense": 49300,
        "Cost of sales": 16059,
        "Enterprise cost management": 24053,
        "Total Operating Expenses": 89102,
        "Total revenue financing activities": 45090,
        "Net profit from business activities": 9147,
        "Profit": 159,
        "Profit before tax": 9981,
        "Present corporate income tax expenses": 5124,
        "Deferred income taxes expenses": 237,
        "The interests of minority shareholders": -1389,
        "Total Cost of profits": 3972,
        "Profit after tax corporate income": 6009,
        "Volume": 100000000,
        "Close of Quarter": 11.0,
        "EPS": 550,
        "Non-adjusted EPS": 1100,
        "PE": 10.0,
        "Book Price": 5.6
      }
    },
    {
      "quarter": "Q4 2012",
      "income status": {
        "Net sales": 125665,
        "Cost of goods sold": 72039,
        "Gross Profit": 53626,
        "Financial expenses": 48661,
        "Of which: Interest expense": 46286,
        "Cost of sales": 16645,
        "Enterprise cost management": 26284,
        "Total Operating Expenses": 91590,
        "Total revenue financing activities": 20925,
        "Net profit from business activities": -17040,
        "Profit": -722,
        "Profit before tax": -17600,
        "Present corporate income tax expenses": 8442,
        "Deferred income taxes expenses": 245,
        "The interests of minority shareholders": -9436,
        "Total Cost of profits": -749,
        "Profit after tax corporate income": -16851,
        "Volume": 100000000,
        "Close of Quarter": 11.2,
        "EPS": 495,
        "Non-adjusted EPS": 990,
        "PE": 11.3,
        "Book Price": 5.6
      }
    },
    {
      "quarter": "Q3 2012",
      "income status": {
        "Net sales": 185305,
        "Cost of goods sold": 99677,
        "Gross Profit": 85627,
        "Financial expenses": 58477,
        "Of which: Interest expense": 58477,
        "Cost of sales": 25922,
        "Enterprise cost management": 25667,
        "Total Operating Expenses": 110066,
        "Total revenue financing activities": 40496,
        "Net profit from business activities": 16059,
        "Profit": -332,
        "Profit before tax": 16453,
        "Present corporate income tax expenses": 8991,
        "Deferred income taxes expenses": "N/A",
        "The interests of minority shareholders": -3570,
        "Total Cost of profits": 5421,
        "Profit after tax corporate income": 11032,
        "Volume": 100000000,
        "Close of Quarter": 11.6,
        "EPS": 562.5,
        "Non-adjusted EPS": 1125,
        "PE": 10.3,
        "Book Price": 5.6
      }
    },
    {
      "quarter": "Q2 2012",
      "income status": {
        "Net sales": 101486,
        "Cost of goods sold": 84084,
        "Gross Profit": 17402,
        "Financial expenses": 95317,
        "Of which: Interest expense": 96643,
        "Cost of sales": 9593,
        "Enterprise cost management": 13467,
        "Total Operating Expenses": 118377,
        "Total revenue financing activities": 233969,
        "Net profit from business activities": 132994,
        "Profit": -218,
        "Profit before tax": 133732,
        "Present corporate income tax expenses": 32415,
        "Deferred income taxes expenses": 990,
        "The interests of minority shareholders": -9468,
        "Total Cost of profits": 23937,
        "Profit after tax corporate income": 109795,
        "Volume": 100000000,
        "Close of Quarter": 12.3,
        "EPS": 567.5,
        "Non-adjusted EPS": 1135,
        "PE": 10.8,
        "Book Price": 5.6
      }
    },
    {
      "quarter": "Q1 2012",
      "income status": {
        "Net sales": 93417,
        "Cost of goods sold": 56136,
        "Gross Profit": 37281,
        "Financial expenses": 35568,
        "Of which: Interest expense": 36182,
        "Cost of sales": 10242,
        "Enterprise cost management": 30130,
        "Total Operating Expenses": 75940,
        "Total revenue financing activities": 43942,
        "Net profit from business activities": 5283,
        "Profit": -1233,
        "Profit before tax": 4622,
        "Present corporate income tax expenses": 4548,
        "Deferred income taxes expenses": "N/A",
        "The interests of minority shareholders": 5016,
        "Total Cost of profits": 9564,
        "Profit after tax corporate income": -4941,
        "Volume": 100000000,
        "Close of Quarter": 9.4,
        "EPS": 342.5,
        "Non-adjusted EPS": 685,
        "PE": 13.7,
        "Book Price": 5.4
      }
    },
    {
      "quarter": "Q4 2011",
      "income status": {
        "Net sales": 90614,
        "Cost of goods sold": 76464,
        "Gross Profit": 14150,
        "Financial expenses": 51189,
        "Of which: Interest expense": 51736,
        "Cost of sales": 9040,
        "Enterprise cost management": 19103,
        "Total Operating Expenses": 79332,
        "Total revenue financing activities": 40299,
        "Net profit from business activities": -24883,
        "Profit": 19986,
        "Profit before tax": 101513,
        "Present corporate income tax expenses": -7232,
        "Deferred income taxes expenses": 5976,
        "The interests of minority shareholders": -258,
        "Total Cost of profits": -1514,
        "Profit after tax corporate income": -3417,
        "Volume": 100000000,
        "Close of Quarter": 6.3,
        "EPS": 369.5,
        "Non-adjusted EPS": 739,
        "PE": 8.5,
        "Book Price": 5.5
      }
    },
    {
      "quarter": "Q3 2011",
      "income status": {
        "Net sales": 152877,
        "Cost of goods sold": 81131,
        "Gross Profit": 71746,
        "Financial expenses": 26240,
        "Of which: Interest expense": 26222,
        "Cost of sales": 17739,
        "Enterprise cost management": 32972,
        "Total Operating Expenses": 76951,
        "Total revenue financing activities": 27386,
        "Net profit from business activities": 22181,
        "Profit": -582,
        "Profit before tax": 106444,
        "Present corporate income tax expenses": 8832,
        "Deferred income taxes expenses": "N/A",
        "The interests of minority shareholders": 853,
        "Total Cost of profits": 9685,
        "Profit after tax corporate income": 12110,
        "Volume": 100000000,
        "Close of Quarter": 10.2,
        "EPS": 415.5,
        "Non-adjusted EPS": 831,
        "PE": 12.3,
        "Book Price": 5.4
      }
    },
    {
      "quarter": "Q2 2011",
      "income status": {
        "Net sales": 37172,
        "Cost of goods sold": 31348,
        "Gross Profit": 5824,
        "Financial expenses": 30062,
        "Of which: Interest expense": 30073,
        "Cost of sales": 3263,
        "Enterprise cost management": 19082,
        "Total Operating Expenses": 52407,
        "Total revenue financing activities": 130614,
        "Net profit from business activities": 84030,
        "Profit": -76,
        "Profit before tax": 83955,
        "Present corporate income tax expenses": 18551,
        "Deferred income taxes expenses": "N/A",
        "The interests of minority shareholders": 675,
        "Total Cost of profits": 19226,
        "Profit after tax corporate income": 64729,
        "Volume": 100000000,
        "Close of Quarter": 9.6,
        "EPS": 401,
        "Non-adjusted EPS": 802,
        "PE": 12.0,
        "Book Price": 5.4
      }
    },
    {
      "quarter": "Q1 2011",
      "income status": {
        "Net sales": 28386,
        "Cost of goods sold": 16428,
        "Gross Profit": 11958,
        "Financial expenses": 17511,
        "Of which: Interest expense": 17500,
        "Cost of sales": 3339,
        "Enterprise cost management": 17218,
        "Total Operating Expenses": 38068,
        "Total revenue financing activities": 28726,
        "Net profit from business activities": 2617,
        "Profit": -4,
        "Profit before tax": 2613,
        "Present corporate income tax expenses": 2299,
        "Deferred income taxes expenses": "N/A",
        "The interests of minority shareholders": -125,
        "Total Cost of profits": 2174,
        "Profit after tax corporate income": 439,
        "Volume": 100000000,
        "Close of Quarter": 10.2,
        "EPS": 428,
        "Non-adjusted EPS": 856,
        "PE": 11.9,
        "Book Price": 5.4
      }
    }
  ]
}