{
  "ticker": "SEB",
  "data": [
    {
      "quarter": "Q4 2016",
      "income status": {
        "Net sales": 93713,
        "Cost of goods sold": 27714,
        "Gross Profit": 65999,
        "Financial expenses": 10058,
        "Of which: Interest expense": 9169,
        "Cost of sales": "N/A",
        "Enterprise cost management": 3751,
        "Total Operating Expenses": 13809,
        "Total revenue financing activities": 229,
        "Net profit from business activities": 52419,
        "Profit": -3,
        "Profit before tax": 52416,
        "Present corporate income tax expenses": 1940,
        "Deferred income taxes expenses": "N/A",
        "The interests of minority shareholders": 5070,
        "Total Cost of profits": 7010,
        "Profit after tax corporate income": 45406,
        "Volume": 20000000,
        "Close of Quarter": 38.6,
        "EPS": 3899,
        "Non-adjusted EPS": 3899,
        "PE": 9.9,
        "Book Price": 19
      }
    },
    {
      "quarter": "Q3 2016",
      "income status": {
        "Net sales": 12127,
        "Cost of goods sold": 15612,
        "Gross Profit": -3485,
        "Financial expenses": 9189,
        "Of which: Interest expense": 9189,
        "Cost of sales": "N/A",
        "Enterprise cost management": 2282,
        "Total Operating Expenses": 11471,
        "Total revenue financing activities": 150,
        "Net profit from business activities": -14806,
        "Profit": "N/A",
        "Profit before tax": -14806,
        "Present corporate income tax expenses": 17,
        "Deferred income taxes expenses": "N/A",
        "The interests of minority shareholders": -5244,
        "Total Cost of profits": -5227,
        "Profit after tax corporate income": -9579,
        "Volume": 20000000,
        "Close of Quarter": 33.5,
        "EPS": 2806,
        "Non-adjusted EPS": 2806,
        "PE": 11.9,
        "Book Price": 17.6
      }
    },
    {
      "quarter": "Q2 2016",
      "income status": {
        "Net sales": 48153,
        "Cost of goods sold": 16840,
        "Gross Profit": 31313,
        "Financial expenses": 8650,
        "Of which: Interest expense": 8650,
        "Cost of sales": "N/A",
        "Enterprise cost management": 3325,
        "Total Operating Expenses": 11975,
        "Total revenue financing activities": 695,
        "Net profit from business activities": 20034,
        "Profit": "N/A",
        "Profit before tax": 20034,
        "Present corporate income tax expenses": 1148,
        "Deferred income taxes expenses": "N/A",
        "The interests of minority shareholders": -839,
        "Total Cost of profits": 309,
        "Profit after tax corporate income": 19725,
        "Volume": 20000000,
        "Close of Quarter": 32.1,
        "EPS": 2919,
        "Non-adjusted EPS": 2919,
        "PE": 11.0,
        "Book Price": 18.3
      }
    },
    {
      "quarter": "Q1 2016",
      "income status": {
        "Net sales": 53952,
        "Cost of goods sold": 16825,
        "Gross Profit": 37128,
        "Financial expenses": 9260,
        "Of which: Interest expense": 9260,
        "Cost of sales": "N/A",
        "Enterprise cost management": 2717,
        "Total Operating Expenses": 11977,
        "Total revenue financing activities": 146,
        "Net profit from business activities": 25297,
        "Profit": 39,
        "Profit before tax": 25336,
        "Present corporate income tax expenses": 1032,
        "Deferred income taxes expenses": "N/A",
        "The interests of minority shareholders": 1873,
        "Total Cost of profits": 2905,
        "Profit after tax corporate income": 22431,
        "Volume": 20000000,
        "Close of Quarter": 25.4,
        "EPS": 3109,
        "Non-adjusted EPS": 3109,
        "PE": 8.2,
        "Book Price": 18.4
      }
    },
    {
      "quarter": "Q4 2015",
      "income status": {
        "Net sales": 61139,
        "Cost of goods sold": 22117,
        "Gross Profit": 39022,
        "Financial expenses": 10929,
        "Of which: Interest expense": 9872,
        "Cost of sales": "N/A",
        "Enterprise cost management": 4779,
        "Total Operating Expenses": 15708,
        "Total revenue financing activities": 179,
        "Net profit from business activities": 23493,
        "Profit": 2362,
        "Profit before tax": 25855,
        "Present corporate income tax expenses": 973,
        "Deferred income taxes expenses": "N/A",
        "The interests of minority shareholders": 1348,
        "Total Cost of profits": 2321,
        "Profit after tax corporate income": 23534,
        "Volume": 20000000,
        "Close of Quarter": 35.8,
        "EPS": 3499,
        "Non-adjusted EPS": 3499,
        "PE": 10.2,
        "Book Price": 17.9
      }
    },
    {
      "quarter": "Q3 2015",
      "income status": {
        "Net sales": 21351,
        "Cost of goods sold": 21245,
        "Gross Profit": 106,
        "Financial expenses": 8921,
        "Of which: Interest expense": 8879,
        "Cost of sales": "N/A",
        "Enterprise cost management": 2375,
        "Total Operating Expenses": 11296,
        "Total revenue financing activities": 110,
        "Net profit from business activities": -11081,
        "Profit": "N/A",
        "Profit before tax": -11081,
        "Present corporate income tax expenses": 24,
        "Deferred income taxes expenses": "N/A",
        "The interests of minority shareholders": -3793,
        "Total Cost of profits": -3769,
        "Profit after tax corporate income": -7312,
        "Volume": 20000000,
        "Close of Quarter": 26.2,
        "EPS": 2789,
        "Non-adjusted EPS": 2789,
        "PE": 9.4,
        "Book Price": 16.3
      }
    },
    {
      "quarter": "Q2 2015",
      "income status": {
        "Net sales": 53946,
        "Cost of goods sold": 13332,
        "Gross Profit": 40613,
        "Financial expenses": 10855,
        "Of which: Interest expense": 9912,
        "Cost of sales": "N/A",
        "Enterprise cost management": 3748,
        "Total Operating Expenses": 14603,
        "Total revenue financing activities": 434,
        "Net profit from business activities": 26445,
        "Profit": -76,
        "Profit before tax": 26369,
        "Present corporate income tax expenses": 1206,
        "Deferred income taxes expenses": 79,
        "The interests of minority shareholders": 1560,
        "Total Cost of profits": 2845,
        "Profit after tax corporate income": 23524,
        "Volume": 20000000,
        "Close of Quarter": 25,
        "EPS": 3164,
        "Non-adjusted EPS": 3164,
        "PE": 7.9,
        "Book Price": 16.9
      }
    },
    {
      "quarter": "Q1 2015",
      "income status": {
        "Net sales": 65578,
        "Cost of goods sold": 15787,
        "Gross Profit": 49792,
        "Financial expenses": 9823,
        "Of which: Interest expense": 9466,
        "Cost of sales": "N/A",
        "Enterprise cost management": 3693,
        "Total Operating Expenses": 13516,
        "Total revenue financing activities": 98,
        "Net profit from business activities": 36374,
        "Profit": -1,
        "Profit before tax": 36373,
        "Present corporate income tax expenses": 1100,
        "Deferred income taxes expenses": "N/A",
        "The interests of minority shareholders": 5042,
        "Total Cost of profits": 6142,
        "Profit after tax corporate income": 30230,
        "Volume": 20000000,
        "Close of Quarter": 23.6,
        "EPS": 2452,
        "Non-adjusted EPS": 2452,
        "PE": 9.6,
        "Book Price": 16.8
      }
    },
    {
      "quarter": "Q4 2014",
      "income status": {
        "Net sales": 34155,
        "Cost of goods sold": 21247,
        "Gross Profit": 12908,
        "Financial expenses": 1100,
        "Of which: Interest expense": 947,
        "Cost of sales": "N/A",
        "Enterprise cost management": 2063,
        "Total Operating Expenses": 3163,
        "Total revenue financing activities": -6,
        "Net profit from business activities": 9739,
        "Profit": 23,
        "Profit before tax": 9762,
        "Present corporate income tax expenses": 511,
        "Deferred income taxes expenses": -78,
        "The interests of minority shareholders": -4,
        "Total Cost of profits": 429,
        "Profit after tax corporate income": 9333,
        "Volume": 20000000,
        "Close of Quarter": 27.6,
        "EPS": 1802,
        "Non-adjusted EPS": 1802,
        "PE": 15.3,
        "Book Price": 15.7
      }
    },
    {
      "quarter": "Q3 2014",
      "income status": {
        "Net sales": 8765,
        "Cost of goods sold": 6093,
        "Gross Profit": 2672,
        "Financial expenses": 1041,
        "Of which: Interest expense": 1041,
        "Cost of sales": "N/A",
        "Enterprise cost management": 1490,
        "Total Operating Expenses": 2531,
        "Total revenue financing activities": 69,
        "Net profit from business activities": 210,
        "Profit": "N/A",
        "Profit before tax": 210,
        "Present corporate income tax expenses": 16,
        "Deferred income taxes expenses": "N/A",
        "The interests of minority shareholders": "N/A",
        "Total Cost of profits": 16,
        "Profit after tax corporate income": 194,
        "Volume": 12500000,
        "Close of Quarter": 19.3,
        "EPS": 2183.1,
        "Non-adjusted EPS": 3493,
        "PE": 5.5,
        "Book Price": 15.1
      }
    },
    {
      "quarter": "Q2 2014",
      "income status": {
        "Net sales": 26537,
        "Cost of goods sold": 12483,
        "Gross Profit": 14054,
        "Financial expenses": 1862,
        "Of which: Interest expense": 1250,
        "Cost of sales": "N/A",
        "Enterprise cost management": 2475,
        "Total Operating Expenses": 4337,
        "Total revenue financing activities": 123,
        "Net profit from business activities": 9840,
        "Profit": -17,
        "Profit before tax": 9823,
        "Present corporate income tax expenses": 532,
        "Deferred income taxes expenses": "N/A",
        "The interests of minority shareholders": 4,
        "Total Cost of profits": 536,
        "Profit after tax corporate income": 9287,
        "Volume": 12500000,
        "Close of Quarter": 16.3,
        "EPS": 2183.1,
        "Non-adjusted EPS": 3493,
        "PE": 4.7,
        "Book Price": 15.2
      }
    },
    {
      "quarter": "Q1 2014",
      "income status": {
        "Net sales": 33078,
        "Cost of goods sold": 12117,
        "Gross Profit": 20961,
        "Financial expenses": 1246,
        "Of which: Interest expense": 1243,
        "Cost of sales": "N/A",
        "Enterprise cost management": 1763,
        "Total Operating Expenses": 3009,
        "Total revenue financing activities": 190,
        "Net profit from business activities": 18142,
        "Profit": -2,
        "Profit before tax": 18140,
        "Present corporate income tax expenses": 912,
        "Deferred income taxes expenses": "N/A",
        "The interests of minority shareholders": "N/A",
        "Total Cost of profits": 912,
        "Profit after tax corporate income": 17228,
        "Volume": 12500000,
        "Close of Quarter": 13.3,
        "EPS": 2304.4,
        "Non-adjusted EPS": 3687,
        "PE": 3.6,
        "Book Price": 14.9
      }
    },
    {
      "quarter": "Q4 2013",
      "income status": {
        "Net sales": 37219,
        "Cost of goods sold": 15824,
        "Gross Profit": 21395,
        "Financial expenses": 1631,
        "Of which: Interest expense": 1631,
        "Cost of sales": "N/A",
        "Enterprise cost management": 2383,
        "Total Operating Expenses": 4014,
        "Total revenue financing activities": 364,
        "Net profit from business activities": 17745,
        "Profit": -197,
        "Profit before tax": 17548,
        "Present corporate income tax expenses": 591,
        "Deferred income taxes expenses": "N/A",
        "The interests of minority shareholders": "N/A",
        "Total Cost of profits": 591,
        "Profit after tax corporate income": 16957,
        "Volume": 12500000,
        "Close of Quarter": 16.4,
        "EPS": 2196.9,
        "Non-adjusted EPS": 3515,
        "PE": 4.7,
        "Book Price": 10.2
      }
    },
    {
      "quarter": "Q3 2013",
      "income status": {
        "Net sales": 12074,
        "Cost of goods sold": 9599,
        "Gross Profit": 2475,
        "Financial expenses": 892,
        "Of which: Interest expense": 892,
        "Cost of sales": "N/A",
        "Enterprise cost management": 1656,
        "Total Operating Expenses": 2548,
        "Total revenue financing activities": 304,
        "Net profit from business activities": 231,
        "Profit": -22,
        "Profit before tax": 208,
        "Present corporate income tax expenses": 16,
        "Deferred income taxes expenses": "N/A",
        "The interests of minority shareholders": "N/A",
        "Total Cost of profits": 16,
        "Profit after tax corporate income": 192,
        "Volume": 12500000,
        "Close of Quarter": 13.3,
        "EPS": 2396.9,
        "Non-adjusted EPS": 3835,
        "PE": 3.5,
        "Book Price": 9.7
      }
    },
    {
      "quarter": "Q2 2013",
      "income status": {
        "Net sales": 25887,
        "Cost of goods sold": 11060,
        "Gross Profit": 14828,
        "Financial expenses": 2346,
        "Of which: Interest expense": 1319,
        "Cost of sales": "N/A",
        "Enterprise cost management": 2080,
        "Total Operating Expenses": 4426,
        "Total revenue financing activities": 2179,
        "Net profit from business activities": 12581,
        "Profit": -67,
        "Profit before tax": 12514,
        "Present corporate income tax expenses": 809,
        "Deferred income taxes expenses": "N/A",
        "The interests of minority shareholders": "N/A",
        "Total Cost of profits": 809,
        "Profit after tax corporate income": 11705,
        "Volume": 12500000,
        "Close of Quarter": 13.7,
        "EPS": 2645.6,
        "Non-adjusted EPS": 4233,
        "PE": 3.2,
        "Book Price": 9.5
      }
    },
    {
      "quarter": "Q1 2013",
      "income status": {
        "Net sales": 29315,
        "Cost of goods sold": 11871,
        "Gross Profit": 17444,
        "Financial expenses": 975,
        "Of which: Interest expense": 965,
        "Cost of sales": "N/A",
        "Enterprise cost management": 2088,
        "Total Operating Expenses": 3063,
        "Total revenue financing activities": 1718,
        "Net profit from business activities": 16100,
        "Profit": -33,
        "Profit before tax": 16067,
        "Present corporate income tax expenses": 980,
        "Deferred income taxes expenses": "N/A",
        "The interests of minority shareholders": "N/A",
        "Total Cost of profits": 980,
        "Profit after tax corporate income": 15088,
        "Volume": 12500000,
        "Close of Quarter": 12.0,
        "EPS": 3138.8,
        "Non-adjusted EPS": 5022,
        "PE": 2.4,
        "Book Price": 10
      }
    },
    {
      "quarter": "Q4 2012",
      "income status": {
        "Net sales": 35216,
        "Cost of goods sold": 11862,
        "Gross Profit": 23354,
        "Financial expenses": 1312,
        "Of which: Interest expense": 1310,
        "Cost of sales": "N/A",
        "Enterprise cost management": 2403,
        "Total Operating Expenses": 3715,
        "Total revenue financing activities": 2528,
        "Net profit from business activities": 22167,
        "Profit": 34,
        "Profit before tax": 22201,
        "Present corporate income tax expenses": 1244,
        "Deferred income taxes expenses": "N/A",
        "The interests of minority shareholders": "N/A",
        "Total Cost of profits": 1244,
        "Profit after tax corporate income": 20957,
        "Volume": 12500000,
        "Close of Quarter": 12.6,
        "EPS": 3523.1,
        "Non-adjusted EPS": 5637,
        "PE": 2.2,
        "Book Price": 9.3
      }
    },
    {
      "quarter": "Q3 2012",
      "income status": {
        "Net sales": 16905,
        "Cost of goods sold": 11378,
        "Gross Profit": 5527,
        "Financial expenses": 1112,
        "Of which: Interest expense": 1109,
        "Cost of sales": "N/A",
        "Enterprise cost management": 1426,
        "Total Operating Expenses": 2538,
        "Total revenue financing activities": 1638,
        "Net profit from business activities": 4627,
        "Profit": -16,
        "Profit before tax": 4610,
        "Present corporate income tax expenses": -551,
        "Deferred income taxes expenses": "N/A",
        "The interests of minority shareholders": "N/A",
        "Total Cost of profits": -551,
        "Profit after tax corporate income": 5161,
        "Volume": 12500000,
        "Close of Quarter": 11.4,
        "EPS": 2968.8,
        "Non-adjusted EPS": 4750,
        "PE": 2.4,
        "Book Price": 9
      }
    },
    {
      "quarter": "Q2 2012",
      "income status": {
        "Net sales": 38976,
        "Cost of goods sold": 13965,
        "Gross Profit": 25011,
        "Financial expenses": 1459,
        "Of which: Interest expense": 1450,
        "Cost of sales": "N/A",
        "Enterprise cost management": 3081,
        "Total Operating Expenses": 4540,
        "Total revenue financing activities": 2675,
        "Net profit from business activities": 23145,
        "Profit": -164,
        "Profit before tax": 22982,
        "Present corporate income tax expenses": 1410,
        "Deferred income taxes expenses": "N/A",
        "The interests of minority shareholders": "N/A",
        "Total Cost of profits": 1410,
        "Profit after tax corporate income": 21571,
        "Volume": 12500000,
        "Close of Quarter": 7.5,
        "EPS": 2790.6,
        "Non-adjusted EPS": 4465,
        "PE": 1.7,
        "Book Price": 9.8
      }
    },
    {
      "quarter": "Q1 2012",
      "income status": {
        "Net sales": 37130,
        "Cost of goods sold": 11440,
        "Gross Profit": 25690,
        "Financial expenses": 1191,
        "Of which: Interest expense": 1190,
        "Cost of sales": "N/A",
        "Enterprise cost management": 1748,
        "Total Operating Expenses": 2939,
        "Total revenue financing activities": 1262,
        "Net profit from business activities": 24012,
        "Profit": -12,
        "Profit before tax": 24000,
        "Present corporate income tax expenses": 1223,
        "Deferred income taxes expenses": "N/A",
        "The interests of minority shareholders": "N/A",
        "Total Cost of profits": 1223,
        "Profit after tax corporate income": 22777,
        "Volume": 12500000,
        "Close of Quarter": 5.3,
        "EPS": 2521.9,
        "Non-adjusted EPS": 4035,
        "PE": 1.3,
        "Book Price": 8.9
      }
    },
    {
      "quarter": "Q4 2011",
      "income status": {
        "Net sales": 32795,
        "Cost of goods sold": 16722,
        "Gross Profit": 16073,
        "Financial expenses": 2689,
        "Of which: Interest expense": 2028,
        "Cost of sales": "N/A",
        "Enterprise cost management": 2417,
        "Total Operating Expenses": 5106,
        "Total revenue financing activities": 1840,
        "Net profit from business activities": 12806,
        "Profit": -2858,
        "Profit before tax": 9948,
        "Present corporate income tax expenses": 82,
        "Deferred income taxes expenses": "N/A",
        "The interests of minority shareholders": "N/A",
        "Total Cost of profits": 82,
        "Profit after tax corporate income": 9866,
        "Volume": 12500000,
        "Close of Quarter": 4.6,
        "EPS": 1679.4,
        "Non-adjusted EPS": 2687,
        "PE": 1.7,
        "Book Price": 8.5
      }
    },
    {
      "quarter": "Q3 2011",
      "income status": {
        "Net sales": 14052,
        "Cost of goods sold": 10614,
        "Gross Profit": 3438,
        "Financial expenses": 2061,
        "Of which: Interest expense": 2015,
        "Cost of sales": "N/A",
        "Enterprise cost management": 1362,
        "Total Operating Expenses": 3423,
        "Total revenue financing activities": 1729,
        "Net profit from business activities": 1744,
        "Profit": -29,
        "Profit before tax": 1715,
        "Present corporate income tax expenses": 118,
        "Deferred income taxes expenses": "N/A",
        "The interests of minority shareholders": "N/A",
        "Total Cost of profits": 118,
        "Profit after tax corporate income": 1597,
        "Volume": 12500000,
        "Close of Quarter": 4.5,
        "EPS": 1981.3,
        "Non-adjusted EPS": 3170,
        "PE": 1.4,
        "Book Price": 8
      }
    },
    {
      "quarter": "Q2 2011",
      "income status": {
        "Net sales": 29653,
        "Cost of goods sold": 10612,
        "Gross Profit": 19041,
        "Financial expenses": 3390,
        "Of which: Interest expense": 3390,
        "Cost of sales": "N/A",
        "Enterprise cost management": 1396,
        "Total Operating Expenses": 4786,
        "Total revenue financing activities": 2802,
        "Net profit from business activities": 17056,
        "Profit": "N/A",
        "Profit before tax": 17056,
        "Present corporate income tax expenses": 864,
        "Deferred income taxes expenses": "N/A",
        "The interests of minority shareholders": "N/A",
        "Total Cost of profits": 864,
        "Profit after tax corporate income": 16193,
        "Volume": 12500000,
        "Close of Quarter": 4.0,
        "EPS": 2040,
        "Non-adjusted EPS": 3264,
        "PE": 1.2,
        "Book Price": 8.6
      }
    },
    {
      "quarter": "Q1 2011",
      "income status": {
        "Net sales": 24270,
        "Cost of goods sold": 10223,
        "Gross Profit": 14046,
        "Financial expenses": 8638,
        "Of which: Interest expense": 2970,
        "Cost of sales": "N/A",
        "Enterprise cost management": 1194,
        "Total Operating Expenses": 9832,
        "Total revenue financing activities": 2030,
        "Net profit from business activities": 6245,
        "Profit": 8,
        "Profit before tax": 6252,
        "Present corporate income tax expenses": 318,
        "Deferred income taxes expenses": "N/A",
        "The interests of minority shareholders": "N/A",
        "Total Cost of profits": 318,
        "Profit after tax corporate income": 5935,
        "Volume": 12500000,
        "Close of Quarter": 4.4,
        "EPS": 1549.4,
        "Non-adjusted EPS": 2479,
        "PE": 1.8,
        "Book Price": 8.3
      }
    }
  ]
}