{
  "ticker": "KHP",
  "data": [
    {
      "quarter": "Q4 2016",
      "income status": {
        "Net sales": 857319,
        "Cost of goods sold": 861530,
        "Gross Profit": -4211,
        "Financial expenses": 4361,
        "Of which: Interest expense": 3452,
        "Cost of sales": 29914,
        "Enterprise cost management": 22767,
        "Total Operating Expenses": 57042,
        "Total revenue financing activities": 19087,
        "Net profit from business activities": -42166,
        "Profit": 5636,
        "Profit before tax": -36530,
        "Present corporate income tax expenses": -12030,
        "Deferred income taxes expenses": "N/A",
        "The interests of minority shareholders": "N/A",
        "Total Cost of profits": -12030,
        "Profit after tax corporate income": -24500,
        "Volume": 40051296,
        "Close of Quarter": 10.4,
        "EPS": 1617,
        "Non-adjusted EPS": 1617,
        "PE": 6.4,
        "Book Price": 14.9
      }
    },
    {
      "quarter": "Q3 2016",
      "income status": {
        "Net sales": 991094,
        "Cost of goods sold": 880588,
        "Gross Profit": 110506,
        "Financial expenses": 3908,
        "Of which: Interest expense": 3583,
        "Cost of sales": 33448,
        "Enterprise cost management": 14942,
        "Total Operating Expenses": 52298,
        "Total revenue financing activities": 1935,
        "Net profit from business activities": 60144,
        "Profit": 22771,
        "Profit before tax": 82915,
        "Present corporate income tax expenses": 19492,
        "Deferred income taxes expenses": "N/A",
        "The interests of minority shareholders": "N/A",
        "Total Cost of profits": 19492,
        "Profit after tax corporate income": 63423,
        "Volume": 40051296,
        "Close of Quarter": 9.2,
        "EPS": 3195,
        "Non-adjusted EPS": 3195,
        "PE": 2.9,
        "Book Price": 16.1
      }
    },
    {
      "quarter": "Q2 2016",
      "income status": {
        "Net sales": 904589,
        "Cost of goods sold": 849190,
        "Gross Profit": 55399,
        "Financial expenses": 4314,
        "Of which: Interest expense": 4127,
        "Cost of sales": 20993,
        "Enterprise cost management": 13058,
        "Total Operating Expenses": 38365,
        "Total revenue financing activities": 15607,
        "Net profit from business activities": 33218,
        "Profit": -533,
        "Profit before tax": 32685,
        "Present corporate income tax expenses": 7984,
        "Deferred income taxes expenses": "N/A",
        "The interests of minority shareholders": "N/A",
        "Total Cost of profits": 7984,
        "Profit after tax corporate income": 24701,
        "Volume": 40051296,
        "Close of Quarter": 9.3,
        "EPS": 1551,
        "Non-adjusted EPS": 1551,
        "PE": 6.0,
        "Book Price": 14.9
      }
    },
    {
      "quarter": "Q1 2016",
      "income status": {
        "Net sales": 704949,
        "Cost of goods sold": 672778,
        "Gross Profit": 32172,
        "Financial expenses": 3137,
        "Of which: Interest expense": 2949,
        "Cost of sales": 25244,
        "Enterprise cost management": 9261,
        "Total Operating Expenses": 37642,
        "Total revenue financing activities": 1958,
        "Net profit from business activities": -3067,
        "Profit": 6137,
        "Profit before tax": 3069,
        "Present corporate income tax expenses": 1942,
        "Deferred income taxes expenses": "N/A",
        "The interests of minority shareholders": "N/A",
        "Total Cost of profits": 1942,
        "Profit after tax corporate income": 1128,
        "Volume": 40051296,
        "Close of Quarter": 10.6,
        "EPS": 2230,
        "Non-adjusted EPS": 2230,
        "PE": 4.7,
        "Book Price": 14.8
      }
    },
    {
      "quarter": "Q4 2015",
      "income status": {
        "Net sales": 811152,
        "Cost of goods sold": 745507,
        "Gross Profit": 65645,
        "Financial expenses": 5386,
        "Of which: Interest expense": 3122,
        "Cost of sales": 32759,
        "Enterprise cost management": 12041,
        "Total Operating Expenses": 50186,
        "Total revenue financing activities": 17888,
        "Net profit from business activities": 33538,
        "Profit": 11950,
        "Profit before tax": 45487,
        "Present corporate income tax expenses": 6778,
        "Deferred income taxes expenses": "N/A",
        "The interests of minority shareholders": "N/A",
        "Total Cost of profits": 6778,
        "Profit after tax corporate income": 38709,
        "Volume": 40051296,
        "Close of Quarter": 10.1,
        "EPS": 2243,
        "Non-adjusted EPS": 2243,
        "PE": 4.5,
        "Book Price": 14.7
      }
    },
    {
      "quarter": "Q3 2015",
      "income status": {
        "Net sales": 893193,
        "Cost of goods sold": 893080,
        "Gross Profit": 113,
        "Financial expenses": 2558,
        "Of which: Interest expense": 2380,
        "Cost of sales": 7300,
        "Enterprise cost management": 10938,
        "Total Operating Expenses": 20796,
        "Total revenue financing activities": 14095,
        "Net profit from business activities": -6139,
        "Profit": 1288,
        "Profit before tax": -4851,
        "Present corporate income tax expenses": -2415,
        "Deferred income taxes expenses": "N/A",
        "The interests of minority shareholders": "N/A",
        "Total Cost of profits": -2415,
        "Profit after tax corporate income": -2436,
        "Volume": 40051296,
        "Close of Quarter": 10.2,
        "EPS": 1755,
        "Non-adjusted EPS": 1755,
        "PE": 5.8,
        "Book Price": 14.4
      }
    },
    {
      "quarter": "Q2 2015",
      "income status": {
        "Net sales": 828597,
        "Cost of goods sold": 731261,
        "Gross Profit": 97336,
        "Financial expenses": 4190,
        "Of which: Interest expense": 2599,
        "Cost of sales": 18975,
        "Enterprise cost management": 10526,
        "Total Operating Expenses": 33691,
        "Total revenue financing activities": 7573,
        "Net profit from business activities": 70656,
        "Profit": -494,
        "Profit before tax": 70163,
        "Present corporate income tax expenses": 18266,
        "Deferred income taxes expenses": "N/A",
        "The interests of minority shareholders": "N/A",
        "Total Cost of profits": 18266,
        "Profit after tax corporate income": 51897,
        "Volume": 40051296,
        "Close of Quarter": 10.3,
        "EPS": 2428,
        "Non-adjusted EPS": 2428,
        "PE": 4.3,
        "Book Price": 14.6
      }
    },
    {
      "quarter": "Q1 2015",
      "income status": {
        "Net sales": 587534,
        "Cost of goods sold": 570779,
        "Gross Profit": 16755,
        "Financial expenses": 2730,
        "Of which: Interest expense": 2480,
        "Cost of sales": 23245,
        "Enterprise cost management": 9479,
        "Total Operating Expenses": 35454,
        "Total revenue financing activities": 6910,
        "Net profit from business activities": -10973,
        "Profit": 14684,
        "Profit before tax": 3711,
        "Present corporate income tax expenses": 2040,
        "Deferred income taxes expenses": "N/A",
        "The interests of minority shareholders": "N/A",
        "Total Cost of profits": 2040,
        "Profit after tax corporate income": 1671,
        "Volume": 40051296,
        "Close of Quarter": 10.9,
        "EPS": 1831,
        "Non-adjusted EPS": 1831,
        "PE": 6.0,
        "Book Price": 13.9
      }
    },
    {
      "quarter": "Q4 2014",
      "income status": {
        "Net sales": 690175,
        "Cost of goods sold": 626942,
        "Gross Profit": 63233,
        "Financial expenses": 3261,
        "Of which: Interest expense": 2547,
        "Cost of sales": 30639,
        "Enterprise cost management": 10988,
        "Total Operating Expenses": 44888,
        "Total revenue financing activities": 11624,
        "Net profit from business activities": 29903,
        "Profit": -11055,
        "Profit before tax": 18848,
        "Present corporate income tax expenses": -316,
        "Deferred income taxes expenses": "N/A",
        "The interests of minority shareholders": "N/A",
        "Total Cost of profits": -316,
        "Profit after tax corporate income": 19164,
        "Volume": 40051296,
        "Close of Quarter": 11.0,
        "EPS": 1829,
        "Non-adjusted EPS": 1829,
        "PE": 6,
        "Book Price": 13.9
      }
    },
    {
      "quarter": "Q3 2014",
      "income status": {
        "Net sales": 721506,
        "Cost of goods sold": 658443,
        "Gross Profit": 63064,
        "Financial expenses": 2722,
        "Of which: Interest expense": 2396,
        "Cost of sales": 21493,
        "Enterprise cost management": 10138,
        "Total Operating Expenses": 34353,
        "Total revenue financing activities": 3733,
        "Net profit from business activities": 33260,
        "Profit": 3469,
        "Profit before tax": 36729,
        "Present corporate income tax expenses": 12235,
        "Deferred income taxes expenses": "N/A",
        "The interests of minority shareholders": "N/A",
        "Total Cost of profits": 12235,
        "Profit after tax corporate income": 24494,
        "Volume": 40051296,
        "Close of Quarter": 10.8,
        "EPS": 1781,
        "Non-adjusted EPS": 1781,
        "PE": 6.1,
        "Book Price": 14.1
      }
    },
    {
      "quarter": "Q2 2014",
      "income status": {
        "Net sales": 759288,
        "Cost of goods sold": 704484,
        "Gross Profit": 54803,
        "Financial expenses": 3658,
        "Of which: Interest expense": 2452,
        "Cost of sales": 16520,
        "Enterprise cost management": 12253,
        "Total Operating Expenses": 32431,
        "Total revenue financing activities": 17626,
        "Net profit from business activities": 40546,
        "Profit": -2264,
        "Profit before tax": 38283,
        "Present corporate income tax expenses": 10276,
        "Deferred income taxes expenses": "N/A",
        "The interests of minority shareholders": "N/A",
        "Total Cost of profits": 10276,
        "Profit after tax corporate income": 28007,
        "Volume": 40051296,
        "Close of Quarter": 10.1,
        "EPS": 1807,
        "Non-adjusted EPS": 1807,
        "PE": 5.6,
        "Book Price": 14.4
      }
    },
    {
      "quarter": "Q1 2014",
      "income status": {
        "Net sales": 510823,
        "Cost of goods sold": 492194,
        "Gross Profit": 18629,
        "Financial expenses": 2712,
        "Of which: Interest expense": 2541,
        "Cost of sales": 14351,
        "Enterprise cost management": 7891,
        "Total Operating Expenses": 24954,
        "Total revenue financing activities": 7450,
        "Net profit from business activities": 1838,
        "Profit": 7,
        "Profit before tax": 1845,
        "Present corporate income tax expenses": 249,
        "Deferred income taxes expenses": "N/A",
        "The interests of minority shareholders": "N/A",
        "Total Cost of profits": 249,
        "Profit after tax corporate income": 1596,
        "Volume": 40051296,
        "Close of Quarter": 11.2,
        "EPS": 1684,
        "Non-adjusted EPS": 1684,
        "PE": 6.7,
        "Book Price": 13.8
      }
    },
    {
      "quarter": "Q4 2013",
      "income status": {
        "Net sales": 571844,
        "Cost of goods sold": 526548,
        "Gross Profit": 45297,
        "Financial expenses": 1487,
        "Of which: Interest expense": 1957,
        "Cost of sales": 23941,
        "Enterprise cost management": 9500,
        "Total Operating Expenses": 34928,
        "Total revenue financing activities": 6836,
        "Net profit from business activities": 17203,
        "Profit": 877,
        "Profit before tax": 17683,
        "Present corporate income tax expenses": 372,
        "Deferred income taxes expenses": 91,
        "The interests of minority shareholders": "N/A",
        "Total Cost of profits": 463,
        "Profit after tax corporate income": 17220,
        "Volume": 40051296,
        "Close of Quarter": 8.8,
        "EPS": 1763,
        "Non-adjusted EPS": 1763,
        "PE": 5.0,
        "Book Price": 13.6
      }
    },
    {
      "quarter": "Q3 2013",
      "income status": {
        "Net sales": 615167,
        "Cost of goods sold": 558451,
        "Gross Profit": 56716,
        "Financial expenses": 2629,
        "Of which: Interest expense": 2422,
        "Cost of sales": 13781,
        "Enterprise cost management": 10712,
        "Total Operating Expenses": 27122,
        "Total revenue financing activities": 6368,
        "Net profit from business activities": 35963,
        "Profit": 38,
        "Profit before tax": 36027,
        "Present corporate income tax expenses": 10482,
        "Deferred income taxes expenses": "N/A",
        "The interests of minority shareholders": "N/A",
        "Total Cost of profits": 10482,
        "Profit after tax corporate income": 25545,
        "Volume": 40051296,
        "Close of Quarter": 8.6,
        "EPS": 2380,
        "Non-adjusted EPS": 2380,
        "PE": 3.6,
        "Book Price": 13.9
      }
    },
    {
      "quarter": "Q2 2013",
      "income status": {
        "Net sales": 594963,
        "Cost of goods sold": 535612,
        "Gross Profit": 59351,
        "Financial expenses": 3511,
        "Of which: Interest expense": 2712,
        "Cost of sales": 16653,
        "Enterprise cost management": 15897,
        "Total Operating Expenses": 36061,
        "Total revenue financing activities": 7320,
        "Net profit from business activities": 30610,
        "Profit": 3520,
        "Profit before tax": 34138,
        "Present corporate income tax expenses": 11041,
        "Deferred income taxes expenses": 8,
        "The interests of minority shareholders": "N/A",
        "Total Cost of profits": 11049,
        "Profit after tax corporate income": 23089,
        "Volume": 40051296,
        "Close of Quarter": 8.4,
        "EPS": 2814,
        "Non-adjusted EPS": 2814,
        "PE": 3.0,
        "Book Price": 13.3
      }
    },
    {
      "quarter": "Q1 2013",
      "income status": {
        "Net sales": 459908,
        "Cost of goods sold": 436460,
        "Gross Profit": 23447,
        "Financial expenses": 2950,
        "Of which: Interest expense": 2381,
        "Cost of sales": 14141,
        "Enterprise cost management": 6896,
        "Total Operating Expenses": 23987,
        "Total revenue financing activities": 7080,
        "Net profit from business activities": 6541,
        "Profit": 1266,
        "Profit before tax": 8016,
        "Present corporate income tax expenses": 3244,
        "Deferred income taxes expenses": "N/A",
        "The interests of minority shareholders": "N/A",
        "Total Cost of profits": 3244,
        "Profit after tax corporate income": 4772,
        "Volume": 40051296,
        "Close of Quarter": 6.7,
        "EPS": 2756,
        "Non-adjusted EPS": 2756,
        "PE": 2.4,
        "Book Price": 13.7
      }
    },
    {
      "quarter": "Q4 2012",
      "income status": {
        "Net sales": 485293,
        "Cost of goods sold": 445057,
        "Gross Profit": 40236,
        "Financial expenses": -5217,
        "Of which: Interest expense": -5389,
        "Cost of sales": 18153,
        "Enterprise cost management": 23966,
        "Total Operating Expenses": 36902,
        "Total revenue financing activities": 11430,
        "Net profit from business activities": 14763,
        "Profit": 37150,
        "Profit before tax": 51947,
        "Present corporate income tax expenses": 10118,
        "Deferred income taxes expenses": -99,
        "The interests of minority shareholders": "N/A",
        "Total Cost of profits": 10019,
        "Profit after tax corporate income": 41928,
        "Volume": 40051296,
        "Close of Quarter": 5.3,
        "EPS": 2747,
        "Non-adjusted EPS": 2747,
        "PE": 1.9,
        "Book Price": 13.6
      }
    },
    {
      "quarter": "Q3 2012",
      "income status": {
        "Net sales": 545631,
        "Cost of goods sold": 477659,
        "Gross Profit": 67971,
        "Financial expenses": 5049,
        "Of which: Interest expense": 4920,
        "Cost of sales": 14360,
        "Enterprise cost management": 7632,
        "Total Operating Expenses": 27041,
        "Total revenue financing activities": 8897,
        "Net profit from business activities": 49827,
        "Profit": 478,
        "Profit before tax": 50230,
        "Present corporate income tax expenses": 7310,
        "Deferred income taxes expenses": "N/A",
        "The interests of minority shareholders": "N/A",
        "Total Cost of profits": 7310,
        "Profit after tax corporate income": 42921,
        "Volume": 40051296,
        "Close of Quarter": 4.6,
        "EPS": 1605,
        "Non-adjusted EPS": 1605,
        "PE": 2.9,
        "Book Price": 13.3
      }
    },
    {
      "quarter": "Q2 2012",
      "income status": {
        "Net sales": 484583,
        "Cost of goods sold": 435028,
        "Gross Profit": 49554,
        "Financial expenses": 4808,
        "Of which: Interest expense": 4776,
        "Cost of sales": 14110,
        "Enterprise cost management": 9238,
        "Total Operating Expenses": 28156,
        "Total revenue financing activities": 9472,
        "Net profit from business activities": 30871,
        "Profit": -3969,
        "Profit before tax": 27059,
        "Present corporate income tax expenses": 6098,
        "Deferred income taxes expenses": 188,
        "The interests of minority shareholders": "N/A",
        "Total Cost of profits": 6286,
        "Profit after tax corporate income": 20774,
        "Volume": 40051296,
        "Close of Quarter": 4.8,
        "EPS": 1888,
        "Non-adjusted EPS": 1888,
        "PE": 2.6,
        "Book Price": 12.3
      }
    },
    {
      "quarter": "Q1 2012",
      "income status": {
        "Net sales": 384600,
        "Cost of goods sold": 356244,
        "Gross Profit": 28356,
        "Financial expenses": 7648,
        "Of which: Interest expense": 4603,
        "Cost of sales": 13828,
        "Enterprise cost management": 6115,
        "Total Operating Expenses": 27591,
        "Total revenue financing activities": 6649,
        "Net profit from business activities": 7414,
        "Profit": 202,
        "Profit before tax": 7443,
        "Present corporate income tax expenses": 3319,
        "Deferred income taxes expenses": -281,
        "The interests of minority shareholders": "N/A",
        "Total Cost of profits": 3038,
        "Profit after tax corporate income": 4405,
        "Volume": 40051296,
        "Close of Quarter": 4.3,
        "EPS": 1885,
        "Non-adjusted EPS": 1885,
        "PE": 2.3,
        "Book Price": 12.5
      }
    },
    {
      "quarter": "Q4 2011",
      "income status": {
        "Net sales": 406945,
        "Cost of goods sold": 394971,
        "Gross Profit": 11974,
        "Financial expenses": 2089,
        "Of which: Interest expense": 1863,
        "Cost of sales": 16600,
        "Enterprise cost management": 11512,
        "Total Operating Expenses": 30201,
        "Total revenue financing activities": 13265,
        "Net profit from business activities": -4963,
        "Profit": 2465,
        "Profit before tax": 90933,
        "Present corporate income tax expenses": 1440,
        "Deferred income taxes expenses": "N/A",
        "The interests of minority shareholders": "N/A",
        "Total Cost of profits": 1440,
        "Profit after tax corporate income": -3832,
        "Volume": 40551296,
        "Close of Quarter": 3.8,
        "EPS": 1834.6,
        "Non-adjusted EPS": 1812,
        "PE": 2.1,
        "Book Price": 12.5
      }
    },
    {
      "quarter": "Q3 2011",
      "income status": {
        "Net sales": 453646,
        "Cost of goods sold": 380332,
        "Gross Profit": 73314,
        "Financial expenses": 4906,
        "Of which: Interest expense": 4581,
        "Cost of sales": 16818,
        "Enterprise cost management": 6678,
        "Total Operating Expenses": 28402,
        "Total revenue financing activities": 15970,
        "Net profit from business activities": 60883,
        "Profit": 3804,
        "Profit before tax": 93325,
        "Present corporate income tax expenses": 10318,
        "Deferred income taxes expenses": "N/A",
        "The interests of minority shareholders": "N/A",
        "Total Cost of profits": 10318,
        "Profit after tax corporate income": 54252,
        "Volume": 41551296,
        "Close of Quarter": 3.8,
        "EPS": 2701.5,
        "Non-adjusted EPS": 2604,
        "PE": 1.5,
        "Book Price": 13.3
      }
    },
    {
      "quarter": "Q2 2011",
      "income status": {
        "Net sales": 410749,
        "Cost of goods sold": 366427,
        "Gross Profit": 44321,
        "Financial expenses": 12289,
        "Of which: Interest expense": 4712,
        "Cost of sales": 10667,
        "Enterprise cost management": 11626,
        "Total Operating Expenses": 34582,
        "Total revenue financing activities": 14715,
        "Net profit from business activities": 24454,
        "Profit": 400,
        "Profit before tax": 24686,
        "Present corporate income tax expenses": 4026,
        "Deferred income taxes expenses": "N/A",
        "The interests of minority shareholders": "N/A",
        "Total Cost of profits": 4026,
        "Profit after tax corporate income": 20660,
        "Volume": 41551296,
        "Close of Quarter": 4.1,
        "EPS": 1697.3,
        "Non-adjusted EPS": 1636,
        "PE": 2.5,
        "Book Price": 12.1
      }
    },
    {
      "quarter": "Q1 2011",
      "income status": {
        "Net sales": 279806,
        "Cost of goods sold": 264913,
        "Gross Profit": 14893,
        "Financial expenses": 4156,
        "Of which: Interest expense": 4089,
        "Cost of sales": 13125,
        "Enterprise cost management": 6353,
        "Total Operating Expenses": 23634,
        "Total revenue financing activities": 8896,
        "Net profit from business activities": 154,
        "Profit": 2770,
        "Profit before tax": 4069,
        "Present corporate income tax expenses": 1667,
        "Deferred income taxes expenses": "N/A",
        "The interests of minority shareholders": "N/A",
        "Total Cost of profits": 1667,
        "Profit after tax corporate income": 2402,
        "Volume": 41551296,
        "Close of Quarter": 4.6,
        "EPS": 2217.0,
        "Non-adjusted EPS": 2137,
        "PE": 2.2,
        "Book Price": 12.5
      }
    }
  ]
}