{
  "ticker": "NET",
  "data": [
    {
      "quarter": "Q4 2016",
      "income status": {
        "Net sales": 235898,
        "Cost of goods sold": 172917,
        "Gross Profit": 62981,
        "Financial expenses": 2011,
        "Of which: Interest expense": 203,
        "Cost of sales": 35604,
        "Enterprise cost management": 7522,
        "Total Operating Expenses": 45137,
        "Total revenue financing activities": 455,
        "Net profit from business activities": 18299,
        "Profit": 861,
        "Profit before tax": 19160,
        "Present corporate income tax expenses": 3828,
        "Deferred income taxes expenses": "N/A",
        "The interests of minority shareholders": "N/A",
        "Total Cost of profits": 3828,
        "Profit after tax corporate income": 15332,
        "Volume": 22398374,
        "Close of Quarter": 34.7,
        "EPS": 3717,
        "Non-adjusted EPS": 3717,
        "PE": 9.3,
        "Book Price": 12.5
      }
    },
    {
      "quarter": "Q3 2016",
      "income status": {
        "Net sales": 226130,
        "Cost of goods sold": 163712,
        "Gross Profit": 62418,
        "Financial expenses": 17,
        "Of which: Interest expense": "N/A",
        "Cost of sales": 30149,
        "Enterprise cost management": 5279,
        "Total Operating Expenses": 35445,
        "Total revenue financing activities": 351,
        "Net profit from business activities": 27324,
        "Profit": 127,
        "Profit before tax": 27450,
        "Present corporate income tax expenses": 5496,
        "Deferred income taxes expenses": "N/A",
        "The interests of minority shareholders": "N/A",
        "Total Cost of profits": 5496,
        "Profit after tax corporate income": 21955,
        "Volume": 15998892,
        "Close of Quarter": 40,
        "EPS": 4130.0,
        "Non-adjusted EPS": 5782,
        "PE": 6.9,
        "Book Price": 13.4
      }
    },
    {
      "quarter": "Q2 2016",
      "income status": {
        "Net sales": 199687,
        "Cost of goods sold": 139361,
        "Gross Profit": 60326,
        "Financial expenses": 35,
        "Of which: Interest expense": "N/A",
        "Cost of sales": 23361,
        "Enterprise cost management": 5363,
        "Total Operating Expenses": 28759,
        "Total revenue financing activities": 2165,
        "Net profit from business activities": 33732,
        "Profit": 105,
        "Profit before tax": 33837,
        "Present corporate income tax expenses": 6783,
        "Deferred income taxes expenses": "N/A",
        "The interests of minority shareholders": "N/A",
        "Total Cost of profits": 6783,
        "Profit after tax corporate income": 27054,
        "Volume": 15998892,
        "Close of Quarter": 39.4,
        "EPS": 4098.6,
        "Non-adjusted EPS": 5738,
        "PE": 6.9,
        "Book Price": 12.4
      }
    },
    {
      "quarter": "Q1 2016",
      "income status": {
        "Net sales": 177598,
        "Cost of goods sold": 133877,
        "Gross Profit": 43721,
        "Financial expenses": 76,
        "Of which: Interest expense": "N/A",
        "Cost of sales": 16375,
        "Enterprise cost management": 3988,
        "Total Operating Expenses": 20439,
        "Total revenue financing activities": 346,
        "Net profit from business activities": 23627,
        "Profit": 19,
        "Profit before tax": 23646,
        "Present corporate income tax expenses": 4730,
        "Deferred income taxes expenses": "N/A",
        "The interests of minority shareholders": "N/A",
        "Total Cost of profits": 4730,
        "Profit after tax corporate income": 18916,
        "Volume": 15998892,
        "Close of Quarter": 27.8,
        "EPS": 3937.2,
        "Non-adjusted EPS": 5512,
        "PE": 5.1,
        "Book Price": 13.4
      }
    },
    {
      "quarter": "Q4 2015",
      "income status": {
        "Net sales": 189678,
        "Cost of goods sold": 135213,
        "Gross Profit": 54465,
        "Financial expenses": 185,
        "Of which: Interest expense": "N/A",
        "Cost of sales": 23039,
        "Enterprise cost management": 4663,
        "Total Operating Expenses": 27887,
        "Total revenue financing activities": 2727,
        "Net profit from business activities": 29305,
        "Profit": -10,
        "Profit before tax": 29295,
        "Present corporate income tax expenses": 4715,
        "Deferred income taxes expenses": "N/A",
        "The interests of minority shareholders": "N/A",
        "Total Cost of profits": 4715,
        "Profit after tax corporate income": 24580,
        "Volume": 15998892,
        "Close of Quarter": 24.7,
        "EPS": 3853.6,
        "Non-adjusted EPS": 5395,
        "PE": 4.6,
        "Book Price": 12.6
      }
    },
    {
      "quarter": "Q3 2015",
      "income status": {
        "Net sales": 199125,
        "Cost of goods sold": 153458,
        "Gross Profit": 45667,
        "Financial expenses": 174,
        "Of which: Interest expense": "N/A",
        "Cost of sales": 16410,
        "Enterprise cost management": 4653,
        "Total Operating Expenses": 21237,
        "Total revenue financing activities": 665,
        "Net profit from business activities": 25095,
        "Profit": 4,
        "Profit before tax": 25099,
        "Present corporate income tax expenses": 3844,
        "Deferred income taxes expenses": "N/A",
        "The interests of minority shareholders": "N/A",
        "Total Cost of profits": 3844,
        "Profit after tax corporate income": 21256,
        "Volume": 15998892,
        "Close of Quarter": 20.6,
        "EPS": 3427.9,
        "Non-adjusted EPS": 4799,
        "PE": 4.3,
        "Book Price": 11.6
      }
    },
    {
      "quarter": "Q2 2015",
      "income status": {
        "Net sales": 205156,
        "Cost of goods sold": 160834,
        "Gross Profit": 44322,
        "Financial expenses": 93,
        "Of which: Interest expense": "N/A",
        "Cost of sales": 14276,
        "Enterprise cost management": 4904,
        "Total Operating Expenses": 19273,
        "Total revenue financing activities": 2802,
        "Net profit from business activities": 27851,
        "Profit": 57,
        "Profit before tax": 27909,
        "Present corporate income tax expenses": 4479,
        "Deferred income taxes expenses": "N/A",
        "The interests of minority shareholders": "N/A",
        "Total Cost of profits": 4479,
        "Profit after tax corporate income": 23429,
        "Volume": 15998892,
        "Close of Quarter": 18.0,
        "EPS": 2784.3,
        "Non-adjusted EPS": 3898,
        "PE": 4.6,
        "Book Price": 10.7
      }
    },
    {
      "quarter": "Q1 2015",
      "income status": {
        "Net sales": 190316,
        "Cost of goods sold": 140552,
        "Gross Profit": 49764,
        "Financial expenses": 180,
        "Of which: Interest expense": "N/A",
        "Cost of sales": 26024,
        "Enterprise cost management": 3908,
        "Total Operating Expenses": 30112,
        "Total revenue financing activities": 502,
        "Net profit from business activities": 20154,
        "Profit": 57,
        "Profit before tax": 20211,
        "Present corporate income tax expenses": 3155,
        "Deferred income taxes expenses": "N/A",
        "The interests of minority shareholders": "N/A",
        "Total Cost of profits": 3155,
        "Profit after tax corporate income": 17057,
        "Volume": 15998892,
        "Close of Quarter": 16.1,
        "EPS": 2281.4,
        "Non-adjusted EPS": 3194,
        "PE": 5.0,
        "Book Price": 11.1
      }
    },
    {
      "quarter": "Q4 2014",
      "income status": {
        "Net sales": 196353,
        "Cost of goods sold": 147344,
        "Gross Profit": 49010,
        "Financial expenses": 359,
        "Of which: Interest expense": "N/A",
        "Cost of sales": 30817,
        "Enterprise cost management": 4224,
        "Total Operating Expenses": 35400,
        "Total revenue financing activities": 1819,
        "Net profit from business activities": 15429,
        "Profit": 2702,
        "Profit before tax": 18131,
        "Present corporate income tax expenses": 3098,
        "Deferred income taxes expenses": "N/A",
        "The interests of minority shareholders": "N/A",
        "Total Cost of profits": 3098,
        "Profit after tax corporate income": 15033,
        "Volume": 15998892,
        "Close of Quarter": 15.6,
        "EPS": 2052.2,
        "Non-adjusted EPS": 2873,
        "PE": 5.4,
        "Book Price": 10.4
      }
    },
    {
      "quarter": "Q3 2014",
      "income status": {
        "Net sales": 194397,
        "Cost of goods sold": 150059,
        "Gross Profit": 44339,
        "Financial expenses": 106,
        "Of which: Interest expense": 106,
        "Cost of sales": 31610,
        "Enterprise cost management": 5240,
        "Total Operating Expenses": 36956,
        "Total revenue financing activities": 765,
        "Net profit from business activities": 8148,
        "Profit": 90,
        "Profit before tax": 8237,
        "Present corporate income tax expenses": 1388,
        "Deferred income taxes expenses": "N/A",
        "The interests of minority shareholders": "N/A",
        "Total Cost of profits": 1388,
        "Profit after tax corporate income": 6850,
        "Volume": 15998892,
        "Close of Quarter": 16.2,
        "EPS": 1661.4,
        "Non-adjusted EPS": 2326,
        "PE": 7.0,
        "Book Price": 9.8
      }
    },
    {
      "quarter": "Q2 2014",
      "income status": {
        "Net sales": 204822,
        "Cost of goods sold": 160149,
        "Gross Profit": 44672,
        "Financial expenses": 23,
        "Of which: Interest expense": "N/A",
        "Cost of sales": 27552,
        "Enterprise cost management": 4532,
        "Total Operating Expenses": 32107,
        "Total revenue financing activities": 1894,
        "Net profit from business activities": 14459,
        "Profit": 81,
        "Profit before tax": 14540,
        "Present corporate income tax expenses": 2386,
        "Deferred income taxes expenses": "N/A",
        "The interests of minority shareholders": "N/A",
        "Total Cost of profits": 2386,
        "Profit after tax corporate income": 12154,
        "Volume": 7999446,
        "Close of Quarter": 17.0,
        "EPS": 2093.6,
        "Non-adjusted EPS": 5862,
        "PE": 2.9,
        "Book Price": 9.5
      }
    },
    {
      "quarter": "Q1 2014",
      "income status": {
        "Net sales": 208457,
        "Cost of goods sold": 164780,
        "Gross Profit": 43677,
        "Financial expenses": 2,
        "Of which: Interest expense": "N/A",
        "Cost of sales": 26241,
        "Enterprise cost management": 4627,
        "Total Operating Expenses": 30870,
        "Total revenue financing activities": 1468,
        "Net profit from business activities": 14275,
        "Profit": -4,
        "Profit before tax": 14271,
        "Present corporate income tax expenses": 2340,
        "Deferred income taxes expenses": "N/A",
        "The interests of minority shareholders": "N/A",
        "Total Cost of profits": 2340,
        "Profit after tax corporate income": 11931,
        "Volume": 7999446,
        "Close of Quarter": 16.6,
        "EPS": 2396.4,
        "Non-adjusted EPS": 6710,
        "PE": 2.5,
        "Book Price": 9.8
      }
    },
    {
      "quarter": "Q4 2013",
      "income status": {
        "Net sales": 173385,
        "Cost of goods sold": 133117,
        "Gross Profit": 40268,
        "Financial expenses": 495,
        "Of which: Interest expense": "N/A",
        "Cost of sales": 28977,
        "Enterprise cost management": 5653,
        "Total Operating Expenses": 35125,
        "Total revenue financing activities": 2106,
        "Net profit from business activities": 7249,
        "Profit": 27,
        "Profit before tax": 7275,
        "Present corporate income tax expenses": 1002,
        "Deferred income taxes expenses": "N/A",
        "The interests of minority shareholders": "N/A",
        "Total Cost of profits": 1002,
        "Profit after tax corporate income": 6273,
        "Volume": 7999446,
        "Close of Quarter": 16.4,
        "EPS": 2533.6,
        "Non-adjusted EPS": 7094,
        "PE": 2.3,
        "Book Price": 9.4
      }
    },
    {
      "quarter": "Q3 2013",
      "income status": {
        "Net sales": 185962,
        "Cost of goods sold": 138831,
        "Gross Profit": 47131,
        "Financial expenses": 20,
        "Of which: Interest expense": "N/A",
        "Cost of sales": 27056,
        "Enterprise cost management": 3968,
        "Total Operating Expenses": 31044,
        "Total revenue financing activities": 1990,
        "Net profit from business activities": 18077,
        "Profit": 467,
        "Profit before tax": 18544,
        "Present corporate income tax expenses": 2008,
        "Deferred income taxes expenses": "N/A",
        "The interests of minority shareholders": "N/A",
        "Total Cost of profits": 2008,
        "Profit after tax corporate income": 16536,
        "Volume": 7999446,
        "Close of Quarter": 13.3,
        "EPS": 3143.2,
        "Non-adjusted EPS": 8801,
        "PE": 1.5,
        "Book Price": 9.2
      }
    },
    {
      "quarter": "Q2 2013",
      "income status": {
        "Net sales": 185428,
        "Cost of goods sold": 137346,
        "Gross Profit": 48082,
        "Financial expenses": 8,
        "Of which: Interest expense": "N/A",
        "Cost of sales": 25397,
        "Enterprise cost management": 4678,
        "Total Operating Expenses": 30083,
        "Total revenue financing activities": 3051,
        "Net profit from business activities": 21049,
        "Profit": 155,
        "Profit before tax": 21204,
        "Present corporate income tax expenses": 2265,
        "Deferred income taxes expenses": "N/A",
        "The interests of minority shareholders": "N/A",
        "Total Cost of profits": 2265,
        "Profit after tax corporate income": 18938,
        "Volume": 7999446,
        "Close of Quarter": 11.2,
        "EPS": 2840.0,
        "Non-adjusted EPS": 7952,
        "PE": 1.4,
        "Book Price": 8.5
      }
    },
    {
      "quarter": "Q1 2013",
      "income status": {
        "Net sales": 177878,
        "Cost of goods sold": 132373,
        "Gross Profit": 45505,
        "Financial expenses": 21,
        "Of which: Interest expense": "N/A",
        "Cost of sales": 26270,
        "Enterprise cost management": 3697,
        "Total Operating Expenses": 29988,
        "Total revenue financing activities": 1127,
        "Net profit from business activities": 16643,
        "Profit": -8,
        "Profit before tax": 16635,
        "Present corporate income tax expenses": 1631,
        "Deferred income taxes expenses": "N/A",
        "The interests of minority shareholders": "N/A",
        "Total Cost of profits": 1631,
        "Profit after tax corporate income": 15004,
        "Volume": 7999446,
        "Close of Quarter": 11.8,
        "EPS": 2533.6,
        "Non-adjusted EPS": 7094,
        "PE": 1.7,
        "Book Price": 9.1
      }
    },
    {
      "quarter": "Q4 2012",
      "income status": {
        "Net sales": 189675,
        "Cost of goods sold": 139257,
        "Gross Profit": 50418,
        "Financial expenses": 18,
        "Of which: Interest expense": "N/A",
        "Cost of sales": 25623,
        "Enterprise cost management": 4665,
        "Total Operating Expenses": 30306,
        "Total revenue financing activities": 2445,
        "Net profit from business activities": 22556,
        "Profit": 129,
        "Profit before tax": 22685,
        "Present corporate income tax expenses": 2761,
        "Deferred income taxes expenses": "N/A",
        "The interests of minority shareholders": "N/A",
        "Total Cost of profits": 2761,
        "Profit after tax corporate income": 19924,
        "Volume": 7999446,
        "Close of Quarter": 10.2,
        "EPS": 2503.6,
        "Non-adjusted EPS": 7010,
        "PE": 1.5,
        "Book Price": 8.4
      }
    },
    {
      "quarter": "Q3 2012",
      "income status": {
        "Net sales": 177481,
        "Cost of goods sold": 140584,
        "Gross Profit": 36897,
        "Financial expenses": 9,
        "Of which: Interest expense": "N/A",
        "Cost of sales": 22813,
        "Enterprise cost management": 4752,
        "Total Operating Expenses": 27574,
        "Total revenue financing activities": 1486,
        "Net profit from business activities": 10808,
        "Profit": 24,
        "Profit before tax": 10833,
        "Present corporate income tax expenses": 1085,
        "Deferred income taxes expenses": "N/A",
        "The interests of minority shareholders": "N/A",
        "Total Cost of profits": 1085,
        "Profit after tax corporate income": 9748,
        "Volume": 7999446,
        "Close of Quarter": 10.5,
        "EPS": 2866.8,
        "Non-adjusted EPS": 8027,
        "PE": 1.3,
        "Book Price": 7.7
      }
    },
    {
      "quarter": "Q2 2012",
      "income status": {
        "Net sales": 180659,
        "Cost of goods sold": 147423,
        "Gross Profit": 33236,
        "Financial expenses": 17,
        "Of which: Interest expense": "N/A",
        "Cost of sales": 19639,
        "Enterprise cost management": 3533,
        "Total Operating Expenses": 23189,
        "Total revenue financing activities": 3845,
        "Net profit from business activities": 13893,
        "Profit": -64,
        "Profit before tax": 13829,
        "Present corporate income tax expenses": 1758,
        "Deferred income taxes expenses": "N/A",
        "The interests of minority shareholders": "N/A",
        "Total Cost of profits": 1758,
        "Profit after tax corporate income": 12072,
        "Volume": 7999446,
        "Close of Quarter": 9.2,
        "EPS": 2987.2,
        "Non-adjusted EPS": 8364,
        "PE": 1.1,
        "Book Price": 7.3
      }
    },
    {
      "quarter": "Q1 2012",
      "income status": {
        "Net sales": 149680,
        "Cost of goods sold": 115832,
        "Gross Profit": 33847,
        "Financial expenses": 100,
        "Of which: Interest expense": 6,
        "Cost of sales": 17248,
        "Enterprise cost management": 3940,
        "Total Operating Expenses": 21288,
        "Total revenue financing activities": 1932,
        "Net profit from business activities": 14492,
        "Profit": 1769,
        "Profit before tax": 16260,
        "Present corporate income tax expenses": 1925,
        "Deferred income taxes expenses": "N/A",
        "The interests of minority shareholders": "N/A",
        "Total Cost of profits": 1925,
        "Profit after tax corporate income": 14335,
        "Volume": 7999446,
        "Close of Quarter": 8.9,
        "EPS": 3225.4,
        "Non-adjusted EPS": 9031,
        "PE": 1.0,
        "Book Price": 8.5
      }
    },
    {
      "quarter": "Q4 2011",
      "income status": {
        "Net sales": 144032,
        "Cost of goods sold": 98026,
        "Gross Profit": 46006,
        "Financial expenses": 18,
        "Of which: Interest expense": 10,
        "Cost of sales": 16386,
        "Enterprise cost management": 822,
        "Total Operating Expenses": 17226,
        "Total revenue financing activities": 2879,
        "Net profit from business activities": 31659,
        "Profit": -848,
        "Profit before tax": 84280,
        "Present corporate income tax expenses": 2756,
        "Deferred income taxes expenses": "N/A",
        "The interests of minority shareholders": "N/A",
        "Total Cost of profits": 2756,
        "Profit after tax corporate income": 28054,
        "Volume": 7999446,
        "Close of Quarter": 6.6,
        "EPS": 3268.6,
        "Non-adjusted EPS": 9152,
        "PE": 0.7,
        "Book Price": 7.8
      }
    },
    {
      "quarter": "Q3 2011",
      "income status": {
        "Net sales": 118497,
        "Cost of goods sold": 89938,
        "Gross Profit": 28560,
        "Financial expenses": 61,
        "Of which: Interest expense": "N/A",
        "Cost of sales": 14629,
        "Enterprise cost management": 3702,
        "Total Operating Expenses": 18392,
        "Total revenue financing activities": 3784,
        "Net profit from business activities": 13952,
        "Profit": 355,
        "Profit before tax": 14308,
        "Present corporate income tax expenses": 1861,
        "Deferred income taxes expenses": "N/A",
        "The interests of minority shareholders": "N/A",
        "Total Cost of profits": 1861,
        "Profit after tax corporate income": 12447,
        "Volume": 7999446,
        "Close of Quarter": 8.4,
        "EPS": 2810.0,
        "Non-adjusted EPS": 7868,
        "PE": 1.1,
        "Book Price": 6.8
      }
    },
    {
      "quarter": "Q2 2011",
      "income status": {
        "Net sales": 130871,
        "Cost of goods sold": 95643,
        "Gross Profit": 35228,
        "Financial expenses": 217,
        "Of which: Interest expense": 1,
        "Cost of sales": 13397,
        "Enterprise cost management": 4104,
        "Total Operating Expenses": 17718,
        "Total revenue financing activities": 3250,
        "Net profit from business activities": 20760,
        "Profit": 307,
        "Profit before tax": 21067,
        "Present corporate income tax expenses": 3659,
        "Deferred income taxes expenses": "N/A",
        "The interests of minority shareholders": "N/A",
        "Total Cost of profits": 3659,
        "Profit after tax corporate income": 17408,
        "Volume": 4500000,
        "Close of Quarter": 10.3,
        "EPS": 3296.9,
        "Non-adjusted EPS": 16410,
        "PE": 0.6,
        "Book Price": 7.2
      }
    },
    {
      "quarter": "Q1 2011",
      "income status": {
        "Net sales": 108106,
        "Cost of goods sold": 79042,
        "Gross Profit": 29064,
        "Financial expenses": 334,
        "Of which: Interest expense": 4,
        "Cost of sales": 11820,
        "Enterprise cost management": 3511,
        "Total Operating Expenses": 15665,
        "Total revenue financing activities": 4518,
        "Net profit from business activities": 17918,
        "Profit": 176,
        "Profit before tax": 18094,
        "Present corporate income tax expenses": 2792,
        "Deferred income taxes expenses": "N/A",
        "The interests of minority shareholders": "N/A",
        "Total Cost of profits": 2792,
        "Profit after tax corporate income": 15302,
        "Volume": 4500000,
        "Close of Quarter": 10.2,
        "EPS": 3362.8,
        "Non-adjusted EPS": 16738,
        "PE": 0.6,
        "Book Price": 6.4
      }
    }
  ]
}