{
  "ticker": "S99",
  "data": [
    {
      "quarter": "Q4 2016",
      "income status": {
        "Net sales": 118671,
        "Cost of goods sold": 102721,
        "Gross Profit": 15950,
        "Financial expenses": 9821,
        "Of which: Interest expense": 4134,
        "Cost of sales": "N/A",
        "Enterprise cost management": 13831,
        "Total Operating Expenses": 23652,
        "Total revenue financing activities": 5350,
        "Net profit from business activities": -2352,
        "Profit": -171,
        "Profit before tax": -2523,
        "Present corporate income tax expenses": -419,
        "Deferred income taxes expenses": -153,
        "The interests of minority shareholders": -1268,
        "Total Cost of profits": -1840,
        "Profit after tax corporate income": -684,
        "Volume": 38849139,
        "Close of Quarter": 4.9,
        "EPS": 404,
        "Non-adjusted EPS": 404,
        "PE": 12.1,
        "Book Price": 12.9
      }
    },
    {
      "quarter": "Q3 2016",
      "income status": {
        "Net sales": 55367,
        "Cost of goods sold": 50326,
        "Gross Profit": 5041,
        "Financial expenses": 8514,
        "Of which: Interest expense": 6460,
        "Cost of sales": "N/A",
        "Enterprise cost management": 9271,
        "Total Operating Expenses": 17785,
        "Total revenue financing activities": 15083,
        "Net profit from business activities": 2339,
        "Profit": -1759,
        "Profit before tax": 580,
        "Present corporate income tax expenses": 1099,
        "Deferred income taxes expenses": -1726,
        "The interests of minority shareholders": -2045,
        "Total Cost of profits": -2672,
        "Profit after tax corporate income": 3252,
        "Volume": 37000000,
        "Close of Quarter": 4.4,
        "EPS": 799.1,
        "Non-adjusted EPS": 839,
        "PE": 5.2,
        "Book Price": 13.0
      }
    },
    {
      "quarter": "Q2 2016",
      "income status": {
        "Net sales": 76946,
        "Cost of goods sold": 65397,
        "Gross Profit": 11549,
        "Financial expenses": 4760,
        "Of which: Interest expense": 6383,
        "Cost of sales": "N/A",
        "Enterprise cost management": 19148,
        "Total Operating Expenses": 23908,
        "Total revenue financing activities": 24635,
        "Net profit from business activities": 12275,
        "Profit": 330,
        "Profit before tax": 12606,
        "Present corporate income tax expenses": 1429,
        "Deferred income taxes expenses": 94,
        "The interests of minority shareholders": 1298,
        "Total Cost of profits": 2821,
        "Profit after tax corporate income": 9785,
        "Volume": 37000000,
        "Close of Quarter": 5.0,
        "EPS": 755.3,
        "Non-adjusted EPS": 793,
        "PE": 6.2,
        "Book Price": 13.0
      }
    },
    {
      "quarter": "Q1 2016",
      "income status": {
        "Net sales": 35989,
        "Cost of goods sold": 25826,
        "Gross Profit": 10163,
        "Financial expenses": 22386,
        "Of which: Interest expense": 5160,
        "Cost of sales": "N/A",
        "Enterprise cost management": 13004,
        "Total Operating Expenses": 35390,
        "Total revenue financing activities": 29843,
        "Net profit from business activities": 4616,
        "Profit": 34,
        "Profit before tax": 4650,
        "Present corporate income tax expenses": 899,
        "Deferred income taxes expenses": -47,
        "The interests of minority shareholders": 452,
        "Total Cost of profits": 1304,
        "Profit after tax corporate income": 3347,
        "Volume": 37000000,
        "Close of Quarter": 5.9,
        "EPS": 625.7,
        "Non-adjusted EPS": 657,
        "PE": 9.0,
        "Book Price": 12.7
      }
    },
    {
      "quarter": "Q4 2015",
      "income status": {
        "Net sales": 89040,
        "Cost of goods sold": 90449,
        "Gross Profit": -1409,
        "Financial expenses": 9236,
        "Of which: Interest expense": 2788,
        "Cost of sales": 8,
        "Enterprise cost management": 7388,
        "Total Operating Expenses": 16632,
        "Total revenue financing activities": 23317,
        "Net profit from business activities": 5276,
        "Profit": 13929,
        "Profit before tax": 19204,
        "Present corporate income tax expenses": 2041,
        "Deferred income taxes expenses": 2357,
        "The interests of minority shareholders": 130,
        "Total Cost of profits": 4528,
        "Profit after tax corporate income": 14677,
        "Volume": 37000000,
        "Close of Quarter": 5.5,
        "EPS": 661.0,
        "Non-adjusted EPS": 694,
        "PE": 8.0,
        "Book Price": 12.5
      }
    },
    {
      "quarter": "Q3 2015",
      "income status": {
        "Net sales": 9042,
        "Cost of goods sold": 8190,
        "Gross Profit": 852,
        "Financial expenses": 528,
        "Of which: Interest expense": 444,
        "Cost of sales": "N/A",
        "Enterprise cost management": 2721,
        "Total Operating Expenses": 3249,
        "Total revenue financing activities": 4414,
        "Net profit from business activities": 2017,
        "Profit": -61,
        "Profit before tax": 1955,
        "Present corporate income tax expenses": 440,
        "Deferred income taxes expenses": "N/A",
        "The interests of minority shareholders": "N/A",
        "Total Cost of profits": 440,
        "Profit after tax corporate income": 1516,
        "Volume": 37000000,
        "Close of Quarter": 7.2,
        "EPS": 440.0,
        "Non-adjusted EPS": 462,
        "PE": 15.7,
        "Book Price": 10.6
      }
    },
    {
      "quarter": "Q2 2015",
      "income status": {
        "Net sales": 15121,
        "Cost of goods sold": 13245,
        "Gross Profit": 1876,
        "Financial expenses": 17123,
        "Of which: Interest expense": 939,
        "Cost of sales": "N/A",
        "Enterprise cost management": 3323,
        "Total Operating Expenses": 20446,
        "Total revenue financing activities": 23879,
        "Net profit from business activities": 5309,
        "Profit": 799,
        "Profit before tax": 6108,
        "Present corporate income tax expenses": 1351,
        "Deferred income taxes expenses": "N/A",
        "The interests of minority shareholders": "N/A",
        "Total Cost of profits": 1351,
        "Profit after tax corporate income": 4757,
        "Volume": 37000000,
        "Close of Quarter": 9.0,
        "EPS": 588.6,
        "Non-adjusted EPS": 618,
        "PE": 14.5,
        "Book Price": 10.6
      }
    },
    {
      "quarter": "Q1 2015",
      "income status": {
        "Net sales": 11504,
        "Cost of goods sold": 9462,
        "Gross Profit": 2041,
        "Financial expenses": 222,
        "Of which: Interest expense": 222,
        "Cost of sales": "N/A",
        "Enterprise cost management": 2834,
        "Total Operating Expenses": 3056,
        "Total revenue financing activities": 232,
        "Net profit from business activities": -782,
        "Profit": 6847,
        "Profit before tax": 6065,
        "Present corporate income tax expenses": 1334,
        "Deferred income taxes expenses": "N/A",
        "The interests of minority shareholders": "N/A",
        "Total Cost of profits": 1334,
        "Profit after tax corporate income": 4731,
        "Volume": 12496929,
        "Close of Quarter": 11.1,
        "EPS": 660.1,
        "Non-adjusted EPS": 2052,
        "PE": 5.4,
        "Book Price": 4.1
      }
    },
    {
      "quarter": "Q4 2014",
      "income status": {
        "Net sales": 36222,
        "Cost of goods sold": 28268,
        "Gross Profit": 7953,
        "Financial expenses": 231,
        "Of which: Interest expense": 231,
        "Cost of sales": "N/A",
        "Enterprise cost management": 4575,
        "Total Operating Expenses": 4806,
        "Total revenue financing activities": 4837,
        "Net profit from business activities": 7984,
        "Profit": -37,
        "Profit before tax": 7946,
        "Present corporate income tax expenses": 1843,
        "Deferred income taxes expenses": "N/A",
        "The interests of minority shareholders": "N/A",
        "Total Cost of profits": 1843,
        "Profit after tax corporate income": 6104,
        "Volume": 12496929,
        "Close of Quarter": 9.9,
        "EPS": 556.5,
        "Non-adjusted EPS": 1730,
        "PE": 5.7,
        "Book Price": 4.0
      }
    },
    {
      "quarter": "Q3 2014",
      "income status": {
        "Net sales": 23189,
        "Cost of goods sold": 17299,
        "Gross Profit": 5891,
        "Financial expenses": 452,
        "Of which: Interest expense": 220,
        "Cost of sales": "N/A",
        "Enterprise cost management": 3188,
        "Total Operating Expenses": 3640,
        "Total revenue financing activities": 29,
        "Net profit from business activities": 2279,
        "Profit": 7047,
        "Profit before tax": 9326,
        "Present corporate income tax expenses": 2052,
        "Deferred income taxes expenses": "N/A",
        "The interests of minority shareholders": "N/A",
        "Total Cost of profits": 2052,
        "Profit after tax corporate income": 7274,
        "Volume": 12496929,
        "Close of Quarter": 10.0,
        "EPS": 416.6,
        "Non-adjusted EPS": 1295,
        "PE": 7.7,
        "Book Price": 3.9
      }
    },
    {
      "quarter": "Q2 2014",
      "income status": {
        "Net sales": 28845,
        "Cost of goods sold": 17966,
        "Gross Profit": 10879,
        "Financial expenses": 2918,
        "Of which: Interest expense": 420,
        "Cost of sales": "N/A",
        "Enterprise cost management": 3986,
        "Total Operating Expenses": 6904,
        "Total revenue financing activities": 2087,
        "Net profit from business activities": 6062,
        "Profit": 3613,
        "Profit before tax": 9675,
        "Present corporate income tax expenses": 2136,
        "Deferred income taxes expenses": "N/A",
        "The interests of minority shareholders": "N/A",
        "Total Cost of profits": 2136,
        "Profit after tax corporate income": 7539,
        "Volume": 12496929,
        "Close of Quarter": 13.4,
        "EPS": 249.3,
        "Non-adjusted EPS": 775,
        "PE": 17.3,
        "Book Price": 3.7
      }
    },
    {
      "quarter": "Q1 2014",
      "income status": {
        "Net sales": 24013,
        "Cost of goods sold": 17160,
        "Gross Profit": 6853,
        "Financial expenses": 648,
        "Of which: Interest expense": 648,
        "Cost of sales": "N/A",
        "Enterprise cost management": 3330,
        "Total Operating Expenses": 3978,
        "Total revenue financing activities": 1461,
        "Net profit from business activities": 4336,
        "Profit": -3438,
        "Profit before tax": 898,
        "Present corporate income tax expenses": 198,
        "Deferred income taxes expenses": "N/A",
        "The interests of minority shareholders": "N/A",
        "Total Cost of profits": 198,
        "Profit after tax corporate income": 700,
        "Volume": 12496929,
        "Close of Quarter": 9.1,
        "EPS": 62.7,
        "Non-adjusted EPS": 195,
        "PE": 46.8,
        "Book Price": 3.5
      }
    },
    {
      "quarter": "Q4 2013",
      "income status": {
        "Net sales": 41796,
        "Cost of goods sold": 27378,
        "Gross Profit": 14418,
        "Financial expenses": 1755,
        "Of which: Interest expense": 666,
        "Cost of sales": "N/A",
        "Enterprise cost management": 5798,
        "Total Operating Expenses": 7553,
        "Total revenue financing activities": 2132,
        "Net profit from business activities": 8998,
        "Profit": -8062,
        "Profit before tax": 935,
        "Present corporate income tax expenses": 270,
        "Deferred income taxes expenses": "N/A",
        "The interests of minority shareholders": "N/A",
        "Total Cost of profits": 270,
        "Profit after tax corporate income": 665,
        "Volume": 12496929,
        "Close of Quarter": 5.3,
        "EPS": 70.1,
        "Non-adjusted EPS": 218,
        "PE": 24.2,
        "Book Price": 3.5
      }
    },
    {
      "quarter": "Q3 2013",
      "income status": {
        "Net sales": 37075,
        "Cost of goods sold": 31825,
        "Gross Profit": 5250,
        "Financial expenses": 792,
        "Of which: Interest expense": 792,
        "Cost of sales": "N/A",
        "Enterprise cost management": 3873,
        "Total Operating Expenses": 4665,
        "Total revenue financing activities": 435,
        "Net profit from business activities": 1020,
        "Profit": 10,
        "Profit before tax": 1030,
        "Present corporate income tax expenses": 249,
        "Deferred income taxes expenses": "N/A",
        "The interests of minority shareholders": "N/A",
        "Total Cost of profits": 249,
        "Profit after tax corporate income": 781,
        "Volume": 12496929,
        "Close of Quarter": 3.5,
        "EPS": -13.5,
        "Non-adjusted EPS": -42,
        "PE": -83.1,
        "Book Price": 3.5
      }
    },
    {
      "quarter": "Q2 2013",
      "income status": {
        "Net sales": 33927,
        "Cost of goods sold": 27373,
        "Gross Profit": 6555,
        "Financial expenses": 258,
        "Of which: Interest expense": 1135,
        "Cost of sales": "N/A",
        "Enterprise cost management": 9733,
        "Total Operating Expenses": 9991,
        "Total revenue financing activities": -7,
        "Net profit from business activities": -3444,
        "Profit": 3956,
        "Profit before tax": 512,
        "Present corporate income tax expenses": 225,
        "Deferred income taxes expenses": "N/A",
        "The interests of minority shareholders": "N/A",
        "Total Cost of profits": 225,
        "Profit after tax corporate income": 287,
        "Volume": 12496929,
        "Close of Quarter": 3.9,
        "EPS": -8.0,
        "Non-adjusted EPS": -25,
        "PE": -154,
        "Book Price": 3.5
      }
    },
    {
      "quarter": "Q1 2013",
      "income status": {
        "Net sales": 27656,
        "Cost of goods sold": 17197,
        "Gross Profit": 10460,
        "Financial expenses": 3753,
        "Of which: Interest expense": 1138,
        "Cost of sales": "N/A",
        "Enterprise cost management": 3590,
        "Total Operating Expenses": 7343,
        "Total revenue financing activities": 2823,
        "Net profit from business activities": 5939,
        "Profit": -4616,
        "Profit before tax": 1323,
        "Present corporate income tax expenses": 329,
        "Deferred income taxes expenses": "N/A",
        "The interests of minority shareholders": "N/A",
        "Total Cost of profits": 329,
        "Profit after tax corporate income": 995,
        "Volume": 12496929,
        "Close of Quarter": 3.7,
        "EPS": 49.2,
        "Non-adjusted EPS": 153,
        "PE": 24.0,
        "Book Price": 3.5
      }
    },
    {
      "quarter": "Q4 2012",
      "income status": {
        "Net sales": 35154,
        "Cost of goods sold": 26564,
        "Gross Profit": 8590,
        "Financial expenses": 1424,
        "Of which: Interest expense": 1424,
        "Cost of sales": "N/A",
        "Enterprise cost management": 4852,
        "Total Operating Expenses": 6276,
        "Total revenue financing activities": 989,
        "Net profit from business activities": 3303,
        "Profit": -7010,
        "Profit before tax": -3707,
        "Present corporate income tax expenses": -1124,
        "Deferred income taxes expenses": "N/A",
        "The interests of minority shareholders": "N/A",
        "Total Cost of profits": -1124,
        "Profit after tax corporate income": -2583,
        "Volume": 12496929,
        "Close of Quarter": 4.3,
        "EPS": 54.4,
        "Non-adjusted EPS": 169,
        "PE": 25.4,
        "Book Price": 3.5
      }
    },
    {
      "quarter": "Q3 2012",
      "income status": {
        "Net sales": 23248,
        "Cost of goods sold": 16125,
        "Gross Profit": 7123,
        "Financial expenses": 2696,
        "Of which: Interest expense": 1779,
        "Cost of sales": "N/A",
        "Enterprise cost management": 3120,
        "Total Operating Expenses": 5816,
        "Total revenue financing activities": 22,
        "Net profit from business activities": 1329,
        "Profit": "N/A",
        "Profit before tax": 1329,
        "Present corporate income tax expenses": 339,
        "Deferred income taxes expenses": "N/A",
        "The interests of minority shareholders": "N/A",
        "Total Cost of profits": 339,
        "Profit after tax corporate income": 990,
        "Volume": 9998960,
        "Close of Quarter": 3.6,
        "EPS": 114.8,
        "Non-adjusted EPS": 446,
        "PE": 8.0,
        "Book Price": 3.6
      }
    },
    {
      "quarter": "Q2 2012",
      "income status": {
        "Net sales": 40597,
        "Cost of goods sold": 33359,
        "Gross Profit": 7238,
        "Financial expenses": 1036,
        "Of which: Interest expense": 1036,
        "Cost of sales": "N/A",
        "Enterprise cost management": 3688,
        "Total Operating Expenses": 4724,
        "Total revenue financing activities": 1846,
        "Net profit from business activities": 4360,
        "Profit": -1001,
        "Profit before tax": 3359,
        "Present corporate income tax expenses": 853,
        "Deferred income taxes expenses": "N/A",
        "The interests of minority shareholders": "N/A",
        "Total Cost of profits": 853,
        "Profit after tax corporate income": 2506,
        "Volume": 9998960,
        "Close of Quarter": 5.3,
        "EPS": 93.9,
        "Non-adjusted EPS": 365,
        "PE": 14.5,
        "Book Price": 3.6
      }
    },
    {
      "quarter": "Q1 2012",
      "income status": {
        "Net sales": 22117,
        "Cost of goods sold": 16012,
        "Gross Profit": 6105,
        "Financial expenses": 2973,
        "Of which: Interest expense": 2973,
        "Cost of sales": "N/A",
        "Enterprise cost management": 2832,
        "Total Operating Expenses": 5805,
        "Total revenue financing activities": 26,
        "Net profit from business activities": 326,
        "Profit": 1304,
        "Profit before tax": 1630,
        "Present corporate income tax expenses": 430,
        "Deferred income taxes expenses": "N/A",
        "The interests of minority shareholders": "N/A",
        "Total Cost of profits": 430,
        "Profit after tax corporate income": 1201,
        "Volume": 9998960,
        "Close of Quarter": 4.8,
        "EPS": 19.3,
        "Non-adjusted EPS": 75,
        "PE": 64,
        "Book Price": 3.5
      }
    },
    {
      "quarter": "Q4 2011",
      "income status": {
        "Net sales": 30524,
        "Cost of goods sold": 22512,
        "Gross Profit": 8012,
        "Financial expenses": 4777,
        "Of which: Interest expense": 4777,
        "Cost of sales": "N/A",
        "Enterprise cost management": 5581,
        "Total Operating Expenses": 10358,
        "Total revenue financing activities": 153,
        "Net profit from business activities": -2193,
        "Profit": 1890,
        "Profit before tax": -303,
        "Present corporate income tax expenses": -69,
        "Deferred income taxes expenses": "N/A",
        "The interests of minority shareholders": "N/A",
        "Total Cost of profits": -69,
        "Profit after tax corporate income": -234,
        "Volume": 9998960,
        "Close of Quarter": 3.7,
        "EPS": 11.1,
        "Non-adjusted EPS": 43,
        "PE": 84.9,
        "Book Price": 3.5
      }
    },
    {
      "quarter": "Q3 2011",
      "income status": {
        "Net sales": 24494,
        "Cost of goods sold": 19555,
        "Gross Profit": 4939,
        "Financial expenses": 2539,
        "Of which: Interest expense": 1954,
        "Cost of sales": "N/A",
        "Enterprise cost management": 2496,
        "Total Operating Expenses": 5035,
        "Total revenue financing activities": 376,
        "Net profit from business activities": 280,
        "Profit": -2,
        "Profit before tax": 279,
        "Present corporate income tax expenses": 98,
        "Deferred income taxes expenses": "N/A",
        "The interests of minority shareholders": "N/A",
        "Total Cost of profits": 98,
        "Profit after tax corporate income": 180,
        "Volume": 9998960,
        "Close of Quarter": 5.9,
        "EPS": 153.9,
        "Non-adjusted EPS": 598,
        "PE": 9.9,
        "Book Price": 3.5
      }
    },
    {
      "quarter": "Q2 2011",
      "income status": {
        "Net sales": 35858,
        "Cost of goods sold": 26494,
        "Gross Profit": 9363,
        "Financial expenses": 8661,
        "Of which: Interest expense": 1944,
        "Cost of sales": "N/A",
        "Enterprise cost management": 3319,
        "Total Operating Expenses": 11980,
        "Total revenue financing activities": 16,
        "Net profit from business activities": -2601,
        "Profit": 2408,
        "Profit before tax": -192,
        "Present corporate income tax expenses": 208,
        "Deferred income taxes expenses": "N/A",
        "The interests of minority shareholders": "N/A",
        "Total Cost of profits": 208,
        "Profit after tax corporate income": -400,
        "Volume": 9998960,
        "Close of Quarter": 6.4,
        "EPS": 213.4,
        "Non-adjusted EPS": 829,
        "PE": 7.7,
        "Book Price": 3.5
      }
    },
    {
      "quarter": "Q1 2011",
      "income status": {
        "Net sales": 17110,
        "Cost of goods sold": 12464,
        "Gross Profit": 4646,
        "Financial expenses": 1893,
        "Of which: Interest expense": 1893,
        "Cost of sales": "N/A",
        "Enterprise cost management": 2481,
        "Total Operating Expenses": 4374,
        "Total revenue financing activities": 17,
        "Net profit from business activities": 288,
        "Profit": 595,
        "Profit before tax": 883,
        "Present corporate income tax expenses": "N/A",
        "Deferred income taxes expenses": "N/A",
        "The interests of minority shareholders": "N/A",
        "Total Cost of profits": 0,
        "Profit after tax corporate income": 883,
        "Volume": 9998960,
        "Close of Quarter": 10.0,
        "EPS": 279.3,
        "Non-adjusted EPS": 1085,
        "PE": 9.2,
        "Book Price": 3.5
      }
    }
  ]
}