{
  "ticker": "BCI",
  "data": [
    {
      "quarter": "Q4 2016",
      "income status": {
        "Net sales": 941061,
        "Cost of goods sold": 868866,
        "Gross Profit": 72194,
        "Financial expenses": 2915,
        "Of which: Interest expense": 2701,
        "Cost of sales": "N/A",
        "Enterprise cost management": 19055,
        "Total Operating Expenses": 21970,
        "Total revenue financing activities": 1170,
        "Net profit from business activities": 55506,
        "Profit": -10437,
        "Profit before tax": 45069,
        "Present corporate income tax expenses": 4123,
        "Deferred income taxes expenses": 261,
        "The interests of minority shareholders": "N/A",
        "Total Cost of profits": 4384,
        "Profit after tax corporate income": 40685,
        "Volume": 86720144,
        "Close of Quarter": 22.8,
        "EPS": 362,
        "Non-adjusted EPS": 362,
        "PE": 63.0,
        "Book Price": 22.8
      }
    },
    {
      "quarter": "Q3 2016",
      "income status": {
        "Net sales": 23054,
        "Cost of goods sold": 33508,
        "Gross Profit": -10454,
        "Financial expenses": 2710,
        "Of which: Interest expense": 2700,
        "Cost of sales": 6419,
        "Enterprise cost management": 13230,
        "Total Operating Expenses": 22359,
        "Total revenue financing activities": 374,
        "Net profit from business activities": -33577,
        "Profit": 215,
        "Profit before tax": -33362,
        "Present corporate income tax expenses": 285,
        "Deferred income taxes expenses": -54,
        "The interests of minority shareholders": "N/A",
        "Total Cost of profits": 231,
        "Profit after tax corporate income": -33594,
        "Volume": 86720144,
        "Close of Quarter": 21.8,
        "EPS": 1042,
        "Non-adjusted EPS": 1042,
        "PE": 20.9,
        "Book Price": 23
      }
    },
    {
      "quarter": "Q2 2016",
      "income status": {
        "Net sales": 57023,
        "Cost of goods sold": 27890,
        "Gross Profit": 29133,
        "Financial expenses": 2820,
        "Of which: Interest expense": 3205,
        "Cost of sales": 272,
        "Enterprise cost management": 10116,
        "Total Operating Expenses": 13208,
        "Total revenue financing activities": 305,
        "Net profit from business activities": 17528,
        "Profit": 17,
        "Profit before tax": 17544,
        "Present corporate income tax expenses": 2563,
        "Deferred income taxes expenses": -25,
        "The interests of minority shareholders": "N/A",
        "Total Cost of profits": 2538,
        "Profit after tax corporate income": 15007,
        "Volume": 86720144,
        "Close of Quarter": 23.1,
        "EPS": 3356,
        "Non-adjusted EPS": 3356,
        "PE": 6.9,
        "Book Price": 23.4
      }
    },
    {
      "quarter": "Q1 2016",
      "income status": {
        "Net sales": 43360,
        "Cost of goods sold": 20966,
        "Gross Profit": 22394,
        "Financial expenses": 4069,
        "Of which: Interest expense": 3194,
        "Cost of sales": 161,
        "Enterprise cost management": 11183,
        "Total Operating Expenses": 15413,
        "Total revenue financing activities": 371,
        "Net profit from business activities": 14442,
        "Profit": -3342,
        "Profit before tax": 11100,
        "Present corporate income tax expenses": 2155,
        "Deferred income taxes expenses": -321,
        "The interests of minority shareholders": "N/A",
        "Total Cost of profits": 1834,
        "Profit after tax corporate income": 9266,
        "Volume": 86720144,
        "Close of Quarter": 23.2,
        "EPS": 3372,
        "Non-adjusted EPS": 3372,
        "PE": 6.9,
        "Book Price": 23.2
      }
    },
    {
      "quarter": "Q4 2015",
      "income status": {
        "Net sales": 345555,
        "Cost of goods sold": 139155,
        "Gross Profit": 206400,
        "Financial expenses": 2736,
        "Of which: Interest expense": 2621,
        "Cost of sales": 3816,
        "Enterprise cost management": 74108,
        "Total Operating Expenses": 80660,
        "Total revenue financing activities": 2305,
        "Net profit from business activities": 134122,
        "Profit": -7526,
        "Profit before tax": 126597,
        "Present corporate income tax expenses": 26921,
        "Deferred income taxes expenses": 9,
        "The interests of minority shareholders": "N/A",
        "Total Cost of profits": 26930,
        "Profit after tax corporate income": 99666,
        "Volume": 86720144,
        "Close of Quarter": 23.4,
        "EPS": 3378,
        "Non-adjusted EPS": 3378,
        "PE": 6.9,
        "Book Price": 23.4
      }
    },
    {
      "quarter": "Q3 2015",
      "income status": {
        "Net sales": 66240,
        "Cost of goods sold": -80948,
        "Gross Profit": 147188,
        "Financial expenses": 2775,
        "Of which: Interest expense": 2646,
        "Cost of sales": 242,
        "Enterprise cost management": 36971,
        "Total Operating Expenses": 39988,
        "Total revenue financing activities": 2795,
        "Net profit from business activities": 115469,
        "Profit": 96760,
        "Profit before tax": 212230,
        "Present corporate income tax expenses": 44850,
        "Deferred income taxes expenses": 243,
        "The interests of minority shareholders": "N/A",
        "Total Cost of profits": 45093,
        "Profit after tax corporate income": 167136,
        "Volume": 86720144,
        "Close of Quarter": 20.1,
        "EPS": 2708,
        "Non-adjusted EPS": 2708,
        "PE": 7.4,
        "Book Price": 23.2
      }
    },
    {
      "quarter": "Q2 2015",
      "income status": {
        "Net sales": 28592,
        "Cost of goods sold": 12150,
        "Gross Profit": 16441,
        "Financial expenses": 2968,
        "Of which: Interest expense": 2948,
        "Cost of sales": 201,
        "Enterprise cost management": 5870,
        "Total Operating Expenses": 9039,
        "Total revenue financing activities": 1365,
        "Net profit from business activities": 16285,
        "Profit": 154,
        "Profit before tax": 16439,
        "Present corporate income tax expenses": 64,
        "Deferred income taxes expenses": 33,
        "The interests of minority shareholders": "N/A",
        "Total Cost of profits": 97,
        "Profit after tax corporate income": 16341,
        "Volume": 72267000,
        "Close of Quarter": 15.7,
        "EPS": 947.5,
        "Non-adjusted EPS": 1137,
        "PE": 13.8,
        "Book Price": 21.5
      }
    },
    {
      "quarter": "Q1 2015",
      "income status": {
        "Net sales": 22494,
        "Cost of goods sold": 9707,
        "Gross Profit": 12787,
        "Financial expenses": 3121,
        "Of which: Interest expense": 3085,
        "Cost of sales": 343,
        "Enterprise cost management": 9870,
        "Total Operating Expenses": 13334,
        "Total revenue financing activities": 1033,
        "Net profit from business activities": 9592,
        "Profit": 184,
        "Profit before tax": 9776,
        "Present corporate income tax expenses": "N/A",
        "Deferred income taxes expenses": 15,
        "The interests of minority shareholders": "N/A",
        "Total Cost of profits": 15,
        "Profit after tax corporate income": 9760,
        "Volume": 72267000,
        "Close of Quarter": 17.0,
        "EPS": 990,
        "Non-adjusted EPS": 1188,
        "PE": 14.3,
        "Book Price": 20.5
      }
    },
    {
      "quarter": "Q4 2014",
      "income status": {
        "Net sales": 47351,
        "Cost of goods sold": -9237,
        "Gross Profit": 56588,
        "Financial expenses": 2073,
        "Of which: Interest expense": 1322,
        "Cost of sales": 721,
        "Enterprise cost management": 23125,
        "Total Operating Expenses": 25919,
        "Total revenue financing activities": 962,
        "Net profit from business activities": 41187,
        "Profit": 521,
        "Profit before tax": 41708,
        "Present corporate income tax expenses": 128,
        "Deferred income taxes expenses": 19,
        "The interests of minority shareholders": "N/A",
        "Total Cost of profits": 147,
        "Profit after tax corporate income": 41562,
        "Volume": 72267000,
        "Close of Quarter": 17.1,
        "EPS": 1122.5,
        "Non-adjusted EPS": 1347,
        "PE": 12.7,
        "Book Price": 20.4
      }
    },
    {
      "quarter": "Q3 2014",
      "income status": {
        "Net sales": 29662,
        "Cost of goods sold": 15438,
        "Gross Profit": 14223,
        "Financial expenses": 1121,
        "Of which: Interest expense": 1477,
        "Cost of sales": 78,
        "Enterprise cost management": 7206,
        "Total Operating Expenses": 8405,
        "Total revenue financing activities": 919,
        "Net profit from business activities": 14007,
        "Profit": 494,
        "Profit before tax": 14501,
        "Present corporate income tax expenses": "N/A",
        "Deferred income taxes expenses": "N/A",
        "The interests of minority shareholders": "N/A",
        "Total Cost of profits": 0,
        "Profit after tax corporate income": 14501,
        "Volume": 72267000,
        "Close of Quarter": 14.9,
        "EPS": 1427.5,
        "Non-adjusted EPS": 1713,
        "PE": 8.7,
        "Book Price": 20
      }
    },
    {
      "quarter": "Q2 2014",
      "income status": {
        "Net sales": 89787,
        "Cost of goods sold": 66881,
        "Gross Profit": 22906,
        "Financial expenses": 2984,
        "Of which: Interest expense": 1939,
        "Cost of sales": 3318,
        "Enterprise cost management": 7065,
        "Total Operating Expenses": 13367,
        "Total revenue financing activities": 1741,
        "Net profit from business activities": 19758,
        "Profit": 351,
        "Profit before tax": 20109,
        "Present corporate income tax expenses": "N/A",
        "Deferred income taxes expenses": -160,
        "The interests of minority shareholders": 227,
        "Total Cost of profits": 67,
        "Profit after tax corporate income": 20042,
        "Volume": 72267000,
        "Close of Quarter": 15.2,
        "EPS": 1419.2,
        "Non-adjusted EPS": 1703,
        "PE": 8.9,
        "Book Price": 20.8
      }
    },
    {
      "quarter": "Q1 2014",
      "income status": {
        "Net sales": 73962,
        "Cost of goods sold": 52473,
        "Gross Profit": 21489,
        "Financial expenses": 2298,
        "Of which: Interest expense": 2392,
        "Cost of sales": 758,
        "Enterprise cost management": 11352,
        "Total Operating Expenses": 14408,
        "Total revenue financing activities": 2947,
        "Net profit from business activities": 20549,
        "Profit": 509,
        "Profit before tax": 21058,
        "Present corporate income tax expenses": "N/A",
        "Deferred income taxes expenses": "N/A",
        "The interests of minority shareholders": -165,
        "Total Cost of profits": -165,
        "Profit after tax corporate income": 21223,
        "Volume": 72267000,
        "Close of Quarter": 20.1,
        "EPS": 1228.3,
        "Non-adjusted EPS": 1474,
        "PE": 13.6,
        "Book Price": 21.4
      }
    },
    {
      "quarter": "Q4 2013",
      "income status": {
        "Net sales": 245962,
        "Cost of goods sold": 168311,
        "Gross Profit": 77651,
        "Financial expenses": 5326,
        "Of which: Interest expense": 5350,
        "Cost of sales": 2366,
        "Enterprise cost management": 17204,
        "Total Operating Expenses": 24896,
        "Total revenue financing activities": 3748,
        "Net profit from business activities": 56502,
        "Profit": 623,
        "Profit before tax": 69210,
        "Present corporate income tax expenses": 1311,
        "Deferred income taxes expenses": 149,
        "The interests of minority shareholders": -270,
        "Total Cost of profits": 1190,
        "Profit after tax corporate income": 68020,
        "Volume": 72267000,
        "Close of Quarter": 14.3,
        "EPS": 1107.5,
        "Non-adjusted EPS": 1329,
        "PE": 10.8,
        "Book Price": 20.3
      }
    },
    {
      "quarter": "Q3 2013",
      "income status": {
        "Net sales": 41217,
        "Cost of goods sold": 24396,
        "Gross Profit": 16822,
        "Financial expenses": 5004,
        "Of which: Interest expense": 5258,
        "Cost of sales": 2183,
        "Enterprise cost management": 9142,
        "Total Operating Expenses": 16329,
        "Total revenue financing activities": 3991,
        "Net profit from business activities": 4484,
        "Profit": 425,
        "Profit before tax": 13564,
        "Present corporate income tax expenses": "N/A",
        "Deferred income taxes expenses": -32,
        "The interests of minority shareholders": -207,
        "Total Cost of profits": -239,
        "Profit after tax corporate income": 13803,
        "Volume": 72267000,
        "Close of Quarter": 9.5,
        "EPS": 495,
        "Non-adjusted EPS": 594,
        "PE": 16.0,
        "Book Price": 19.4
      }
    },
    {
      "quarter": "Q2 2013",
      "income status": {
        "Net sales": 29545,
        "Cost of goods sold": 12534,
        "Gross Profit": 17011,
        "Financial expenses": 11056,
        "Of which: Interest expense": 9747,
        "Cost of sales": 6437,
        "Enterprise cost management": 10753,
        "Total Operating Expenses": 28246,
        "Total revenue financing activities": 5730,
        "Net profit from business activities": -5505,
        "Profit": 331,
        "Profit before tax": 3178,
        "Present corporate income tax expenses": "N/A",
        "Deferred income taxes expenses": -142,
        "The interests of minority shareholders": -181,
        "Total Cost of profits": -323,
        "Profit after tax corporate income": 3500,
        "Volume": 72267000,
        "Close of Quarter": 10.6,
        "EPS": 385,
        "Non-adjusted EPS": 462,
        "PE": 23.0,
        "Book Price": 19.3
      }
    },
    {
      "quarter": "Q1 2013",
      "income status": {
        "Net sales": 33021,
        "Cost of goods sold": 18841,
        "Gross Profit": 14180,
        "Financial expenses": 12253,
        "Of which: Interest expense": 12254,
        "Cost of sales": 929,
        "Enterprise cost management": 5260,
        "Total Operating Expenses": 18442,
        "Total revenue financing activities": 5432,
        "Net profit from business activities": 1171,
        "Profit": 227,
        "Profit before tax": 10570,
        "Present corporate income tax expenses": "N/A",
        "Deferred income taxes expenses": "N/A",
        "The interests of minority shareholders": -184,
        "Total Cost of profits": -184,
        "Profit after tax corporate income": 10754,
        "Volume": 72267000,
        "Close of Quarter": 11.0,
        "EPS": 1841.7,
        "Non-adjusted EPS": 2210,
        "PE": 5.0,
        "Book Price": 20.8
      }
    },
    {
      "quarter": "Q4 2012",
      "income status": {
        "Net sales": 76715,
        "Cost of goods sold": 53116,
        "Gross Profit": 23599,
        "Financial expenses": 18939,
        "Of which: Interest expense": 18393,
        "Cost of sales": 252,
        "Enterprise cost management": 19232,
        "Total Operating Expenses": 38423,
        "Total revenue financing activities": 11102,
        "Net profit from business activities": -3721,
        "Profit": 208,
        "Profit before tax": 11423,
        "Present corporate income tax expenses": -3574,
        "Deferred income taxes expenses": 406,
        "The interests of minority shareholders": -252,
        "Total Cost of profits": -3420,
        "Profit after tax corporate income": 14842,
        "Volume": 72267000,
        "Close of Quarter": 10.8,
        "EPS": 1986.7,
        "Non-adjusted EPS": 2384,
        "PE": 4.5,
        "Book Price": 20.8
      }
    },
    {
      "quarter": "Q3 2012",
      "income status": {
        "Net sales": 23041,
        "Cost of goods sold": 12693,
        "Gross Profit": 10349,
        "Financial expenses": 14747,
        "Of which: Interest expense": 14674,
        "Cost of sales": 323,
        "Enterprise cost management": 9587,
        "Total Operating Expenses": 24657,
        "Total revenue financing activities": 8274,
        "Net profit from business activities": -6035,
        "Profit": 235,
        "Profit before tax": 1906,
        "Present corporate income tax expenses": "N/A",
        "Deferred income taxes expenses": -2183,
        "The interests of minority shareholders": -200,
        "Total Cost of profits": -2383,
        "Profit after tax corporate income": 4289,
        "Volume": 72267000,
        "Close of Quarter": 12.1,
        "EPS": 2183.3,
        "Non-adjusted EPS": 2620,
        "PE": 4.6,
        "Book Price": 20.6
      }
    },
    {
      "quarter": "Q2 2012",
      "income status": {
        "Net sales": 76478,
        "Cost of goods sold": 227491,
        "Gross Profit": -151013,
        "Financial expenses": 29532,
        "Of which: Interest expense": 22530,
        "Cost of sales": 1349,
        "Enterprise cost management": 11480,
        "Total Operating Expenses": 42361,
        "Total revenue financing activities": 408390,
        "Net profit from business activities": 215016,
        "Profit": -4230,
        "Profit before tax": 218527,
        "Present corporate income tax expenses": 86754,
        "Deferred income taxes expenses": 2183,
        "The interests of minority shareholders": -264,
        "Total Cost of profits": 88673,
        "Profit after tax corporate income": 129854,
        "Volume": 72267000,
        "Close of Quarter": 15.3,
        "EPS": 2337.5,
        "Non-adjusted EPS": 2805,
        "PE": 5.5,
        "Book Price": 20.5
      }
    },
    {
      "quarter": "Q1 2012",
      "income status": {
        "Net sales": 23256,
        "Cost of goods sold": 12048,
        "Gross Profit": 11208,
        "Financial expenses": 21290,
        "Of which: Interest expense": 21290,
        "Cost of sales": 174,
        "Enterprise cost management": 13561,
        "Total Operating Expenses": 35025,
        "Total revenue financing activities": 40426,
        "Net profit from business activities": 16610,
        "Profit": 71,
        "Profit before tax": 27523,
        "Present corporate income tax expenses": 4524,
        "Deferred income taxes expenses": "N/A",
        "The interests of minority shareholders": -332,
        "Total Cost of profits": 4192,
        "Profit after tax corporate income": 23332,
        "Volume": 72267000,
        "Close of Quarter": 12.2,
        "EPS": 1022.5,
        "Non-adjusted EPS": 1227,
        "PE": 9.9,
        "Book Price": 20.3
      }
    },
    {
      "quarter": "Q4 2011",
      "income status": {
        "Net sales": 65977,
        "Cost of goods sold": 36404,
        "Gross Profit": 29574,
        "Financial expenses": 8282,
        "Of which: Interest expense": 287,
        "Cost of sales": 991,
        "Enterprise cost management": 8713,
        "Total Operating Expenses": 17986,
        "Total revenue financing activities": 11849,
        "Net profit from business activities": 23436,
        "Profit": 488,
        "Profit before tax": 37525,
        "Present corporate income tax expenses": 6175,
        "Deferred income taxes expenses": "N/A",
        "The interests of minority shareholders": -492,
        "Total Cost of profits": 5683,
        "Profit after tax corporate income": 31842,
        "Volume": 72267000,
        "Close of Quarter": 9.7,
        "EPS": 984.2,
        "Non-adjusted EPS": 1181,
        "PE": 8.3,
        "Book Price": 20.1
      }
    },
    {
      "quarter": "Q3 2011",
      "income status": {
        "Net sales": 42436,
        "Cost of goods sold": 17749,
        "Gross Profit": 24687,
        "Financial expenses": 3366,
        "Of which: Interest expense": 2781,
        "Cost of sales": 199,
        "Enterprise cost management": 8647,
        "Total Operating Expenses": 12212,
        "Total revenue financing activities": 2768,
        "Net profit from business activities": 15244,
        "Profit": 349,
        "Profit before tax": 21803,
        "Present corporate income tax expenses": 4332,
        "Deferred income taxes expenses": "N/A",
        "The interests of minority shareholders": -237,
        "Total Cost of profits": 4095,
        "Profit after tax corporate income": 17709,
        "Volume": 72267000,
        "Close of Quarter": 10.3,
        "EPS": 1898.3,
        "Non-adjusted EPS": 2278,
        "PE": 4.5,
        "Book Price": 19.7
      }
    },
    {
      "quarter": "Q2 2011",
      "income status": {
        "Net sales": 54047,
        "Cost of goods sold": 26678,
        "Gross Profit": 27369,
        "Financial expenses": 2642,
        "Of which: Interest expense": 2507,
        "Cost of sales": 1820,
        "Enterprise cost management": 12245,
        "Total Operating Expenses": 16707,
        "Total revenue financing activities": 3462,
        "Net profit from business activities": 14123,
        "Profit": -329,
        "Profit before tax": 19489,
        "Present corporate income tax expenses": 3964,
        "Deferred income taxes expenses": "N/A",
        "The interests of minority shareholders": -231,
        "Total Cost of profits": 3733,
        "Profit after tax corporate income": 15756,
        "Volume": 72267000,
        "Close of Quarter": 9.8,
        "EPS": 2472.5,
        "Non-adjusted EPS": 2967,
        "PE": 3.3,
        "Book Price": 19.5
      }
    },
    {
      "quarter": "Q1 2011",
      "income status": {
        "Net sales": 54413,
        "Cost of goods sold": 17971,
        "Gross Profit": 36442,
        "Financial expenses": 8990,
        "Of which: Interest expense": 1602,
        "Cost of sales": 501,
        "Enterprise cost management": 13837,
        "Total Operating Expenses": 23328,
        "Total revenue financing activities": 3839,
        "Net profit from business activities": 16952,
        "Profit": -1603,
        "Profit before tax": 24168,
        "Present corporate income tax expenses": 4323,
        "Deferred income taxes expenses": "N/A",
        "The interests of minority shareholders": -199,
        "Total Cost of profits": 4124,
        "Profit after tax corporate income": 20045,
        "Volume": 72267000,
        "Close of Quarter": 15.9,
        "EPS": 3220.0,
        "Non-adjusted EPS": 3864,
        "PE": 4.1,
        "Book Price": 20.2
      }
    }
  ]
}