{
  "ticker": "SDH",
  "data": [
    {
      "quarter": "Q4 2016",
      "income status": {
        "Net sales": 1359,
        "Cost of goods sold": 1358,
        "Gross Profit": 1,
        "Financial expenses": 1514,
        "Of which: Interest expense": 1514,
        "Cost of sales": "N/A",
        "Enterprise cost management": 1373,
        "Total Operating Expenses": 2887,
        "Total revenue financing activities": 150,
        "Net profit from business activities": -2736,
        "Profit": -687,
        "Profit before tax": -3423,
        "Present corporate income tax expenses": -33,
        "Deferred income taxes expenses": "N/A",
        "The interests of minority shareholders": -901,
        "Total Cost of profits": -934,
        "Profit after tax corporate income": -2490,
        "Volume": 19516700,
        "Close of Quarter": 1.8,
        "EPS": -1084,
        "Non-adjusted EPS": -1084,
        "PE": -1.7,
        "Book Price": 8.5
      }
    },
    {
      "quarter": "Q3 2016",
      "income status": {
        "Net sales": 545,
        "Cost of goods sold": 238,
        "Gross Profit": 307,
        "Financial expenses": 1511,
        "Of which: Interest expense": 1511,
        "Cost of sales": "N/A",
        "Enterprise cost management": 1722,
        "Total Operating Expenses": 3233,
        "Total revenue financing activities": "N/A",
        "Net profit from business activities": -2926,
        "Profit": "N/A",
        "Profit before tax": -2926,
        "Present corporate income tax expenses": 18,
        "Deferred income taxes expenses": "N/A",
        "The interests of minority shareholders": 33,
        "Total Cost of profits": 51,
        "Profit after tax corporate income": -2977,
        "Volume": 19516700,
        "Close of Quarter": 2.7,
        "EPS": -2072,
        "Non-adjusted EPS": -2072,
        "PE": -1.3,
        "Book Price": 8.7
      }
    },
    {
      "quarter": "Q2 2016",
      "income status": {
        "Net sales": 1357,
        "Cost of goods sold": 1395,
        "Gross Profit": -38,
        "Financial expenses": 1411,
        "Of which: Interest expense": 1411,
        "Cost of sales": "N/A",
        "Enterprise cost management": 11475,
        "Total Operating Expenses": 12886,
        "Total revenue financing activities": "N/A",
        "Net profit from business activities": -12924,
        "Profit": -261,
        "Profit before tax": -13185,
        "Present corporate income tax expenses": 15,
        "Deferred income taxes expenses": "N/A",
        "The interests of minority shareholders": 32,
        "Total Cost of profits": 47,
        "Profit after tax corporate income": -13232,
        "Volume": 19516700,
        "Close of Quarter": 2.2,
        "EPS": -2073,
        "Non-adjusted EPS": -2073,
        "PE": -1.1,
        "Book Price": 8.8
      }
    },
    {
      "quarter": "Q1 2016",
      "income status": {
        "Net sales": 4040,
        "Cost of goods sold": 3922,
        "Gross Profit": 117,
        "Financial expenses": 1788,
        "Of which: Interest expense": 1788,
        "Cost of sales": "N/A",
        "Enterprise cost management": 1311,
        "Total Operating Expenses": 3099,
        "Total revenue financing activities": 511,
        "Net profit from business activities": -2470,
        "Profit": 2,
        "Profit before tax": -2468,
        "Present corporate income tax expenses": "N/A",
        "Deferred income taxes expenses": "N/A",
        "The interests of minority shareholders": -5,
        "Total Cost of profits": -5,
        "Profit after tax corporate income": -2463,
        "Volume": 19516700,
        "Close of Quarter": 2.6,
        "EPS": -1409,
        "Non-adjusted EPS": -1409,
        "PE": -1.9,
        "Book Price": 9.5
      }
    },
    {
      "quarter": "Q4 2015",
      "income status": {
        "Net sales": 906,
        "Cost of goods sold": 693,
        "Gross Profit": 213,
        "Financial expenses": 6075,
        "Of which: Interest expense": 6075,
        "Cost of sales": 47,
        "Enterprise cost management": 17488,
        "Total Operating Expenses": 23610,
        "Total revenue financing activities": 799,
        "Net profit from business activities": -22597,
        "Profit": -317,
        "Profit before tax": -22914,
        "Present corporate income tax expenses": -879,
        "Deferred income taxes expenses": "N/A",
        "The interests of minority shareholders": -274,
        "Total Cost of profits": -1153,
        "Profit after tax corporate income": -21761,
        "Volume": 19516700,
        "Close of Quarter": 2.9,
        "EPS": -1134,
        "Non-adjusted EPS": -1134,
        "PE": -2.6,
        "Book Price": 9.7
      }
    },
    {
      "quarter": "Q3 2015",
      "income status": {
        "Net sales": 3652,
        "Cost of goods sold": 3492,
        "Gross Profit": 159,
        "Financial expenses": 2140,
        "Of which: Interest expense": 2140,
        "Cost of sales": "N/A",
        "Enterprise cost management": 1550,
        "Total Operating Expenses": 3690,
        "Total revenue financing activities": 364,
        "Net profit from business activities": -3167,
        "Profit": -13,
        "Profit before tax": -3180,
        "Present corporate income tax expenses": "N/A",
        "Deferred income taxes expenses": "N/A",
        "The interests of minority shareholders": -183,
        "Total Cost of profits": -183,
        "Profit after tax corporate income": -2997,
        "Volume": 19516700,
        "Close of Quarter": 2.5,
        "EPS": -43,
        "Non-adjusted EPS": -43,
        "PE": -58.1,
        "Book Price": 10.8
      }
    },
    {
      "quarter": "Q2 2015",
      "income status": {
        "Net sales": 12936,
        "Cost of goods sold": 14953,
        "Gross Profit": -2016,
        "Financial expenses": -279,
        "Of which: Interest expense": -279,
        "Cost of sales": 58,
        "Enterprise cost management": 2290,
        "Total Operating Expenses": 2069,
        "Total revenue financing activities": 3867,
        "Net profit from business activities": -218,
        "Profit": "N/A",
        "Profit before tax": -218,
        "Present corporate income tax expenses": 32,
        "Deferred income taxes expenses": "N/A",
        "The interests of minority shareholders": 24,
        "Total Cost of profits": 56,
        "Profit after tax corporate income": -273,
        "Volume": 19516700,
        "Close of Quarter": 2.9,
        "EPS": 80,
        "Non-adjusted EPS": 80,
        "PE": 36.3,
        "Book Price": 11
      }
    },
    {
      "quarter": "Q1 2015",
      "income status": {
        "Net sales": 11328,
        "Cost of goods sold": 10323,
        "Gross Profit": 1005,
        "Financial expenses": 2063,
        "Of which: Interest expense": 2063,
        "Cost of sales": 114,
        "Enterprise cost management": 1786,
        "Total Operating Expenses": 3963,
        "Total revenue financing activities": 2990,
        "Net profit from business activities": 33,
        "Profit": 7609,
        "Profit before tax": 7642,
        "Present corporate income tax expenses": 2088,
        "Deferred income taxes expenses": "N/A",
        "The interests of minority shareholders": 2662,
        "Total Cost of profits": 4750,
        "Profit after tax corporate income": 2893,
        "Volume": 19516700,
        "Close of Quarter": 4,
        "EPS": 2,
        "Non-adjusted EPS": 2,
        "PE": 2000,
        "Book Price": 11
      }
    },
    {
      "quarter": "Q4 2014",
      "income status": {
        "Net sales": 38945,
        "Cost of goods sold": 38743,
        "Gross Profit": 203,
        "Financial expenses": 2205,
        "Of which: Interest expense": 2205,
        "Cost of sales": 232,
        "Enterprise cost management": 3027,
        "Total Operating Expenses": 5464,
        "Total revenue financing activities": 387,
        "Net profit from business activities": -4874,
        "Profit": 6378,
        "Profit before tax": 1504,
        "Present corporate income tax expenses": 403,
        "Deferred income taxes expenses": "N/A",
        "The interests of minority shareholders": 1567,
        "Total Cost of profits": 1970,
        "Profit after tax corporate income": -466,
        "Volume": 19516700,
        "Close of Quarter": 4.6,
        "EPS": -184,
        "Non-adjusted EPS": -184,
        "PE": -25,
        "Book Price": 10.7
      }
    },
    {
      "quarter": "Q3 2014",
      "income status": {
        "Net sales": 33312,
        "Cost of goods sold": 30993,
        "Gross Profit": 2319,
        "Financial expenses": 2466,
        "Of which: Interest expense": 2466,
        "Cost of sales": 220,
        "Enterprise cost management": 2291,
        "Total Operating Expenses": 4977,
        "Total revenue financing activities": 1847,
        "Net profit from business activities": -812,
        "Profit": -11,
        "Profit before tax": -823,
        "Present corporate income tax expenses": "N/A",
        "Deferred income taxes expenses": "N/A",
        "The interests of minority shareholders": -228,
        "Total Cost of profits": -228,
        "Profit after tax corporate income": -595,
        "Volume": 19516700,
        "Close of Quarter": 5.1,
        "EPS": 969,
        "Non-adjusted EPS": 969,
        "PE": 5.3,
        "Book Price": 11
      }
    },
    {
      "quarter": "Q2 2014",
      "income status": {
        "Net sales": 29612,
        "Cost of goods sold": 25966,
        "Gross Profit": 3646,
        "Financial expenses": 2640,
        "Of which: Interest expense": 2640,
        "Cost of sales": 224,
        "Enterprise cost management": 3938,
        "Total Operating Expenses": 6802,
        "Total revenue financing activities": 1616,
        "Net profit from business activities": -1541,
        "Profit": -747,
        "Profit before tax": -2288,
        "Present corporate income tax expenses": "N/A",
        "Deferred income taxes expenses": "N/A",
        "The interests of minority shareholders": -493,
        "Total Cost of profits": -493,
        "Profit after tax corporate income": -1795,
        "Volume": 19516700,
        "Close of Quarter": 4.9,
        "EPS": 950,
        "Non-adjusted EPS": 950,
        "PE": 5.2,
        "Book Price": 11
      }
    },
    {
      "quarter": "Q1 2014",
      "income status": {
        "Net sales": 34244,
        "Cost of goods sold": 32054,
        "Gross Profit": 2190,
        "Financial expenses": 557,
        "Of which: Interest expense": 557,
        "Cost of sales": 244,
        "Enterprise cost management": 2119,
        "Total Operating Expenses": 2920,
        "Total revenue financing activities": 2,
        "Net profit from business activities": -727,
        "Profit": -359,
        "Profit before tax": -1086,
        "Present corporate income tax expenses": "N/A",
        "Deferred income taxes expenses": "N/A",
        "The interests of minority shareholders": -347,
        "Total Cost of profits": -347,
        "Profit after tax corporate income": -739,
        "Volume": 19516700,
        "Close of Quarter": 6.8,
        "EPS": 1172,
        "Non-adjusted EPS": 1172,
        "PE": 5.8,
        "Book Price": 11.2
      }
    },
    {
      "quarter": "Q4 2013",
      "income status": {
        "Net sales": 52195,
        "Cost of goods sold": 48523,
        "Gross Profit": 3672,
        "Financial expenses": 2875,
        "Of which: Interest expense": 2875,
        "Cost of sales": 233,
        "Enterprise cost management": 1450,
        "Total Operating Expenses": 4558,
        "Total revenue financing activities": 1028,
        "Net profit from business activities": 143,
        "Profit": 21909,
        "Profit before tax": 22052,
        "Present corporate income tax expenses": "N/A",
        "Deferred income taxes expenses": "N/A",
        "The interests of minority shareholders": 17,
        "Total Cost of profits": 17,
        "Profit after tax corporate income": 22035,
        "Volume": 19516700,
        "Close of Quarter": 5.6,
        "EPS": -23,
        "Non-adjusted EPS": -23,
        "PE": -243.5,
        "Book Price": 8.8
      }
    },
    {
      "quarter": "Q3 2013",
      "income status": {
        "Net sales": 36510,
        "Cost of goods sold": 35193,
        "Gross Profit": 1317,
        "Financial expenses": 3950,
        "Of which: Interest expense": 3950,
        "Cost of sales": 236,
        "Enterprise cost management": -2929,
        "Total Operating Expenses": 1257,
        "Total revenue financing activities": 79,
        "Net profit from business activities": 139,
        "Profit": -1697,
        "Profit before tax": -1558,
        "Present corporate income tax expenses": -5,
        "Deferred income taxes expenses": "N/A",
        "The interests of minority shareholders": -591,
        "Total Cost of profits": -596,
        "Profit after tax corporate income": -962,
        "Volume": 19516700,
        "Close of Quarter": 2.5,
        "EPS": -634,
        "Non-adjusted EPS": -634,
        "PE": -3.9,
        "Book Price": 7.6
      }
    },
    {
      "quarter": "Q2 2013",
      "income status": {
        "Net sales": 35869,
        "Cost of goods sold": 31998,
        "Gross Profit": 3872,
        "Financial expenses": 1237,
        "Of which: Interest expense": 1237,
        "Cost of sales": 240,
        "Enterprise cost management": 700,
        "Total Operating Expenses": 2177,
        "Total revenue financing activities": -66,
        "Net profit from business activities": 1629,
        "Profit": -369,
        "Profit before tax": 1260,
        "Present corporate income tax expenses": -10,
        "Deferred income taxes expenses": "N/A",
        "The interests of minority shareholders": -1262,
        "Total Cost of profits": -1272,
        "Profit after tax corporate income": 2532,
        "Volume": 19516700,
        "Close of Quarter": 3.1,
        "EPS": -1324,
        "Non-adjusted EPS": -1324,
        "PE": -2.3,
        "Book Price": 7.7
      }
    },
    {
      "quarter": "Q1 2013",
      "income status": {
        "Net sales": 34933,
        "Cost of goods sold": 33704,
        "Gross Profit": 1229,
        "Financial expenses": 3352,
        "Of which: Interest expense": 3358,
        "Cost of sales": 222,
        "Enterprise cost management": 2903,
        "Total Operating Expenses": 6477,
        "Total revenue financing activities": 707,
        "Net profit from business activities": -4541,
        "Profit": -9660,
        "Profit before tax": -14201,
        "Present corporate income tax expenses": 4286,
        "Deferred income taxes expenses": "N/A",
        "The interests of minority shareholders": 5559,
        "Total Cost of profits": 9845,
        "Profit after tax corporate income": -24046,
        "Volume": 19516700,
        "Close of Quarter": 3.9,
        "EPS": -2527,
        "Non-adjusted EPS": -2527,
        "PE": -1.5,
        "Book Price": 6.2
      }
    },
    {
      "quarter": "Q4 2012",
      "income status": {
        "Net sales": 93688,
        "Cost of goods sold": 79125,
        "Gross Profit": 14562,
        "Financial expenses": 7477,
        "Of which: Interest expense": 7477,
        "Cost of sales": 20,
        "Enterprise cost management": 6399,
        "Total Operating Expenses": 13896,
        "Total revenue financing activities": 1195,
        "Net profit from business activities": 1861,
        "Profit": 11839,
        "Profit before tax": 13700,
        "Present corporate income tax expenses": 2221,
        "Deferred income taxes expenses": "N/A",
        "The interests of minority shareholders": 1368,
        "Total Cost of profits": 3589,
        "Profit after tax corporate income": 10110,
        "Volume": 19516700,
        "Close of Quarter": 3.8,
        "EPS": -1213,
        "Non-adjusted EPS": -1213,
        "PE": -3.1,
        "Book Price": 9.7
      }
    },
    {
      "quarter": "Q3 2012",
      "income status": {
        "Net sales": 30615,
        "Cost of goods sold": 29902,
        "Gross Profit": 713,
        "Financial expenses": 6571,
        "Of which: Interest expense": 6571,
        "Cost of sales": 106,
        "Enterprise cost management": 3826,
        "Total Operating Expenses": 10503,
        "Total revenue financing activities": 652,
        "Net profit from business activities": -9138,
        "Profit": 2090,
        "Profit before tax": -7047,
        "Present corporate income tax expenses": 4906,
        "Deferred income taxes expenses": -7131,
        "The interests of minority shareholders": 9617,
        "Total Cost of profits": 7392,
        "Profit after tax corporate income": -14439,
        "Volume": 19516700,
        "Close of Quarter": 3.2,
        "EPS": -1873,
        "Non-adjusted EPS": -1873,
        "PE": -1.7,
        "Book Price": 9.2
      }
    },
    {
      "quarter": "Q2 2012",
      "income status": {
        "Net sales": 69332,
        "Cost of goods sold": 63728,
        "Gross Profit": 5604,
        "Financial expenses": 4191,
        "Of which: Interest expense": 4191,
        "Cost of sales": 339,
        "Enterprise cost management": 20249,
        "Total Operating Expenses": 24779,
        "Total revenue financing activities": 608,
        "Net profit from business activities": -18566,
        "Profit": -12252,
        "Profit before tax": -30818,
        "Present corporate income tax expenses": -3825,
        "Deferred income taxes expenses": 252,
        "The interests of minority shareholders": -6304,
        "Total Cost of profits": -9877,
        "Profit after tax corporate income": -20940,
        "Volume": 19516700,
        "Close of Quarter": 5.9,
        "EPS": -1131,
        "Non-adjusted EPS": -1131,
        "PE": -5.2,
        "Book Price": 10
      }
    },
    {
      "quarter": "Q1 2012",
      "income status": {
        "Net sales": 115402,
        "Cost of goods sold": 112091,
        "Gross Profit": 3311,
        "Financial expenses": 3013,
        "Of which: Interest expense": 3013,
        "Cost of sales": 868,
        "Enterprise cost management": 3488,
        "Total Operating Expenses": 7369,
        "Total revenue financing activities": 959,
        "Net profit from business activities": -3098,
        "Profit": 12730,
        "Profit before tax": 9632,
        "Present corporate income tax expenses": 3826,
        "Deferred income taxes expenses": -252,
        "The interests of minority shareholders": 4463,
        "Total Cost of profits": 8037,
        "Profit after tax corporate income": 1595,
        "Volume": 19516700,
        "Close of Quarter": 6.8,
        "EPS": -77,
        "Non-adjusted EPS": -77,
        "PE": -88.3,
        "Book Price": 11.1
      }
    },
    {
      "quarter": "Q4 2011",
      "income status": {
        "Net sales": 109286,
        "Cost of goods sold": 90310,
        "Gross Profit": 18977,
        "Financial expenses": 12292,
        "Of which: Interest expense": 12292,
        "Cost of sales": 932,
        "Enterprise cost management": 8946,
        "Total Operating Expenses": 22170,
        "Total revenue financing activities": 1663,
        "Net profit from business activities": -1531,
        "Profit": -1657,
        "Profit before tax": 254,
        "Present corporate income tax expenses": -488,
        "Deferred income taxes expenses": "N/A",
        "The interests of minority shareholders": 78,
        "Total Cost of profits": -410,
        "Profit after tax corporate income": -2778,
        "Volume": 19516700,
        "Close of Quarter": 4.9,
        "EPS": -49,
        "Non-adjusted EPS": -49,
        "PE": -100,
        "Book Price": 11.1
      }
    },
    {
      "quarter": "Q3 2011",
      "income status": {
        "Net sales": 97838,
        "Cost of goods sold": 92271,
        "Gross Profit": 5566,
        "Financial expenses": 1379,
        "Of which: Interest expense": 1368,
        "Cost of sales": 814,
        "Enterprise cost management": 3296,
        "Total Operating Expenses": 5489,
        "Total revenue financing activities": 127,
        "Net profit from business activities": 205,
        "Profit": -183,
        "Profit before tax": 3442,
        "Present corporate income tax expenses": 250,
        "Deferred income taxes expenses": -6,
        "The interests of minority shareholders": -270,
        "Total Cost of profits": -26,
        "Profit after tax corporate income": 48,
        "Volume": 19516700,
        "Close of Quarter": 10.3,
        "EPS": 1283,
        "Non-adjusted EPS": 1283,
        "PE": 8.0,
        "Book Price": 10.8
      }
    },
    {
      "quarter": "Q2 2011",
      "income status": {
        "Net sales": 100588,
        "Cost of goods sold": 85296,
        "Gross Profit": 15293,
        "Financial expenses": 7297,
        "Of which: Interest expense": 7278,
        "Cost of sales": 930,
        "Enterprise cost management": 7854,
        "Total Operating Expenses": 16081,
        "Total revenue financing activities": 783,
        "Net profit from business activities": -5,
        "Profit": 265,
        "Profit before tax": 259,
        "Present corporate income tax expenses": 193,
        "Deferred income taxes expenses": "N/A",
        "The interests of minority shareholders": 429,
        "Total Cost of profits": 622,
        "Profit after tax corporate income": -362,
        "Volume": 20505000,
        "Close of Quarter": 12.5,
        "EPS": 1384.7,
        "Non-adjusted EPS": 1318,
        "PE": 9.5,
        "Book Price": 10.8
      }
    },
    {
      "quarter": "Q1 2011",
      "income status": {
        "Net sales": 114502,
        "Cost of goods sold": 99733,
        "Gross Profit": 14769,
        "Financial expenses": 4380,
        "Of which: Interest expense": 4351,
        "Cost of sales": 1348,
        "Enterprise cost management": 6058,
        "Total Operating Expenses": 11786,
        "Total revenue financing activities": 128,
        "Net profit from business activities": 3110,
        "Profit": 50,
        "Profit before tax": 3160,
        "Present corporate income tax expenses": 1052,
        "Deferred income taxes expenses": "N/A",
        "The interests of minority shareholders": -33,
        "Total Cost of profits": 1019,
        "Profit after tax corporate income": 2141,
        "Volume": 20505000,
        "Close of Quarter": 17.7,
        "EPS": 1517.1,
        "Non-adjusted EPS": 1444,
        "PE": 12.3,
        "Book Price": 13.2
      }
    }
  ]
}