{
  "ticker": "LM8",
  "data": [
    {
      "quarter": "Q4 2016",
      "income status": {
        "Net sales": 434455,
        "Cost of goods sold": 379331,
        "Gross Profit": 55124,
        "Financial expenses": 28168,
        "Of which: Interest expense": 15735,
        "Cost of sales": "N/A",
        "Enterprise cost management": 17255,
        "Total Operating Expenses": 45423,
        "Total revenue financing activities": 3177,
        "Net profit from business activities": 12878,
        "Profit": 5489,
        "Profit before tax": 18367,
        "Present corporate income tax expenses": 3738,
        "Deferred income taxes expenses": "N/A",
        "The interests of minority shareholders": 396,
        "Total Cost of profits": 4134,
        "Profit after tax corporate income": 14233,
        "Volume": 9388682,
        "Close of Quarter": 23.9,
        "EPS": 5828,
        "Non-adjusted EPS": 5828,
        "PE": 4.1,
        "Book Price": 31.6
      }
    },
    {
      "quarter": "Q3 2016",
      "income status": {
        "Net sales": 414002,
        "Cost of goods sold": 374768,
        "Gross Profit": 39234,
        "Financial expenses": 16394,
        "Of which: Interest expense": 15969,
        "Cost of sales": "N/A",
        "Enterprise cost management": 15501,
        "Total Operating Expenses": 31895,
        "Total revenue financing activities": 2868,
        "Net profit from business activities": 10207,
        "Profit": 6421,
        "Profit before tax": 16627,
        "Present corporate income tax expenses": 3370,
        "Deferred income taxes expenses": "N/A",
        "The interests of minority shareholders": 238,
        "Total Cost of profits": 3608,
        "Profit after tax corporate income": 13019,
        "Volume": 9388682,
        "Close of Quarter": 24.5,
        "EPS": 5651,
        "Non-adjusted EPS": 5651,
        "PE": 4.3,
        "Book Price": 29.7
      }
    },
    {
      "quarter": "Q2 2016",
      "income status": {
        "Net sales": 461326,
        "Cost of goods sold": 419702,
        "Gross Profit": 41624,
        "Financial expenses": 14316,
        "Of which: Interest expense": 14617,
        "Cost of sales": "N/A",
        "Enterprise cost management": 14560,
        "Total Operating Expenses": 28876,
        "Total revenue financing activities": 2577,
        "Net profit from business activities": 15326,
        "Profit": 7129,
        "Profit before tax": 22455,
        "Present corporate income tax expenses": 4536,
        "Deferred income taxes expenses": "N/A",
        "The interests of minority shareholders": 142,
        "Total Cost of profits": 4678,
        "Profit after tax corporate income": 17777,
        "Volume": 9388682,
        "Close of Quarter": 25.8,
        "EPS": 5867,
        "Non-adjusted EPS": 5867,
        "PE": 4.4,
        "Book Price": 28.3
      }
    },
    {
      "quarter": "Q1 2016",
      "income status": {
        "Net sales": 308679,
        "Cost of goods sold": 275491,
        "Gross Profit": 33188,
        "Financial expenses": 15024,
        "Of which: Interest expense": 13179,
        "Cost of sales": "N/A",
        "Enterprise cost management": 13200,
        "Total Operating Expenses": 28224,
        "Total revenue financing activities": 3513,
        "Net profit from business activities": 8478,
        "Profit": 3786,
        "Profit before tax": 12263,
        "Present corporate income tax expenses": 2496,
        "Deferred income taxes expenses": "N/A",
        "The interests of minority shareholders": 83,
        "Total Cost of profits": 2579,
        "Profit after tax corporate income": 9684,
        "Volume": 8693623,
        "Close of Quarter": 23.3,
        "EPS": 5503.0,
        "Non-adjusted EPS": 5943,
        "PE": 3.9,
        "Book Price": 28.7
      }
    },
    {
      "quarter": "Q4 2015",
      "income status": {
        "Net sales": 439070,
        "Cost of goods sold": 399772,
        "Gross Profit": 39298,
        "Financial expenses": 14673,
        "Of which: Interest expense": 12685,
        "Cost of sales": "N/A",
        "Enterprise cost management": 27154,
        "Total Operating Expenses": 41827,
        "Total revenue financing activities": 6921,
        "Net profit from business activities": 4391,
        "Profit": 11829,
        "Profit before tax": 16220,
        "Present corporate income tax expenses": 3614,
        "Deferred income taxes expenses": "N/A",
        "The interests of minority shareholders": 35,
        "Total Cost of profits": 3649,
        "Profit after tax corporate income": 12572,
        "Volume": 8693623,
        "Close of Quarter": 22.0,
        "EPS": 5725.3,
        "Non-adjusted EPS": 6183,
        "PE": 3.6,
        "Book Price": 27.6
      }
    },
    {
      "quarter": "Q3 2015",
      "income status": {
        "Net sales": 404589,
        "Cost of goods sold": 381223,
        "Gross Profit": 23366,
        "Financial expenses": 15999,
        "Of which: Interest expense": 12845,
        "Cost of sales": "N/A",
        "Enterprise cost management": 4167,
        "Total Operating Expenses": 20166,
        "Total revenue financing activities": 4277,
        "Net profit from business activities": 7476,
        "Profit": 11868,
        "Profit before tax": 19344,
        "Present corporate income tax expenses": 4295,
        "Deferred income taxes expenses": "N/A",
        "The interests of minority shareholders": "N/A",
        "Total Cost of profits": 4295,
        "Profit after tax corporate income": 15049,
        "Volume": 8693623,
        "Close of Quarter": 22.2,
        "EPS": 5502.1,
        "Non-adjusted EPS": 5942,
        "PE": 3.7,
        "Book Price": 25.3
      }
    },
    {
      "quarter": "Q2 2015",
      "income status": {
        "Net sales": 291648,
        "Cost of goods sold": 255842,
        "Gross Profit": 35806,
        "Financial expenses": 12225,
        "Of which: Interest expense": 11441,
        "Cost of sales": "N/A",
        "Enterprise cost management": 12535,
        "Total Operating Expenses": 24760,
        "Total revenue financing activities": 1963,
        "Net profit from business activities": 13009,
        "Profit": 5454,
        "Profit before tax": 18464,
        "Present corporate income tax expenses": 4100,
        "Deferred income taxes expenses": "N/A",
        "The interests of minority shareholders": "N/A",
        "Total Cost of profits": 4100,
        "Profit after tax corporate income": 14364,
        "Volume": 8050000,
        "Close of Quarter": 22.9,
        "EPS": 5331.4,
        "Non-adjusted EPS": 6218,
        "PE": 3.7,
        "Book Price": 23.7
      }
    },
    {
      "quarter": "Q1 2015",
      "income status": {
        "Net sales": 395952,
        "Cost of goods sold": 373483,
        "Gross Profit": 22470,
        "Financial expenses": 12639,
        "Of which: Interest expense": 10781,
        "Cost of sales": "N/A",
        "Enterprise cost management": 11958,
        "Total Operating Expenses": 24597,
        "Total revenue financing activities": 2716,
        "Net profit from business activities": 588,
        "Profit": 14566,
        "Profit before tax": 15154,
        "Present corporate income tax expenses": 3387,
        "Deferred income taxes expenses": "N/A",
        "The interests of minority shareholders": "N/A",
        "Total Cost of profits": 3387,
        "Profit after tax corporate income": 11768,
        "Volume": 8050000,
        "Close of Quarter": 20.7,
        "EPS": 5290.3,
        "Non-adjusted EPS": 6170,
        "PE": 3.4,
        "Book Price": 23.9
      }
    },
    {
      "quarter": "Q4 2014",
      "income status": {
        "Net sales": 390042,
        "Cost of goods sold": 359874,
        "Gross Profit": 30168,
        "Financial expenses": 11327,
        "Of which: Interest expense": 11015,
        "Cost of sales": "N/A",
        "Enterprise cost management": 19915,
        "Total Operating Expenses": 31242,
        "Total revenue financing activities": 2101,
        "Net profit from business activities": 1027,
        "Profit": 12443,
        "Profit before tax": 13470,
        "Present corporate income tax expenses": 2995,
        "Deferred income taxes expenses": "N/A",
        "The interests of minority shareholders": "N/A",
        "Total Cost of profits": 2995,
        "Profit after tax corporate income": 10475,
        "Volume": 8050000,
        "Close of Quarter": 19.9,
        "EPS": 5191.7,
        "Non-adjusted EPS": 6055,
        "PE": 3.3,
        "Book Price": 22.6
      }
    },
    {
      "quarter": "Q3 2014",
      "income status": {
        "Net sales": 347337,
        "Cost of goods sold": 313416,
        "Gross Profit": 33921,
        "Financial expenses": 14044,
        "Of which: Interest expense": 11546,
        "Cost of sales": "N/A",
        "Enterprise cost management": 11032,
        "Total Operating Expenses": 25076,
        "Total revenue financing activities": 2709,
        "Net profit from business activities": 11554,
        "Profit": 5876,
        "Profit before tax": 17431,
        "Present corporate income tax expenses": 3985,
        "Deferred income taxes expenses": "N/A",
        "The interests of minority shareholders": "N/A",
        "Total Cost of profits": 3985,
        "Profit after tax corporate income": 13446,
        "Volume": 8050000,
        "Close of Quarter": 16.4,
        "EPS": 5027.0,
        "Non-adjusted EPS": 5863,
        "PE": 2.8,
        "Book Price": 21.5
      }
    },
    {
      "quarter": "Q2 2014",
      "income status": {
        "Net sales": 367679,
        "Cost of goods sold": 330133,
        "Gross Profit": 37546,
        "Financial expenses": 11359,
        "Of which: Interest expense": 10798,
        "Cost of sales": "N/A",
        "Enterprise cost management": 10713,
        "Total Operating Expenses": 22072,
        "Total revenue financing activities": 1972,
        "Net profit from business activities": 17446,
        "Profit": 504,
        "Profit before tax": 17949,
        "Present corporate income tax expenses": 3972,
        "Deferred income taxes expenses": "N/A",
        "The interests of minority shareholders": "N/A",
        "Total Cost of profits": 3972,
        "Profit after tax corporate income": 13977,
        "Volume": 8050000,
        "Close of Quarter": 13.9,
        "EPS": 4584.6,
        "Non-adjusted EPS": 5347,
        "PE": 2.6,
        "Book Price": 20.1
      }
    },
    {
      "quarter": "Q1 2014",
      "income status": {
        "Net sales": 268553,
        "Cost of goods sold": 253723,
        "Gross Profit": 14830,
        "Financial expenses": 9701,
        "Of which: Interest expense": 8469,
        "Cost of sales": "N/A",
        "Enterprise cost management": 6526,
        "Total Operating Expenses": 16227,
        "Total revenue financing activities": 2979,
        "Net profit from business activities": 1582,
        "Profit": 12340,
        "Profit before tax": 13923,
        "Present corporate income tax expenses": 3075,
        "Deferred income taxes expenses": "N/A",
        "The interests of minority shareholders": "N/A",
        "Total Cost of profits": 3075,
        "Profit after tax corporate income": 10848,
        "Volume": 8050000,
        "Close of Quarter": 17.6,
        "EPS": 4330.0,
        "Non-adjusted EPS": 5050,
        "PE": 3.5,
        "Book Price": 20.7
      }
    },
    {
      "quarter": "Q4 2013",
      "income status": {
        "Net sales": 303002,
        "Cost of goods sold": 264763,
        "Gross Profit": 38238,
        "Financial expenses": 15640,
        "Of which: Interest expense": 9697,
        "Cost of sales": "N/A",
        "Enterprise cost management": 16515,
        "Total Operating Expenses": 32155,
        "Total revenue financing activities": 2012,
        "Net profit from business activities": 8096,
        "Profit": 3829,
        "Profit before tax": 11925,
        "Present corporate income tax expenses": 2995,
        "Deferred income taxes expenses": "N/A",
        "The interests of minority shareholders": "N/A",
        "Total Cost of profits": 2995,
        "Profit after tax corporate income": 8930,
        "Volume": 8050000,
        "Close of Quarter": 14.5,
        "EPS": 4368.5,
        "Non-adjusted EPS": 5095,
        "PE": 2.9,
        "Book Price": 19.6
      }
    },
    {
      "quarter": "Q3 2013",
      "income status": {
        "Net sales": 300592,
        "Cost of goods sold": 272880,
        "Gross Profit": 27713,
        "Financial expenses": 9183,
        "Of which: Interest expense": 6897,
        "Cost of sales": "N/A",
        "Enterprise cost management": 9441,
        "Total Operating Expenses": 18624,
        "Total revenue financing activities": 2665,
        "Net profit from business activities": 11755,
        "Profit": 488,
        "Profit before tax": 12242,
        "Present corporate income tax expenses": 2954,
        "Deferred income taxes expenses": "N/A",
        "The interests of minority shareholders": "N/A",
        "Total Cost of profits": 2954,
        "Profit after tax corporate income": 9288,
        "Volume": 8050000,
        "Close of Quarter": 10.1,
        "EPS": 4538.3,
        "Non-adjusted EPS": 5293,
        "PE": 1.9,
        "Book Price": 18.4
      }
    },
    {
      "quarter": "Q2 2013",
      "income status": {
        "Net sales": 348266,
        "Cost of goods sold": 322263,
        "Gross Profit": 26002,
        "Financial expenses": 6858,
        "Of which: Interest expense": 5078,
        "Cost of sales": "N/A",
        "Enterprise cost management": 7272,
        "Total Operating Expenses": 14130,
        "Total revenue financing activities": 2046,
        "Net profit from business activities": 13918,
        "Profit": 1527,
        "Profit before tax": 15445,
        "Present corporate income tax expenses": 3861,
        "Deferred income taxes expenses": "N/A",
        "The interests of minority shareholders": "N/A",
        "Total Cost of profits": 3861,
        "Profit after tax corporate income": 11584,
        "Volume": 8050000,
        "Close of Quarter": 8.9,
        "EPS": 4083.9,
        "Non-adjusted EPS": 4763,
        "PE": 1.9,
        "Book Price": 17.4
      }
    },
    {
      "quarter": "Q1 2013",
      "income status": {
        "Net sales": 325257,
        "Cost of goods sold": 306120,
        "Gross Profit": 19137,
        "Financial expenses": 5436,
        "Of which: Interest expense": 4792,
        "Cost of sales": "N/A",
        "Enterprise cost management": 8176,
        "Total Operating Expenses": 13612,
        "Total revenue financing activities": 2701,
        "Net profit from business activities": 8227,
        "Profit": 6722,
        "Profit before tax": 14949,
        "Present corporate income tax expenses": 3737,
        "Deferred income taxes expenses": "N/A",
        "The interests of minority shareholders": "N/A",
        "Total Cost of profits": 3737,
        "Profit after tax corporate income": 11212,
        "Volume": 8050000,
        "Close of Quarter": 9.1,
        "EPS": 3812.1,
        "Non-adjusted EPS": 4446,
        "PE": 2.1,
        "Book Price": 17.9
      }
    },
    {
      "quarter": "Q4 2012",
      "income status": {
        "Net sales": 317505,
        "Cost of goods sold": 295572,
        "Gross Profit": 21933,
        "Financial expenses": 5554,
        "Of which: Interest expense": 5487,
        "Cost of sales": "N/A",
        "Enterprise cost management": 9989,
        "Total Operating Expenses": 15543,
        "Total revenue financing activities": 2991,
        "Net profit from business activities": 9382,
        "Profit": 3322,
        "Profit before tax": 12704,
        "Present corporate income tax expenses": 2181,
        "Deferred income taxes expenses": "N/A",
        "The interests of minority shareholders": "N/A",
        "Total Cost of profits": 2181,
        "Profit after tax corporate income": 10523,
        "Volume": 8050000,
        "Close of Quarter": 7.1,
        "EPS": 4064.2,
        "Non-adjusted EPS": 4740,
        "PE": 1.5,
        "Book Price": 16.7
      }
    },
    {
      "quarter": "Q3 2012",
      "income status": {
        "Net sales": 131608,
        "Cost of goods sold": 117199,
        "Gross Profit": 14408,
        "Financial expenses": 5325,
        "Of which: Interest expense": 5106,
        "Cost of sales": "N/A",
        "Enterprise cost management": 7414,
        "Total Operating Expenses": 12739,
        "Total revenue financing activities": 4437,
        "Net profit from business activities": 6107,
        "Profit": 299,
        "Profit before tax": 6405,
        "Present corporate income tax expenses": 1384,
        "Deferred income taxes expenses": "N/A",
        "The interests of minority shareholders": "N/A",
        "Total Cost of profits": 1384,
        "Profit after tax corporate income": 5022,
        "Volume": 8050000,
        "Close of Quarter": 5.3,
        "EPS": 3268.5,
        "Non-adjusted EPS": 3812,
        "PE": 1.4,
        "Book Price": 15.6
      }
    },
    {
      "quarter": "Q2 2012",
      "income status": {
        "Net sales": 275886,
        "Cost of goods sold": 237150,
        "Gross Profit": 38735,
        "Financial expenses": 7735,
        "Of which: Interest expense": 8815,
        "Cost of sales": "N/A",
        "Enterprise cost management": 20208,
        "Total Operating Expenses": 27943,
        "Total revenue financing activities": 2735,
        "Net profit from business activities": 13526,
        "Profit": -1263,
        "Profit before tax": 12264,
        "Present corporate income tax expenses": 3228,
        "Deferred income taxes expenses": "N/A",
        "The interests of minority shareholders": "N/A",
        "Total Cost of profits": 3228,
        "Profit after tax corporate income": 9036,
        "Volume": 8050000,
        "Close of Quarter": 6.6,
        "EPS": 3379.9,
        "Non-adjusted EPS": 3942,
        "PE": 1.7,
        "Book Price": 15
      }
    },
    {
      "quarter": "Q1 2012",
      "income status": {
        "Net sales": 359136,
        "Cost of goods sold": 321059,
        "Gross Profit": 38077,
        "Financial expenses": 16124,
        "Of which: Interest expense": 840,
        "Cost of sales": "N/A",
        "Enterprise cost management": 7290,
        "Total Operating Expenses": 23414,
        "Total revenue financing activities": 3525,
        "Net profit from business activities": 18187,
        "Profit": -83,
        "Profit before tax": 18105,
        "Present corporate income tax expenses": 4526,
        "Deferred income taxes expenses": "N/A",
        "The interests of minority shareholders": "N/A",
        "Total Cost of profits": 4526,
        "Profit after tax corporate income": 13579,
        "Volume": 8050000,
        "Close of Quarter": 5.9,
        "EPS": 3372.2,
        "Non-adjusted EPS": 3933,
        "PE": 1.5,
        "Book Price": 14.1
      }
    },
    {
      "quarter": "Q4 2011",
      "income status": {
        "Net sales": 98524,
        "Cost of goods sold": 71987,
        "Gross Profit": 26537,
        "Financial expenses": 13543,
        "Of which: Interest expense": 11617,
        "Cost of sales": "N/A",
        "Enterprise cost management": 16109,
        "Total Operating Expenses": 29652,
        "Total revenue financing activities": 6260,
        "Net profit from business activities": 3145,
        "Profit": 1160,
        "Profit before tax": 4305,
        "Present corporate income tax expenses": 1255,
        "Deferred income taxes expenses": "N/A",
        "The interests of minority shareholders": "N/A",
        "Total Cost of profits": 1255,
        "Profit after tax corporate income": 3050,
        "Volume": 8050000,
        "Close of Quarter": 5.4,
        "EPS": 2299.6,
        "Non-adjusted EPS": 2682,
        "PE": 2.0,
        "Book Price": 12.4
      }
    },
    {
      "quarter": "Q3 2011",
      "income status": {
        "Net sales": 154126,
        "Cost of goods sold": 119186,
        "Gross Profit": 34940,
        "Financial expenses": 25539,
        "Of which: Interest expense": 12076,
        "Cost of sales": "N/A",
        "Enterprise cost management": 6519,
        "Total Operating Expenses": 32058,
        "Total revenue financing activities": 3675,
        "Net profit from business activities": 6557,
        "Profit": 1561,
        "Profit before tax": 8118,
        "Present corporate income tax expenses": 2052,
        "Deferred income taxes expenses": "N/A",
        "The interests of minority shareholders": "N/A",
        "Total Cost of profits": 2052,
        "Profit after tax corporate income": 6066,
        "Volume": 8050000,
        "Close of Quarter": 4.9,
        "EPS": 2153.8,
        "Non-adjusted EPS": 2512,
        "PE": 2.0,
        "Book Price": 13.6
      }
    },
    {
      "quarter": "Q2 2011",
      "income status": {
        "Net sales": 261568,
        "Cost of goods sold": 235226,
        "Gross Profit": 26342,
        "Financial expenses": 11009,
        "Of which: Interest expense": 10591,
        "Cost of sales": "N/A",
        "Enterprise cost management": 6664,
        "Total Operating Expenses": 17673,
        "Total revenue financing activities": 2771,
        "Net profit from business activities": 11441,
        "Profit": 509,
        "Profit before tax": 11950,
        "Present corporate income tax expenses": 2987,
        "Deferred income taxes expenses": "N/A",
        "The interests of minority shareholders": "N/A",
        "Total Cost of profits": 2987,
        "Profit after tax corporate income": 8962,
        "Volume": 8050000,
        "Close of Quarter": 4.6,
        "EPS": 2245.6,
        "Non-adjusted EPS": 2619,
        "PE": 1.8,
        "Book Price": 13.0
      }
    },
    {
      "quarter": "Q1 2011",
      "income status": {
        "Net sales": 102178,
        "Cost of goods sold": 76032,
        "Gross Profit": 26145,
        "Financial expenses": 18387,
        "Of which: Interest expense": 8513,
        "Cost of sales": "N/A",
        "Enterprise cost management": 5561,
        "Total Operating Expenses": 23948,
        "Total revenue financing activities": 2584,
        "Net profit from business activities": 4782,
        "Profit": -104,
        "Profit before tax": 4678,
        "Present corporate income tax expenses": 1170,
        "Deferred income taxes expenses": "N/A",
        "The interests of minority shareholders": "N/A",
        "Total Cost of profits": 1170,
        "Profit after tax corporate income": 3509,
        "Volume": 8050000,
        "Close of Quarter": 6.3,
        "EPS": 1955.8,
        "Non-adjusted EPS": 2281,
        "PE": 2.8,
        "Book Price": 12.3
      }
    }
  ]
}