{
  "ticker": "NAG",
  "data": [
    {
      "quarter": "Q4 2016",
      "income status": {
        "Net sales": 88365,
        "Cost of goods sold": 70383,
        "Gross Profit": 17982,
        "Financial expenses": 2813,
        "Of which: Interest expense": 2632,
        "Cost of sales": 6533,
        "Enterprise cost management": 5624,
        "Total Operating Expenses": 14970,
        "Total revenue financing activities": 554,
        "Net profit from business activities": 5134,
        "Profit": -2980,
        "Profit before tax": 2154,
        "Present corporate income tax expenses": 1359,
        "Deferred income taxes expenses": -320,
        "The interests of minority shareholders": 244,
        "Total Cost of profits": 1283,
        "Profit after tax corporate income": 872,
        "Volume": 14849578,
        "Close of Quarter": 4.9,
        "EPS": 800,
        "Non-adjusted EPS": 800,
        "PE": 6.1,
        "Book Price": 12.2
      }
    },
    {
      "quarter": "Q3 2016",
      "income status": {
        "Net sales": 87153,
        "Cost of goods sold": 75594,
        "Gross Profit": 11560,
        "Financial expenses": 1757,
        "Of which: Interest expense": 1757,
        "Cost of sales": 4611,
        "Enterprise cost management": 4570,
        "Total Operating Expenses": 10938,
        "Total revenue financing activities": 429,
        "Net profit from business activities": 1185,
        "Profit": 1431,
        "Profit before tax": 2617,
        "Present corporate income tax expenses": 533,
        "Deferred income taxes expenses": -22,
        "The interests of minority shareholders": 1,
        "Total Cost of profits": 512,
        "Profit after tax corporate income": 2105,
        "Volume": 14849578,
        "Close of Quarter": 4.8,
        "EPS": 914,
        "Non-adjusted EPS": 914,
        "PE": 5.3,
        "Book Price": 11.7
      }
    },
    {
      "quarter": "Q2 2016",
      "income status": {
        "Net sales": 140768,
        "Cost of goods sold": 114074,
        "Gross Profit": 26694,
        "Financial expenses": 1638,
        "Of which: Interest expense": 1532,
        "Cost of sales": 9982,
        "Enterprise cost management": 8450,
        "Total Operating Expenses": 20070,
        "Total revenue financing activities": 585,
        "Net profit from business activities": 7208,
        "Profit": 1130,
        "Profit before tax": 8338,
        "Present corporate income tax expenses": 1680,
        "Deferred income taxes expenses": -18,
        "The interests of minority shareholders": 61,
        "Total Cost of profits": 1723,
        "Profit after tax corporate income": 6616,
        "Volume": 14849578,
        "Close of Quarter": 5.5,
        "EPS": 877,
        "Non-adjusted EPS": 877,
        "PE": 6.3,
        "Book Price": 11.5
      }
    },
    {
      "quarter": "Q1 2016",
      "income status": {
        "Net sales": 69862,
        "Cost of goods sold": 60106,
        "Gross Profit": 9756,
        "Financial expenses": 1467,
        "Of which: Interest expense": 1467,
        "Cost of sales": 4040,
        "Enterprise cost management": 3285,
        "Total Operating Expenses": 8792,
        "Total revenue financing activities": 439,
        "Net profit from business activities": 1403,
        "Profit": 1530,
        "Profit before tax": 2932,
        "Present corporate income tax expenses": 632,
        "Deferred income taxes expenses": 60,
        "The interests of minority shareholders": -42,
        "Total Cost of profits": 650,
        "Profit after tax corporate income": 2283,
        "Volume": 14849578,
        "Close of Quarter": 4.8,
        "EPS": 746,
        "Non-adjusted EPS": 746,
        "PE": 6.5,
        "Book Price": 11.3
      }
    },
    {
      "quarter": "Q4 2015",
      "income status": {
        "Net sales": 82098,
        "Cost of goods sold": 72483,
        "Gross Profit": 9615,
        "Financial expenses": 2397,
        "Of which: Interest expense": 1618,
        "Cost of sales": 4017,
        "Enterprise cost management": 4832,
        "Total Operating Expenses": 11246,
        "Total revenue financing activities": 728,
        "Net profit from business activities": -907,
        "Profit": 4185,
        "Profit before tax": 3277,
        "Present corporate income tax expenses": 623,
        "Deferred income taxes expenses": 97,
        "The interests of minority shareholders": -7,
        "Total Cost of profits": 713,
        "Profit after tax corporate income": 2564,
        "Volume": 14849578,
        "Close of Quarter": 4.4,
        "EPS": 738,
        "Non-adjusted EPS": 738,
        "PE": 5.9,
        "Book Price": 11.2
      }
    },
    {
      "quarter": "Q3 2015",
      "income status": {
        "Net sales": 80094,
        "Cost of goods sold": 71157,
        "Gross Profit": 8938,
        "Financial expenses": 3020,
        "Of which: Interest expense": 2938,
        "Cost of sales": 1619,
        "Enterprise cost management": 3685,
        "Total Operating Expenses": 8324,
        "Total revenue financing activities": 345,
        "Net profit from business activities": 959,
        "Profit": 1044,
        "Profit before tax": 2002,
        "Present corporate income tax expenses": 524,
        "Deferred income taxes expenses": -84,
        "The interests of minority shareholders": 6,
        "Total Cost of profits": 446,
        "Profit after tax corporate income": 1555,
        "Volume": 14849578,
        "Close of Quarter": 5.9,
        "EPS": 1046,
        "Non-adjusted EPS": 1046,
        "PE": 5.6,
        "Book Price": 11
      }
    },
    {
      "quarter": "Q2 2015",
      "income status": {
        "Net sales": 99502,
        "Cost of goods sold": 83533,
        "Gross Profit": 15969,
        "Financial expenses": 1674,
        "Of which: Interest expense": 1197,
        "Cost of sales": 3854,
        "Enterprise cost management": 5091,
        "Total Operating Expenses": 10619,
        "Total revenue financing activities": 236,
        "Net profit from business activities": 5586,
        "Profit": 1050,
        "Profit before tax": 6636,
        "Present corporate income tax expenses": 2026,
        "Deferred income taxes expenses": -83,
        "The interests of minority shareholders": 21,
        "Total Cost of profits": 1964,
        "Profit after tax corporate income": 4672,
        "Volume": 14849578,
        "Close of Quarter": 7.3,
        "EPS": 1120,
        "Non-adjusted EPS": 1120,
        "PE": 6.5,
        "Book Price": 10.9
      }
    },
    {
      "quarter": "Q1 2015",
      "income status": {
        "Net sales": 64603,
        "Cost of goods sold": 58601,
        "Gross Profit": 6002,
        "Financial expenses": 1224,
        "Of which: Interest expense": 1224,
        "Cost of sales": 927,
        "Enterprise cost management": 3068,
        "Total Operating Expenses": 5219,
        "Total revenue financing activities": 456,
        "Net profit from business activities": 1240,
        "Profit": 1570,
        "Profit before tax": 2810,
        "Present corporate income tax expenses": 613,
        "Deferred income taxes expenses": 7,
        "The interests of minority shareholders": 23,
        "Total Cost of profits": 643,
        "Profit after tax corporate income": 2167,
        "Volume": 14849578,
        "Close of Quarter": 6.6,
        "EPS": 893,
        "Non-adjusted EPS": 893,
        "PE": 7.4,
        "Book Price": 10.6
      }
    },
    {
      "quarter": "Q4 2014",
      "income status": {
        "Net sales": 84246,
        "Cost of goods sold": 70538,
        "Gross Profit": 13708,
        "Financial expenses": 1970,
        "Of which: Interest expense": 1852,
        "Cost of sales": 1737,
        "Enterprise cost management": 3437,
        "Total Operating Expenses": 7144,
        "Total revenue financing activities": 443,
        "Net profit from business activities": 7004,
        "Profit": 2126,
        "Profit before tax": 9130,
        "Present corporate income tax expenses": 2022,
        "Deferred income taxes expenses": -11,
        "The interests of minority shareholders": -13,
        "Total Cost of profits": 1998,
        "Profit after tax corporate income": 7133,
        "Volume": 14849578,
        "Close of Quarter": 5.8,
        "EPS": 1016,
        "Non-adjusted EPS": 1016,
        "PE": 5.7,
        "Book Price": 10.4
      }
    },
    {
      "quarter": "Q3 2014",
      "income status": {
        "Net sales": 72513,
        "Cost of goods sold": 64887,
        "Gross Profit": 7625,
        "Financial expenses": 2199,
        "Of which: Interest expense": 2024,
        "Cost of sales": 600,
        "Enterprise cost management": 2995,
        "Total Operating Expenses": 5794,
        "Total revenue financing activities": 29,
        "Net profit from business activities": 1860,
        "Profit": 1572,
        "Profit before tax": 3432,
        "Present corporate income tax expenses": 752,
        "Deferred income taxes expenses": 4,
        "The interests of minority shareholders": 12,
        "Total Cost of profits": 768,
        "Profit after tax corporate income": 2664,
        "Volume": 14849578,
        "Close of Quarter": 4.6,
        "EPS": 450,
        "Non-adjusted EPS": 450,
        "PE": 10.3,
        "Book Price": 10
      }
    },
    {
      "quarter": "Q2 2014",
      "income status": {
        "Net sales": 59543,
        "Cost of goods sold": 52962,
        "Gross Profit": 6580,
        "Financial expenses": 2086,
        "Of which: Interest expense": 1957,
        "Cost of sales": 1050,
        "Enterprise cost management": 3456,
        "Total Operating Expenses": 6592,
        "Total revenue financing activities": 25,
        "Net profit from business activities": 12,
        "Profit": 1645,
        "Profit before tax": 1657,
        "Present corporate income tax expenses": 372,
        "Deferred income taxes expenses": -5,
        "The interests of minority shareholders": -1,
        "Total Cost of profits": 366,
        "Profit after tax corporate income": 1292,
        "Volume": 14849578,
        "Close of Quarter": 5.3,
        "EPS": 263,
        "Non-adjusted EPS": 263,
        "PE": 20.2,
        "Book Price": 9.8
      }
    },
    {
      "quarter": "Q1 2014",
      "income status": {
        "Net sales": 62667,
        "Cost of goods sold": 53499,
        "Gross Profit": 9168,
        "Financial expenses": 2112,
        "Of which: Interest expense": 2112,
        "Cost of sales": 478,
        "Enterprise cost management": 3030,
        "Total Operating Expenses": 5620,
        "Total revenue financing activities": 46,
        "Net profit from business activities": 3594,
        "Profit": 1433,
        "Profit before tax": 5027,
        "Present corporate income tax expenses": 937,
        "Deferred income taxes expenses": 56,
        "The interests of minority shareholders": 31,
        "Total Cost of profits": 1024,
        "Profit after tax corporate income": 4003,
        "Volume": 14849578,
        "Close of Quarter": 7.6,
        "EPS": 358,
        "Non-adjusted EPS": 358,
        "PE": 21.2,
        "Book Price": 9.7
      }
    },
    {
      "quarter": "Q4 2013",
      "income status": {
        "Net sales": 55910,
        "Cost of goods sold": 50826,
        "Gross Profit": 5084,
        "Financial expenses": 2059,
        "Of which: Interest expense": 2823,
        "Cost of sales": 2964,
        "Enterprise cost management": 3013,
        "Total Operating Expenses": 8036,
        "Total revenue financing activities": 105,
        "Net profit from business activities": -2846,
        "Profit": 1731,
        "Profit before tax": -1117,
        "Present corporate income tax expenses": 18,
        "Deferred income taxes expenses": -16,
        "The interests of minority shareholders": 151,
        "Total Cost of profits": 153,
        "Profit after tax corporate income": -1271,
        "Volume": 14849578,
        "Close of Quarter": 2.6,
        "EPS": 69,
        "Non-adjusted EPS": 69,
        "PE": 37.1,
        "Book Price": 9.2
      }
    },
    {
      "quarter": "Q3 2013",
      "income status": {
        "Net sales": 41566,
        "Cost of goods sold": 39282,
        "Gross Profit": 2284,
        "Financial expenses": -4247,
        "Of which: Interest expense": 2259,
        "Cost of sales": 1291,
        "Enterprise cost management": 2643,
        "Total Operating Expenses": -313,
        "Total revenue financing activities": 13,
        "Net profit from business activities": 2611,
        "Profit": -2813,
        "Profit before tax": -202,
        "Present corporate income tax expenses": 8,
        "Deferred income taxes expenses": 13,
        "The interests of minority shareholders": -98,
        "Total Cost of profits": -77,
        "Profit after tax corporate income": -125,
        "Volume": 14849578,
        "Close of Quarter": 1.8,
        "EPS": -964,
        "Non-adjusted EPS": -964,
        "PE": -1.9,
        "Book Price": 9.3
      }
    },
    {
      "quarter": "Q2 2013",
      "income status": {
        "Net sales": 83095,
        "Cost of goods sold": 70813,
        "Gross Profit": 12282,
        "Financial expenses": 5654,
        "Of which: Interest expense": 5553,
        "Cost of sales": 1075,
        "Enterprise cost management": 3218,
        "Total Operating Expenses": 9947,
        "Total revenue financing activities": 15,
        "Net profit from business activities": 2350,
        "Profit": 678,
        "Profit before tax": 3028,
        "Present corporate income tax expenses": 255,
        "Deferred income taxes expenses": -5,
        "The interests of minority shareholders": 74,
        "Total Cost of profits": 324,
        "Profit after tax corporate income": 2704,
        "Volume": 14849578,
        "Close of Quarter": 1.8,
        "EPS": -975,
        "Non-adjusted EPS": -975,
        "PE": -1.9,
        "Book Price": 9.3
      }
    },
    {
      "quarter": "Q1 2013",
      "income status": {
        "Net sales": 30774,
        "Cost of goods sold": 24037,
        "Gross Profit": 6738,
        "Financial expenses": 4695,
        "Of which: Interest expense": 4695,
        "Cost of sales": 577,
        "Enterprise cost management": 2207,
        "Total Operating Expenses": 7479,
        "Total revenue financing activities": 123,
        "Net profit from business activities": -618,
        "Profit": 327,
        "Profit before tax": -291,
        "Present corporate income tax expenses": "N/A",
        "Deferred income taxes expenses": 18,
        "The interests of minority shareholders": -20,
        "Total Cost of profits": -2,
        "Profit after tax corporate income": -288,
        "Volume": 14849578,
        "Close of Quarter": 2.5,
        "EPS": -1041,
        "Non-adjusted EPS": -1041,
        "PE": -2.4,
        "Book Price": 9.1
      }
    },
    {
      "quarter": "Q4 2012",
      "income status": {
        "Net sales": 42394,
        "Cost of goods sold": 34791,
        "Gross Profit": 7603,
        "Financial expenses": 17486,
        "Of which: Interest expense": 7862,
        "Cost of sales": 2378,
        "Enterprise cost management": 2855,
        "Total Operating Expenses": 22719,
        "Total revenue financing activities": 111,
        "Net profit from business activities": -15004,
        "Profit": -1345,
        "Profit before tax": -16349,
        "Present corporate income tax expenses": 97,
        "Deferred income taxes expenses": 80,
        "The interests of minority shareholders": 83,
        "Total Cost of profits": 260,
        "Profit after tax corporate income": -16610,
        "Volume": 14849578,
        "Close of Quarter": 2.7,
        "EPS": -970,
        "Non-adjusted EPS": -970,
        "PE": -2.7,
        "Book Price": 8.8
      }
    },
    {
      "quarter": "Q3 2012",
      "income status": {
        "Net sales": 51758,
        "Cost of goods sold": 40357,
        "Gross Profit": 11401,
        "Financial expenses": 8515,
        "Of which: Interest expense": 5001,
        "Cost of sales": 788,
        "Enterprise cost management": 2089,
        "Total Operating Expenses": 11392,
        "Total revenue financing activities": 141,
        "Net profit from business activities": 150,
        "Profit": -423,
        "Profit before tax": -273,
        "Present corporate income tax expenses": "N/A",
        "Deferred income taxes expenses": -1,
        "The interests of minority shareholders": 9,
        "Total Cost of profits": 8,
        "Profit after tax corporate income": -281,
        "Volume": 14849578,
        "Close of Quarter": 3.1,
        "EPS": -1029,
        "Non-adjusted EPS": -1029,
        "PE": -3.0,
        "Book Price": 9.9
      }
    },
    {
      "quarter": "Q2 2012",
      "income status": {
        "Net sales": 119372,
        "Cost of goods sold": 96377,
        "Gross Profit": 22994,
        "Financial expenses": 15852,
        "Of which: Interest expense": 15778,
        "Cost of sales": 1392,
        "Enterprise cost management": 5060,
        "Total Operating Expenses": 22304,
        "Total revenue financing activities": -186,
        "Net profit from business activities": 505,
        "Profit": 1154,
        "Profit before tax": 1647,
        "Present corporate income tax expenses": -10,
        "Deferred income taxes expenses": -56,
        "The interests of minority shareholders": -5,
        "Total Cost of profits": -71,
        "Profit after tax corporate income": 1718,
        "Volume": 14849578,
        "Close of Quarter": 3.7,
        "EPS": -1376,
        "Non-adjusted EPS": -1376,
        "PE": -2.7,
        "Book Price": 10
      }
    },
    {
      "quarter": "Q1 2012",
      "income status": {
        "Net sales": 40390,
        "Cost of goods sold": 32511,
        "Gross Profit": 7878,
        "Financial expenses": 4732,
        "Of which: Interest expense": 4704,
        "Cost of sales": 1081,
        "Enterprise cost management": 1970,
        "Total Operating Expenses": 7783,
        "Total revenue financing activities": 252,
        "Net profit from business activities": 347,
        "Profit": 598,
        "Profit before tax": 909,
        "Present corporate income tax expenses": 63,
        "Deferred income taxes expenses": 47,
        "The interests of minority shareholders": 30,
        "Total Cost of profits": 140,
        "Profit after tax corporate income": 769,
        "Volume": 14849578,
        "Close of Quarter": 3.0,
        "EPS": -1453,
        "Non-adjusted EPS": -1453,
        "PE": -2.1,
        "Book Price": 9.8
      }
    },
    {
      "quarter": "Q4 2011",
      "income status": {
        "Net sales": 49095,
        "Cost of goods sold": 40492,
        "Gross Profit": 8603,
        "Financial expenses": 13040,
        "Of which: Interest expense": 12523,
        "Cost of sales": 3559,
        "Enterprise cost management": 9625,
        "Total Operating Expenses": 26224,
        "Total revenue financing activities": 266,
        "Net profit from business activities": -17356,
        "Profit": 25,
        "Profit before tax": -17529,
        "Present corporate income tax expenses": 42,
        "Deferred income taxes expenses": -118,
        "The interests of minority shareholders": 40,
        "Total Cost of profits": -36,
        "Profit after tax corporate income": -17492,
        "Volume": 14849578,
        "Close of Quarter": 3.0,
        "EPS": -1414,
        "Non-adjusted EPS": -1414,
        "PE": -2.1,
        "Book Price": 9.6
      }
    },
    {
      "quarter": "Q3 2011",
      "income status": {
        "Net sales": 73320,
        "Cost of goods sold": 62744,
        "Gross Profit": 10576,
        "Financial expenses": 11013,
        "Of which: Interest expense": 10984,
        "Cost of sales": 1658,
        "Enterprise cost management": 3612,
        "Total Operating Expenses": 16283,
        "Total revenue financing activities": 289,
        "Net profit from business activities": -5418,
        "Profit": 27,
        "Profit before tax": -5450,
        "Present corporate income tax expenses": "N/A",
        "Deferred income taxes expenses": -32,
        "The interests of minority shareholders": 15,
        "Total Cost of profits": -17,
        "Profit after tax corporate income": -5433,
        "Volume": 14849578,
        "Close of Quarter": 5.1,
        "EPS": -165,
        "Non-adjusted EPS": -165,
        "PE": -31.0,
        "Book Price": 10.8
      }
    },
    {
      "quarter": "Q2 2011",
      "income status": {
        "Net sales": 89990,
        "Cost of goods sold": 72289,
        "Gross Profit": 17701,
        "Financial expenses": 7163,
        "Of which: Interest expense": 7156,
        "Cost of sales": 2803,
        "Enterprise cost management": 7236,
        "Total Operating Expenses": 17202,
        "Total revenue financing activities": 153,
        "Net profit from business activities": 652,
        "Profit": 2,
        "Profit before tax": 654,
        "Present corporate income tax expenses": 95,
        "Deferred income taxes expenses": -69,
        "The interests of minority shareholders": 44,
        "Total Cost of profits": 70,
        "Profit after tax corporate income": 584,
        "Volume": 13500000,
        "Close of Quarter": 6.6,
        "EPS": 340.9,
        "Non-adjusted EPS": 375,
        "PE": 17.7,
        "Book Price": 11
      }
    },
    {
      "quarter": "Q1 2011",
      "income status": {
        "Net sales": 81633,
        "Cost of goods sold": 68392,
        "Gross Profit": 13241,
        "Financial expenses": 5672,
        "Of which: Interest expense": 4842,
        "Cost of sales": 1875,
        "Enterprise cost management": 3606,
        "Total Operating Expenses": 11153,
        "Total revenue financing activities": 123,
        "Net profit from business activities": 2211,
        "Profit": -251,
        "Profit before tax": 1369,
        "Present corporate income tax expenses": 115,
        "Deferred income taxes expenses": -30,
        "The interests of minority shareholders": -60,
        "Total Cost of profits": 25,
        "Profit after tax corporate income": 1345,
        "Volume": 13500000,
        "Close of Quarter": 8.7,
        "EPS": 720.0,
        "Non-adjusted EPS": 792,
        "PE": 11.0,
        "Book Price": 11
      }
    }
  ]
}