{
  "ticker": "LSS",
  "data": [
    {
      "quarter": "Q4 2016",
      "income status": {
        "Net sales": 398471,
        "Cost of goods sold": 312745,
        "Gross Profit": 85726,
        "Financial expenses": 5698,
        "Of which: Interest expense": 9556,
        "Cost of sales": 10504,
        "Enterprise cost management": 25569,
        "Total Operating Expenses": 41771,
        "Total revenue financing activities": 12727,
        "Net profit from business activities": 56660,
        "Profit": -4175,
        "Profit before tax": 52485,
        "Present corporate income tax expenses": 8285,
        "Deferred income taxes expenses": "N/A",
        "The interests of minority shareholders": 1645,
        "Total Cost of profits": 9930,
        "Profit after tax corporate income": 42555,
        "Volume": 70000000,
        "Close of Quarter": 11.8,
        "EPS": 2125,
        "Non-adjusted EPS": 2125,
        "PE": 5.5,
        "Book Price": 23.8
      }
    },
    {
      "quarter": "Q3 2016",
      "income status": {
        "Net sales": 458020,
        "Cost of goods sold": 381232,
        "Gross Profit": 76788,
        "Financial expenses": 10501,
        "Of which: Interest expense": 10501,
        "Cost of sales": 3976,
        "Enterprise cost management": 19129,
        "Total Operating Expenses": 33606,
        "Total revenue financing activities": 115,
        "Net profit from business activities": 43137,
        "Profit": -98,
        "Profit before tax": 43039,
        "Present corporate income tax expenses": 6093,
        "Deferred income taxes expenses": "N/A",
        "The interests of minority shareholders": 4427,
        "Total Cost of profits": 10520,
        "Profit after tax corporate income": 32518,
        "Volume": 70000000,
        "Close of Quarter": 15.1,
        "EPS": 1672,
        "Non-adjusted EPS": 1672,
        "PE": 9.0,
        "Book Price": 23.9
      }
    },
    {
      "quarter": "Q2 2016",
      "income status": {
        "Net sales": 763394,
        "Cost of goods sold": 655674,
        "Gross Profit": 107719,
        "Financial expenses": 15141,
        "Of which: Interest expense": 12623,
        "Cost of sales": 15909,
        "Enterprise cost management": 31821,
        "Total Operating Expenses": 62871,
        "Total revenue financing activities": 10970,
        "Net profit from business activities": 55562,
        "Profit": -212,
        "Profit before tax": 55349,
        "Present corporate income tax expenses": 5506,
        "Deferred income taxes expenses": 390,
        "The interests of minority shareholders": 3387,
        "Total Cost of profits": 9283,
        "Profit after tax corporate income": 46066,
        "Volume": 70000000,
        "Close of Quarter": 17.7,
        "EPS": 1405,
        "Non-adjusted EPS": 1405,
        "PE": 12.6,
        "Book Price": 23.3
      }
    },
    {
      "quarter": "Q1 2016",
      "income status": {
        "Net sales": 559648,
        "Cost of goods sold": 487834,
        "Gross Profit": 71814,
        "Financial expenses": 9914,
        "Of which: Interest expense": 10291,
        "Cost of sales": 14358,
        "Enterprise cost management": 15596,
        "Total Operating Expenses": 39868,
        "Total revenue financing activities": 300,
        "Net profit from business activities": 32016,
        "Profit": -2247,
        "Profit before tax": 29769,
        "Present corporate income tax expenses": 1825,
        "Deferred income taxes expenses": "N/A",
        "The interests of minority shareholders": 301,
        "Total Cost of profits": 2126,
        "Profit after tax corporate income": 27644,
        "Volume": 70000000,
        "Close of Quarter": 9.5,
        "EPS": 869,
        "Non-adjusted EPS": 869,
        "PE": 10.9,
        "Book Price": 23.2
      }
    },
    {
      "quarter": "Q4 2015",
      "income status": {
        "Net sales": 338563,
        "Cost of goods sold": 287184,
        "Gross Profit": 51379,
        "Financial expenses": 9801,
        "Of which: Interest expense": 8742,
        "Cost of sales": 11515,
        "Enterprise cost management": 14828,
        "Total Operating Expenses": 36144,
        "Total revenue financing activities": 1400,
        "Net profit from business activities": 16406,
        "Profit": -1570,
        "Profit before tax": 14835,
        "Present corporate income tax expenses": 4087,
        "Deferred income taxes expenses": "N/A",
        "The interests of minority shareholders": -36,
        "Total Cost of profits": 4051,
        "Profit after tax corporate income": 10784,
        "Volume": 70000000,
        "Close of Quarter": 8.3,
        "EPS": 573,
        "Non-adjusted EPS": 573,
        "PE": 14.5,
        "Book Price": 22
      }
    },
    {
      "quarter": "Q3 2015",
      "income status": {
        "Net sales": 348699,
        "Cost of goods sold": 303308,
        "Gross Profit": 45392,
        "Financial expenses": 9557,
        "Of which: Interest expense": 9454,
        "Cost of sales": 7548,
        "Enterprise cost management": 9841,
        "Total Operating Expenses": 26946,
        "Total revenue financing activities": 1064,
        "Net profit from business activities": 19154,
        "Profit": -2124,
        "Profit before tax": 17030,
        "Present corporate income tax expenses": 3175,
        "Deferred income taxes expenses": "N/A",
        "The interests of minority shareholders": -34,
        "Total Cost of profits": 3141,
        "Profit after tax corporate income": 13889,
        "Volume": 70000000,
        "Close of Quarter": 7.7,
        "EPS": 449,
        "Non-adjusted EPS": 449,
        "PE": 17.2,
        "Book Price": 21.4
      }
    },
    {
      "quarter": "Q2 2015",
      "income status": {
        "Net sales": 461921,
        "Cost of goods sold": 413130,
        "Gross Profit": 48791,
        "Financial expenses": 10681,
        "Of which: Interest expense": 10633,
        "Cost of sales": 12151,
        "Enterprise cost management": 13438,
        "Total Operating Expenses": 36270,
        "Total revenue financing activities": 800,
        "Net profit from business activities": 13091,
        "Profit": -1857,
        "Profit before tax": 11234,
        "Present corporate income tax expenses": 2772,
        "Deferred income taxes expenses": -24,
        "The interests of minority shareholders": 6,
        "Total Cost of profits": 2754,
        "Profit after tax corporate income": 8480,
        "Volume": 70000000,
        "Close of Quarter": 9.5,
        "EPS": 408,
        "Non-adjusted EPS": 408,
        "PE": 23.2,
        "Book Price": 21.1
      }
    },
    {
      "quarter": "Q1 2015",
      "income status": {
        "Net sales": 273876,
        "Cost of goods sold": 235591,
        "Gross Profit": 38285,
        "Financial expenses": 7904,
        "Of which: Interest expense": 7904,
        "Cost of sales": 12704,
        "Enterprise cost management": 11050,
        "Total Operating Expenses": 31658,
        "Total revenue financing activities": 2295,
        "Net profit from business activities": 8701,
        "Profit": 347,
        "Profit before tax": 9048,
        "Present corporate income tax expenses": 2116,
        "Deferred income taxes expenses": "N/A",
        "The interests of minority shareholders": -23,
        "Total Cost of profits": 2093,
        "Profit after tax corporate income": 6955,
        "Volume": 70000000,
        "Close of Quarter": 7.6,
        "EPS": 566,
        "Non-adjusted EPS": 566,
        "PE": 13.3,
        "Book Price": 21.1
      }
    },
    {
      "quarter": "Q4 2014",
      "income status": {
        "Net sales": 532299,
        "Cost of goods sold": 499095,
        "Gross Profit": 33204,
        "Financial expenses": 9902,
        "Of which: Interest expense": 10946,
        "Cost of sales": 8184,
        "Enterprise cost management": 13504,
        "Total Operating Expenses": 31590,
        "Total revenue financing activities": 309,
        "Net profit from business activities": 2286,
        "Profit": 2571,
        "Profit before tax": 4857,
        "Present corporate income tax expenses": 2751,
        "Deferred income taxes expenses": "N/A",
        "The interests of minority shareholders": 34,
        "Total Cost of profits": 2785,
        "Profit after tax corporate income": 2073,
        "Volume": 70000000,
        "Close of Quarter": 8.7,
        "EPS": 661,
        "Non-adjusted EPS": 661,
        "PE": 13.1,
        "Book Price": 21
      }
    },
    {
      "quarter": "Q3 2014",
      "income status": {
        "Net sales": 373302,
        "Cost of goods sold": 322671,
        "Gross Profit": 50631,
        "Financial expenses": 19377,
        "Of which: Interest expense": 15674,
        "Cost of sales": 6383,
        "Enterprise cost management": 10619,
        "Total Operating Expenses": 36379,
        "Total revenue financing activities": 915,
        "Net profit from business activities": 15361,
        "Profit": -989,
        "Profit before tax": 14373,
        "Present corporate income tax expenses": 3715,
        "Deferred income taxes expenses": "N/A",
        "The interests of minority shareholders": -408,
        "Total Cost of profits": 3307,
        "Profit after tax corporate income": 11066,
        "Volume": 50000000,
        "Close of Quarter": 9.3,
        "EPS": 786.4,
        "Non-adjusted EPS": 1101,
        "PE": 8.4,
        "Book Price": 18.2
      }
    },
    {
      "quarter": "Q2 2014",
      "income status": {
        "Net sales": 404640,
        "Cost of goods sold": 338713,
        "Gross Profit": 65927,
        "Financial expenses": 18295,
        "Of which: Interest expense": 18057,
        "Cost of sales": 6599,
        "Enterprise cost management": 18805,
        "Total Operating Expenses": 43699,
        "Total revenue financing activities": 1204,
        "Net profit from business activities": 23300,
        "Profit": 883,
        "Profit before tax": 24183,
        "Present corporate income tax expenses": 4756,
        "Deferred income taxes expenses": -280,
        "The interests of minority shareholders": 191,
        "Total Cost of profits": 4667,
        "Profit after tax corporate income": 19516,
        "Volume": 50000000,
        "Close of Quarter": 9.5,
        "EPS": 694.3,
        "Non-adjusted EPS": 972,
        "PE": 9.7,
        "Book Price": 18.4
      }
    },
    {
      "quarter": "Q1 2014",
      "income status": {
        "Net sales": 427497,
        "Cost of goods sold": 369728,
        "Gross Profit": 57769,
        "Financial expenses": 19726,
        "Of which: Interest expense": 15703,
        "Cost of sales": 7499,
        "Enterprise cost management": 12198,
        "Total Operating Expenses": 39423,
        "Total revenue financing activities": 1561,
        "Net profit from business activities": 19531,
        "Profit": -1001,
        "Profit before tax": 18530,
        "Present corporate income tax expenses": 4958,
        "Deferred income taxes expenses": "N/A",
        "The interests of minority shareholders": -47,
        "Total Cost of profits": 4911,
        "Profit after tax corporate income": 13618,
        "Volume": 50000000,
        "Close of Quarter": 10.2,
        "EPS": 532.9,
        "Non-adjusted EPS": 746,
        "PE": 13.7,
        "Book Price": 18.6
      }
    },
    {
      "quarter": "Q4 2013",
      "income status": {
        "Net sales": 405071,
        "Cost of goods sold": 353901,
        "Gross Profit": 51170,
        "Financial expenses": 21548,
        "Of which: Interest expense": 18560,
        "Cost of sales": 2286,
        "Enterprise cost management": 11968,
        "Total Operating Expenses": 35802,
        "Total revenue financing activities": 162,
        "Net profit from business activities": 15530,
        "Profit": -111,
        "Profit before tax": 15368,
        "Present corporate income tax expenses": 4271,
        "Deferred income taxes expenses": -37,
        "The interests of minority shareholders": 270,
        "Total Cost of profits": 4504,
        "Profit after tax corporate income": 10864,
        "Volume": 50000000,
        "Close of Quarter": 9.7,
        "EPS": 542.9,
        "Non-adjusted EPS": 760,
        "PE": 12.8,
        "Book Price": 18.4
      }
    },
    {
      "quarter": "Q3 2013",
      "income status": {
        "Net sales": 334174,
        "Cost of goods sold": 296126,
        "Gross Profit": 38048,
        "Financial expenses": 16283,
        "Of which: Interest expense": 13763,
        "Cost of sales": 3598,
        "Enterprise cost management": 11052,
        "Total Operating Expenses": 30933,
        "Total revenue financing activities": -269,
        "Net profit from business activities": 6846,
        "Profit": 23,
        "Profit before tax": 6648,
        "Present corporate income tax expenses": 2002,
        "Deferred income taxes expenses": "N/A",
        "The interests of minority shareholders": 55,
        "Total Cost of profits": 2057,
        "Profit after tax corporate income": 4591,
        "Volume": 50000000,
        "Close of Quarter": 10.4,
        "EPS": -164.3,
        "Non-adjusted EPS": -230,
        "PE": -45.4,
        "Book Price": 18.4
      }
    },
    {
      "quarter": "Q2 2013",
      "income status": {
        "Net sales": 498086,
        "Cost of goods sold": 440924,
        "Gross Profit": 57161,
        "Financial expenses": 25256,
        "Of which: Interest expense": 26629,
        "Cost of sales": 6910,
        "Enterprise cost management": 13190,
        "Total Operating Expenses": 45356,
        "Total revenue financing activities": 1991,
        "Net profit from business activities": 13797,
        "Profit": -780,
        "Profit before tax": 12904,
        "Present corporate income tax expenses": 4415,
        "Deferred income taxes expenses": 273,
        "The interests of minority shareholders": -11,
        "Total Cost of profits": 4677,
        "Profit after tax corporate income": 8227,
        "Volume": 50000000,
        "Close of Quarter": 11.5,
        "EPS": -47.9,
        "Non-adjusted EPS": -67,
        "PE": -171.9,
        "Book Price": 18.2
      }
    },
    {
      "quarter": "Q1 2013",
      "income status": {
        "Net sales": 577519,
        "Cost of goods sold": 497923,
        "Gross Profit": 79596,
        "Financial expenses": 40695,
        "Of which: Interest expense": 27121,
        "Cost of sales": 8190,
        "Enterprise cost management": 15547,
        "Total Operating Expenses": 64432,
        "Total revenue financing activities": 1588,
        "Net profit from business activities": 16751,
        "Profit": 1298,
        "Profit before tax": 17951,
        "Present corporate income tax expenses": 4169,
        "Deferred income taxes expenses": -745,
        "The interests of minority shareholders": 207,
        "Total Cost of profits": 3631,
        "Profit after tax corporate income": 14320,
        "Volume": 50000000,
        "Close of Quarter": 11.8,
        "EPS": 199.3,
        "Non-adjusted EPS": 279,
        "PE": 42.2,
        "Book Price": 18.1
      }
    },
    {
      "quarter": "Q4 2012",
      "income status": {
        "Net sales": 431896,
        "Cost of goods sold": 471112,
        "Gross Profit": -39215,
        "Financial expenses": 29898,
        "Of which: Interest expense": 27776,
        "Cost of sales": 2758,
        "Enterprise cost management": -23264,
        "Total Operating Expenses": 9392,
        "Total revenue financing activities": 2106,
        "Net profit from business activities": -46501,
        "Profit": 1756,
        "Profit before tax": -46041,
        "Present corporate income tax expenses": -7343,
        "Deferred income taxes expenses": -101,
        "The interests of minority shareholders": 16,
        "Total Cost of profits": -7428,
        "Profit after tax corporate income": -38614,
        "Volume": 50000000,
        "Close of Quarter": 13.3,
        "EPS": 519.3,
        "Non-adjusted EPS": 727,
        "PE": 18.3,
        "Book Price": 17.9
      }
    },
    {
      "quarter": "Q3 2012",
      "income status": {
        "Net sales": 224683,
        "Cost of goods sold": 182818,
        "Gross Profit": 41865,
        "Financial expenses": 19332,
        "Of which: Interest expense": 19122,
        "Cost of sales": 2336,
        "Enterprise cost management": 6560,
        "Total Operating Expenses": 28228,
        "Total revenue financing activities": 3213,
        "Net profit from business activities": 16849,
        "Profit": -191,
        "Profit before tax": 15347,
        "Present corporate income tax expenses": 3492,
        "Deferred income taxes expenses": -1254,
        "The interests of minority shareholders": 375,
        "Total Cost of profits": 2613,
        "Profit after tax corporate income": 12734,
        "Volume": 50000000,
        "Close of Quarter": 13.7,
        "EPS": 2752.9,
        "Non-adjusted EPS": 3854,
        "PE": 3.6,
        "Book Price": 18.4
      }
    },
    {
      "quarter": "Q2 2012",
      "income status": {
        "Net sales": 739743,
        "Cost of goods sold": 669387,
        "Gross Profit": 70357,
        "Financial expenses": 21939,
        "Of which: Interest expense": 22337,
        "Cost of sales": 8901,
        "Enterprise cost management": 13283,
        "Total Operating Expenses": 44123,
        "Total revenue financing activities": 1391,
        "Net profit from business activities": 27625,
        "Profit": -344,
        "Profit before tax": 25406,
        "Present corporate income tax expenses": 5724,
        "Deferred income taxes expenses": -6215,
        "The interests of minority shareholders": 372,
        "Total Cost of profits": -119,
        "Profit after tax corporate income": 25525,
        "Volume": 50000000,
        "Close of Quarter": 20.1,
        "EPS": 4151.4,
        "Non-adjusted EPS": 5812,
        "PE": 3.5,
        "Book Price": 18.2
      }
    },
    {
      "quarter": "Q1 2012",
      "income status": {
        "Net sales": 402641,
        "Cost of goods sold": 318980,
        "Gross Profit": 83662,
        "Financial expenses": 14227,
        "Of which: Interest expense": 18704,
        "Cost of sales": 7179,
        "Enterprise cost management": 17093,
        "Total Operating Expenses": 38499,
        "Total revenue financing activities": 2492,
        "Net profit from business activities": 47655,
        "Profit": 14,
        "Profit before tax": 46365,
        "Present corporate income tax expenses": 8727,
        "Deferred income taxes expenses": 338,
        "The interests of minority shareholders": 605,
        "Total Cost of profits": 9670,
        "Profit after tax corporate income": 36695,
        "Volume": 50000000,
        "Close of Quarter": 20.6,
        "EPS": 5092.9,
        "Non-adjusted EPS": 7130,
        "PE": 2.9,
        "Book Price": 20.3
      }
    },
    {
      "quarter": "Q4 2011",
      "income status": {
        "Net sales": 583870,
        "Cost of goods sold": 443772,
        "Gross Profit": 140097,
        "Financial expenses": 17138,
        "Of which: Interest expense": 8436,
        "Cost of sales": 10552,
        "Enterprise cost management": 32220,
        "Total Operating Expenses": 59910,
        "Total revenue financing activities": 25258,
        "Net profit from business activities": 105446,
        "Profit": 23337,
        "Profit before tax": 517050,
        "Present corporate income tax expenses": -9979,
        "Deferred income taxes expenses": 12802,
        "The interests of minority shareholders": 1131,
        "Total Cost of profits": 3954,
        "Profit after tax corporate income": 117746,
        "Volume": 50000000,
        "Close of Quarter": 14.8,
        "EPS": 5927.1,
        "Non-adjusted EPS": 8298,
        "PE": 1.8,
        "Book Price": 19.7
      }
    },
    {
      "quarter": "Q3 2011",
      "income status": {
        "Net sales": 460684,
        "Cost of goods sold": 293835,
        "Gross Profit": 166849,
        "Financial expenses": 19069,
        "Of which: Interest expense": 5711,
        "Cost of sales": 4631,
        "Enterprise cost management": 29356,
        "Total Operating Expenses": 53056,
        "Total revenue financing activities": 3745,
        "Net profit from business activities": 117537,
        "Profit": 30717,
        "Profit before tax": 395350,
        "Present corporate income tax expenses": 40593,
        "Deferred income taxes expenses": -3718,
        "The interests of minority shareholders": 735,
        "Total Cost of profits": 37610,
        "Profit after tax corporate income": 110612,
        "Volume": 50000000,
        "Close of Quarter": 15.8,
        "EPS": 5592.9,
        "Non-adjusted EPS": 7830,
        "PE": 2.0,
        "Book Price": 18.1
      }
    },
    {
      "quarter": "Q2 2011",
      "income status": {
        "Net sales": 555316,
        "Cost of goods sold": 392484,
        "Gross Profit": 162832,
        "Financial expenses": 16928,
        "Of which: Interest expense": 7315,
        "Cost of sales": 7262,
        "Enterprise cost management": 25468,
        "Total Operating Expenses": 49658,
        "Total revenue financing activities": 5564,
        "Net profit from business activities": 118738,
        "Profit": 878,
        "Profit before tax": 120719,
        "Present corporate income tax expenses": 26643,
        "Deferred income taxes expenses": 2261,
        "The interests of minority shareholders": 371,
        "Total Cost of profits": 29275,
        "Profit after tax corporate income": 91445,
        "Volume": 40000000,
        "Close of Quarter": 14.6,
        "EPS": 4760.6,
        "Non-adjusted EPS": 8331,
        "PE": 1.8,
        "Book Price": 16.6
      }
    },
    {
      "quarter": "Q1 2011",
      "income status": {
        "Net sales": 438726,
        "Cost of goods sold": 288812,
        "Gross Profit": 149914,
        "Financial expenses": 5732,
        "Of which: Interest expense": 4368,
        "Cost of sales": 5011,
        "Enterprise cost management": 27272,
        "Total Operating Expenses": 38015,
        "Total revenue financing activities": 15603,
        "Net profit from business activities": 127503,
        "Profit": -160,
        "Profit before tax": 126408,
        "Present corporate income tax expenses": 33305,
        "Deferred income taxes expenses": -2144,
        "The interests of minority shareholders": 167,
        "Total Cost of profits": 31328,
        "Profit after tax corporate income": 95080,
        "Volume": 40000000,
        "Close of Quarter": 18.3,
        "EPS": 4637.1,
        "Non-adjusted EPS": 8115,
        "PE": 2.3,
        "Book Price": 16.9
      }
    }
  ]
}