{
  "ticker": "VGC",
  "data": [
    {
      "quarter": "Q4 2016",
      "income status": {
        "Net sales": 2376448,
        "Cost of goods sold": 1830505,
        "Gross Profit": 545943,
        "Financial expenses": 45282,
        "Of which: Interest expense": 37707,
        "Cost of sales": 157608,
        "Enterprise cost management": 177971,
        "Total Operating Expenses": 380861,
        "Total revenue financing activities": 11455,
        "Net profit from business activities": 178541,
        "Profit": 29919,
        "Profit before tax": 208460,
        "Present corporate income tax expenses": 48458,
        "Deferred income taxes expenses": 267,
        "The interests of minority shareholders": 34206,
        "Total Cost of profits": 82931,
        "Profit after tax corporate income": 125530,
        "Volume": 307000000,
        "Close of Quarter": 15.3,
        "EPS": 1588,
        "Non-adjusted EPS": 1588,
        "PE": 9.6,
        "Book Price": 14.2
      }
    },
    {
      "quarter": "Q3 2016",
      "income status": {
        "Net sales": 1876121,
        "Cost of goods sold": 1375616,
        "Gross Profit": 500505,
        "Financial expenses": 49725,
        "Of which: Interest expense": 42971,
        "Cost of sales": 128910,
        "Enterprise cost management": 137031,
        "Total Operating Expenses": 315666,
        "Total revenue financing activities": 26780,
        "Net profit from business activities": 234202,
        "Profit": -3329,
        "Profit before tax": 230873,
        "Present corporate income tax expenses": 35268,
        "Deferred income taxes expenses": -121,
        "The interests of minority shareholders": 38937,
        "Total Cost of profits": 74084,
        "Profit after tax corporate income": 156788,
        "Volume": 264500000,
        "Close of Quarter": 17.2,
        "EPS": 1473.3,
        "Non-adjusted EPS": 1710,
        "PE": 10.1,
        "Book Price": 13.6
      }
    },
    {
      "quarter": "Q2 2016",
      "income status": {
        "Net sales": 1902227,
        "Cost of goods sold": 1397408,
        "Gross Profit": 504819,
        "Financial expenses": 49946,
        "Of which: Interest expense": 37948,
        "Cost of sales": 157331,
        "Enterprise cost management": 112884,
        "Total Operating Expenses": 320161,
        "Total revenue financing activities": 6630,
        "Net profit from business activities": 191934,
        "Profit": -806,
        "Profit before tax": 191128,
        "Present corporate income tax expenses": 34714,
        "Deferred income taxes expenses": 238,
        "The interests of minority shareholders": 36014,
        "Total Cost of profits": 70966,
        "Profit after tax corporate income": 120162,
        "Volume": 264500000,
        "Close of Quarter": 13.1,
        "EPS": 1241.5,
        "Non-adjusted EPS": 1441,
        "PE": 9.1,
        "Book Price": 11.2
      }
    },
    {
      "quarter": "Q1 2016",
      "income status": {
        "Net sales": 1923076,
        "Cost of goods sold": 1488940,
        "Gross Profit": 434136,
        "Financial expenses": 45581,
        "Of which: Interest expense": 42228,
        "Cost of sales": 135654,
        "Enterprise cost management": 112007,
        "Total Operating Expenses": 293242,
        "Total revenue financing activities": 2854,
        "Net profit from business activities": 149230,
        "Profit": -14056,
        "Profit before tax": 135173,
        "Present corporate income tax expenses": 32418,
        "Deferred income taxes expenses": -259,
        "The interests of minority shareholders": 17921,
        "Total Cost of profits": 50080,
        "Profit after tax corporate income": 85094,
        "Volume": 264500000,
        "Close of Quarter": 14.9,
        "EPS": 1120.0,
        "Non-adjusted EPS": 1300,
        "PE": 11.5,
        "Book Price": 11.1
      }
    },
    {
      "quarter": "Q4 2015",
      "income status": {
        "Net sales": 2018458,
        "Cost of goods sold": 1554489,
        "Gross Profit": 463968,
        "Financial expenses": 49110,
        "Of which: Interest expense": 35317,
        "Cost of sales": 155893,
        "Enterprise cost management": 123804,
        "Total Operating Expenses": 328807,
        "Total revenue financing activities": 8052,
        "Net profit from business activities": 154460,
        "Profit": -15985,
        "Profit before tax": 138475,
        "Present corporate income tax expenses": 41482,
        "Deferred income taxes expenses": -117,
        "The interests of minority shareholders": 6810,
        "Total Cost of profits": 48175,
        "Profit after tax corporate income": 90300,
        "Volume": 264500000,
        "Close of Quarter": 7.8,
        "EPS": 1070.1,
        "Non-adjusted EPS": 1242,
        "PE": 6.3,
        "Book Price": 10.8
      }
    },
    {
      "quarter": "Q3 2015",
      "income status": {
        "Net sales": 2178488,
        "Cost of goods sold": 1737291,
        "Gross Profit": 441196,
        "Financial expenses": 50018,
        "Of which: Interest expense": 45129,
        "Cost of sales": 146976,
        "Enterprise cost management": 122376,
        "Total Operating Expenses": 319370,
        "Total revenue financing activities": 9834,
        "Net profit from business activities": 147246,
        "Profit": -7872,
        "Profit before tax": 139375,
        "Present corporate income tax expenses": 24871,
        "Deferred income taxes expenses": -27,
        "The interests of minority shareholders": 28860,
        "Total Cost of profits": 53704,
        "Profit after tax corporate income": 85671,
        "Volume": 264500000,
        "Close of Quarter": "N/A",
        "EPS": 775.4,
        "Non-adjusted EPS": 900,
        "PE": "N/A",
        "Book Price": 10.2
      }
    },
    {
      "quarter": "Q2 2015",
      "income status": {
        "Net sales": 1819929,
        "Cost of goods sold": 1376532,
        "Gross Profit": 443397,
        "Financial expenses": 49353,
        "Of which: Interest expense": 39625,
        "Cost of sales": 111164,
        "Enterprise cost management": 104711,
        "Total Operating Expenses": 265228,
        "Total revenue financing activities": 5195,
        "Net profit from business activities": 189880,
        "Profit": -47361,
        "Profit before tax": 142519,
        "Present corporate income tax expenses": 29126,
        "Deferred income taxes expenses": -3,
        "The interests of minority shareholders": 30537,
        "Total Cost of profits": 59660,
        "Profit after tax corporate income": 82860,
        "Volume": 264500000,
        "Close of Quarter": "N/A",
        "EPS": 496.3,
        "Non-adjusted EPS": 576,
        "PE": "N/A",
        "Book Price": 9.8
      }
    },
    {
      "quarter": "Q1 2015",
      "income status": {
        "Net sales": 1803030,
        "Cost of goods sold": 1434711,
        "Gross Profit": 368319,
        "Financial expenses": 50024,
        "Of which: Interest expense": 41063,
        "Cost of sales": 123140,
        "Enterprise cost management": 93922,
        "Total Operating Expenses": 267086,
        "Total revenue financing activities": 9174,
        "Net profit from business activities": 110475,
        "Profit": -6569,
        "Profit before tax": 103907,
        "Present corporate income tax expenses": 22442,
        "Deferred income taxes expenses": "N/A",
        "The interests of minority shareholders": 11907,
        "Total Cost of profits": 34349,
        "Profit after tax corporate income": 69558,
        "Volume": 264500000,
        "Close of Quarter": "N/A",
        "EPS": 226.6,
        "Non-adjusted EPS": 263,
        "PE": "N/A",
        "Book Price": 9.7
      }
    }
  ]
}