{
  "ticker": "DNY",
  "data": [
    {
      "quarter": "Q4 2016",
      "income status": {
        "Net sales": 548988,
        "Cost of goods sold": 508043,
        "Gross Profit": 40944,
        "Financial expenses": 25185,
        "Of which: Interest expense": 17182,
        "Cost of sales": 7912,
        "Enterprise cost management": 6032,
        "Total Operating Expenses": 39129,
        "Total revenue financing activities": 2499,
        "Net profit from business activities": 4313,
        "Profit": 41,
        "Profit before tax": 4355,
        "Present corporate income tax expenses": 907,
        "Deferred income taxes expenses": "N/A",
        "The interests of minority shareholders": "N/A",
        "Total Cost of profits": 907,
        "Profit after tax corporate income": 3447,
        "Volume": 26999517,
        "Close of Quarter": 5.8,
        "EPS": 724,
        "Non-adjusted EPS": 724,
        "PE": 8.0,
        "Book Price": 12.9
      }
    },
    {
      "quarter": "Q3 2016",
      "income status": {
        "Net sales": 542163,
        "Cost of goods sold": 519829,
        "Gross Profit": 22334,
        "Financial expenses": 12453,
        "Of which: Interest expense": 12362,
        "Cost of sales": 4223,
        "Enterprise cost management": 4350,
        "Total Operating Expenses": 21026,
        "Total revenue financing activities": 112,
        "Net profit from business activities": 1420,
        "Profit": 67,
        "Profit before tax": 1487,
        "Present corporate income tax expenses": 297,
        "Deferred income taxes expenses": "N/A",
        "The interests of minority shareholders": "N/A",
        "Total Cost of profits": 297,
        "Profit after tax corporate income": 1190,
        "Volume": 26999517,
        "Close of Quarter": 6.4,
        "EPS": 689,
        "Non-adjusted EPS": 689,
        "PE": 9.3,
        "Book Price": 12.8
      }
    },
    {
      "quarter": "Q2 2016",
      "income status": {
        "Net sales": 531004,
        "Cost of goods sold": 492690,
        "Gross Profit": 38314,
        "Financial expenses": 14701,
        "Of which: Interest expense": 13890,
        "Cost of sales": 3521,
        "Enterprise cost management": 4345,
        "Total Operating Expenses": 22567,
        "Total revenue financing activities": 1142,
        "Net profit from business activities": 16888,
        "Profit": -289,
        "Profit before tax": 16599,
        "Present corporate income tax expenses": 3345,
        "Deferred income taxes expenses": "N/A",
        "The interests of minority shareholders": "N/A",
        "Total Cost of profits": 3345,
        "Profit after tax corporate income": 13254,
        "Volume": 26999517,
        "Close of Quarter": 7.0,
        "EPS": 647,
        "Non-adjusted EPS": 647,
        "PE": 10.7,
        "Book Price": 13.8
      }
    },
    {
      "quarter": "Q1 2016",
      "income status": {
        "Net sales": 363692,
        "Cost of goods sold": 344490,
        "Gross Profit": 19203,
        "Financial expenses": 10974,
        "Of which: Interest expense": 10972,
        "Cost of sales": 4149,
        "Enterprise cost management": 4657,
        "Total Operating Expenses": 19780,
        "Total revenue financing activities": 2521,
        "Net profit from business activities": 1944,
        "Profit": 76,
        "Profit before tax": 2020,
        "Present corporate income tax expenses": 362,
        "Deferred income taxes expenses": "N/A",
        "The interests of minority shareholders": "N/A",
        "Total Cost of profits": 362,
        "Profit after tax corporate income": 1658,
        "Volume": 26999517,
        "Close of Quarter": 6.9,
        "EPS": 258,
        "Non-adjusted EPS": 258,
        "PE": 26.6,
        "Book Price": 13.3
      }
    },
    {
      "quarter": "Q4 2015",
      "income status": {
        "Net sales": 405143,
        "Cost of goods sold": 382091,
        "Gross Profit": 23052,
        "Financial expenses": 17200,
        "Of which: Interest expense": 11671,
        "Cost of sales": 3273,
        "Enterprise cost management": 4000,
        "Total Operating Expenses": 24473,
        "Total revenue financing activities": 2230,
        "Net profit from business activities": 808,
        "Profit": 2421,
        "Profit before tax": 3228,
        "Present corporate income tax expenses": 724,
        "Deferred income taxes expenses": "N/A",
        "The interests of minority shareholders": "N/A",
        "Total Cost of profits": 724,
        "Profit after tax corporate income": 2505,
        "Volume": 26999517,
        "Close of Quarter": 4.3,
        "EPS": 307,
        "Non-adjusted EPS": 307,
        "PE": 14.0,
        "Book Price": 13.2
      }
    },
    {
      "quarter": "Q3 2015",
      "income status": {
        "Net sales": 365298,
        "Cost of goods sold": 347054,
        "Gross Profit": 18243,
        "Financial expenses": 12435,
        "Of which: Interest expense": 10676,
        "Cost of sales": 3933,
        "Enterprise cost management": 3565,
        "Total Operating Expenses": 19933,
        "Total revenue financing activities": 910,
        "Net profit from business activities": -780,
        "Profit": 838,
        "Profit before tax": 58,
        "Present corporate income tax expenses": 13,
        "Deferred income taxes expenses": "N/A",
        "The interests of minority shareholders": "N/A",
        "Total Cost of profits": 13,
        "Profit after tax corporate income": 45,
        "Volume": 26999517,
        "Close of Quarter": 5.5,
        "EPS": 272,
        "Non-adjusted EPS": 272,
        "PE": 20.0,
        "Book Price": 13.1
      }
    },
    {
      "quarter": "Q2 2015",
      "income status": {
        "Net sales": 550687,
        "Cost of goods sold": 528123,
        "Gross Profit": 22563,
        "Financial expenses": 19895,
        "Of which: Interest expense": 15160,
        "Cost of sales": 5019,
        "Enterprise cost management": 3320,
        "Total Operating Expenses": 28234,
        "Total revenue financing activities": 6308,
        "Net profit from business activities": 637,
        "Profit": 2904,
        "Profit before tax": 3541,
        "Present corporate income tax expenses": 772,
        "Deferred income taxes expenses": "N/A",
        "The interests of minority shareholders": "N/A",
        "Total Cost of profits": 772,
        "Profit after tax corporate income": 2769,
        "Volume": 26999517,
        "Close of Quarter": 5.5,
        "EPS": 282,
        "Non-adjusted EPS": 282,
        "PE": 19.7,
        "Book Price": 13.1
      }
    },
    {
      "quarter": "Q1 2015",
      "income status": {
        "Net sales": 402647,
        "Cost of goods sold": 375662,
        "Gross Profit": 26984,
        "Financial expenses": 17340,
        "Of which: Interest expense": 16490,
        "Cost of sales": 2448,
        "Enterprise cost management": 4761,
        "Total Operating Expenses": 24549,
        "Total revenue financing activities": 85,
        "Net profit from business activities": 2520,
        "Profit": 1280,
        "Profit before tax": 3800,
        "Present corporate income tax expenses": 836,
        "Deferred income taxes expenses": "N/A",
        "The interests of minority shareholders": "N/A",
        "Total Cost of profits": 836,
        "Profit after tax corporate income": 2964,
        "Volume": 26999517,
        "Close of Quarter": 4.4,
        "EPS": 306,
        "Non-adjusted EPS": 306,
        "PE": 14.4,
        "Book Price": 13.5
      }
    },
    {
      "quarter": "Q4 2014",
      "income status": {
        "Net sales": 434775,
        "Cost of goods sold": 403137,
        "Gross Profit": 31638,
        "Financial expenses": 21735,
        "Of which: Interest expense": 20017,
        "Cost of sales": 5088,
        "Enterprise cost management": 5489,
        "Total Operating Expenses": 32312,
        "Total revenue financing activities": 2793,
        "Net profit from business activities": 2120,
        "Profit": -93,
        "Profit before tax": 2027,
        "Present corporate income tax expenses": 474,
        "Deferred income taxes expenses": "N/A",
        "The interests of minority shareholders": "N/A",
        "Total Cost of profits": 474,
        "Profit after tax corporate income": 1553,
        "Volume": 26999517,
        "Close of Quarter": 4.3,
        "EPS": 223,
        "Non-adjusted EPS": 223,
        "PE": 19.4,
        "Book Price": 13.4
      }
    },
    {
      "quarter": "Q3 2014",
      "income status": {
        "Net sales": 374788,
        "Cost of goods sold": 350381,
        "Gross Profit": 24407,
        "Financial expenses": 15878,
        "Of which: Interest expense": 15751,
        "Cost of sales": 3321,
        "Enterprise cost management": 5858,
        "Total Operating Expenses": 25057,
        "Total revenue financing activities": 1211,
        "Net profit from business activities": 561,
        "Profit": -140,
        "Profit before tax": 420,
        "Present corporate income tax expenses": 92,
        "Deferred income taxes expenses": "N/A",
        "The interests of minority shareholders": "N/A",
        "Total Cost of profits": 92,
        "Profit after tax corporate income": 328,
        "Volume": 26999517,
        "Close of Quarter": 4.9,
        "EPS": 307,
        "Non-adjusted EPS": 307,
        "PE": 15.9,
        "Book Price": 13.6
      }
    },
    {
      "quarter": "Q2 2014",
      "income status": {
        "Net sales": 614504,
        "Cost of goods sold": 582190,
        "Gross Profit": 32314,
        "Financial expenses": 22177,
        "Of which: Interest expense": 13645,
        "Cost of sales": 3442,
        "Enterprise cost management": 4980,
        "Total Operating Expenses": 30599,
        "Total revenue financing activities": 1514,
        "Net profit from business activities": 3229,
        "Profit": 1173,
        "Profit before tax": 4402,
        "Present corporate income tax expenses": 976,
        "Deferred income taxes expenses": "N/A",
        "The interests of minority shareholders": "N/A",
        "Total Cost of profits": 976,
        "Profit after tax corporate income": 3426,
        "Volume": 26999517,
        "Close of Quarter": 4.5,
        "EPS": 320,
        "Non-adjusted EPS": 320,
        "PE": 14.1,
        "Book Price": 13.9
      }
    },
    {
      "quarter": "Q1 2014",
      "income status": {
        "Net sales": 446904,
        "Cost of goods sold": 426322,
        "Gross Profit": 20582,
        "Financial expenses": 12792,
        "Of which: Interest expense": 12287,
        "Cost of sales": 3254,
        "Enterprise cost management": 5590,
        "Total Operating Expenses": 21636,
        "Total revenue financing activities": 249,
        "Net profit from business activities": -803,
        "Profit": 1703,
        "Profit before tax": 900,
        "Present corporate income tax expenses": 198,
        "Deferred income taxes expenses": "N/A",
        "The interests of minority shareholders": "N/A",
        "Total Cost of profits": 198,
        "Profit after tax corporate income": 702,
        "Volume": 26999517,
        "Close of Quarter": 5.9,
        "EPS": 582,
        "Non-adjusted EPS": 582,
        "PE": 10.1,
        "Book Price": 13.8
      }
    },
    {
      "quarter": "Q4 2013",
      "income status": {
        "Net sales": 777037,
        "Cost of goods sold": 748582,
        "Gross Profit": 28455,
        "Financial expenses": 13744,
        "Of which: Interest expense": 11635,
        "Cost of sales": 6522,
        "Enterprise cost management": 5042,
        "Total Operating Expenses": 25308,
        "Total revenue financing activities": 1258,
        "Net profit from business activities": 4404,
        "Profit": 733,
        "Profit before tax": 5137,
        "Present corporate income tax expenses": 1297,
        "Deferred income taxes expenses": "N/A",
        "The interests of minority shareholders": "N/A",
        "Total Cost of profits": 1297,
        "Profit after tax corporate income": 3840,
        "Volume": 20000000,
        "Close of Quarter": 5.1,
        "EPS": 658.5,
        "Non-adjusted EPS": 889,
        "PE": 5.7,
        "Book Price": 13.8
      }
    },
    {
      "quarter": "Q3 2013",
      "income status": {
        "Net sales": 806177,
        "Cost of goods sold": 765469,
        "Gross Profit": 40708,
        "Financial expenses": 15210,
        "Of which: Interest expense": 14161,
        "Cost of sales": 20040,
        "Enterprise cost management": 6085,
        "Total Operating Expenses": 41335,
        "Total revenue financing activities": 1057,
        "Net profit from business activities": 430,
        "Profit": 477,
        "Profit before tax": 907,
        "Present corporate income tax expenses": 227,
        "Deferred income taxes expenses": "N/A",
        "The interests of minority shareholders": "N/A",
        "Total Cost of profits": 227,
        "Profit after tax corporate income": 680,
        "Volume": 20000000,
        "Close of Quarter": 4.6,
        "EPS": 543.7,
        "Non-adjusted EPS": 734,
        "PE": 6.2,
        "Book Price": 13.6
      }
    },
    {
      "quarter": "Q2 2013",
      "income status": {
        "Net sales": 939135,
        "Cost of goods sold": 879881,
        "Gross Profit": 59255,
        "Financial expenses": 33141,
        "Of which: Interest expense": 25219,
        "Cost of sales": 9539,
        "Enterprise cost management": 7672,
        "Total Operating Expenses": 50352,
        "Total revenue financing activities": 3585,
        "Net profit from business activities": 12488,
        "Profit": 1486,
        "Profit before tax": 13975,
        "Present corporate income tax expenses": 3477,
        "Deferred income taxes expenses": "N/A",
        "The interests of minority shareholders": "N/A",
        "Total Cost of profits": 3477,
        "Profit after tax corporate income": 10498,
        "Volume": 20000000,
        "Close of Quarter": 4.4,
        "EPS": 768.2,
        "Non-adjusted EPS": 1037,
        "PE": 4.3,
        "Book Price": 13.6
      }
    },
    {
      "quarter": "Q4 2012",
      "income status": {
        "Net sales": 440197,
        "Cost of goods sold": 417599,
        "Gross Profit": 22598,
        "Financial expenses": 14592,
        "Of which: Interest expense": 13024,
        "Cost of sales": 3604,
        "Enterprise cost management": 3373,
        "Total Operating Expenses": 21569,
        "Total revenue financing activities": 1323,
        "Net profit from business activities": 2352,
        "Profit": 1436,
        "Profit before tax": 3788,
        "Present corporate income tax expenses": 1025,
        "Deferred income taxes expenses": "N/A",
        "The interests of minority shareholders": "N/A",
        "Total Cost of profits": 1025,
        "Profit after tax corporate income": 2763,
        "Volume": 20000000,
        "Close of Quarter": 3.9,
        "EPS": 483.7,
        "Non-adjusted EPS": 653,
        "PE": 6.0,
        "Book Price": 13.3
      }
    },
    {
      "quarter": "Q3 2012",
      "income status": {
        "Net sales": 254177,
        "Cost of goods sold": 238079,
        "Gross Profit": 16099,
        "Financial expenses": 14021,
        "Of which: Interest expense": 12272,
        "Cost of sales": 1161,
        "Enterprise cost management": 2753,
        "Total Operating Expenses": 17935,
        "Total revenue financing activities": 956,
        "Net profit from business activities": -880,
        "Profit": 1618,
        "Profit before tax": 738,
        "Present corporate income tax expenses": "N/A",
        "Deferred income taxes expenses": "N/A",
        "The interests of minority shareholders": "N/A",
        "Total Cost of profits": 0,
        "Profit after tax corporate income": 738,
        "Volume": 20000000,
        "Close of Quarter": 3.9,
        "EPS": 953.4,
        "Non-adjusted EPS": 1287,
        "PE": 3.0,
        "Book Price": 13.3
      }
    },
    {
      "quarter": "Q2 2012",
      "income status": {
        "Net sales": 226697,
        "Cost of goods sold": 203003,
        "Gross Profit": 23694,
        "Financial expenses": 12400,
        "Of which: Interest expense": 12326,
        "Cost of sales": 1030,
        "Enterprise cost management": 2643,
        "Total Operating Expenses": 16073,
        "Total revenue financing activities": -2042,
        "Net profit from business activities": 5580,
        "Profit": 2651,
        "Profit before tax": 8231,
        "Present corporate income tax expenses": 1500,
        "Deferred income taxes expenses": "N/A",
        "The interests of minority shareholders": "N/A",
        "Total Cost of profits": 1500,
        "Profit after tax corporate income": 6732,
        "Volume": 20000000,
        "Close of Quarter": 6.3,
        "EPS": 997.8,
        "Non-adjusted EPS": 1347,
        "PE": 4.7,
        "Book Price": 13.2
      }
    },
    {
      "quarter": "Q1 2012",
      "income status": {
        "Net sales": 297419,
        "Cost of goods sold": 278170,
        "Gross Profit": 19249,
        "Financial expenses": 14672,
        "Of which: Interest expense": 13925,
        "Cost of sales": 2303,
        "Enterprise cost management": 3627,
        "Total Operating Expenses": 20602,
        "Total revenue financing activities": 3684,
        "Net profit from business activities": 2330,
        "Profit": 498,
        "Profit before tax": 2828,
        "Present corporate income tax expenses": "N/A",
        "Deferred income taxes expenses": "N/A",
        "The interests of minority shareholders": "N/A",
        "Total Cost of profits": 0,
        "Profit after tax corporate income": 2828,
        "Volume": 20000000,
        "Close of Quarter": 6.7,
        "EPS": 1303.7,
        "Non-adjusted EPS": 1760,
        "PE": 3.8,
        "Book Price": 13.0
      }
    },
    {
      "quarter": "Q4 2011",
      "income status": {
        "Net sales": 376122,
        "Cost of goods sold": 349969,
        "Gross Profit": 26152,
        "Financial expenses": 14884,
        "Of which: Interest expense": 13111,
        "Cost of sales": 2330,
        "Enterprise cost management": 3732,
        "Total Operating Expenses": 20946,
        "Total revenue financing activities": 1875,
        "Net profit from business activities": 7080,
        "Profit": 11943,
        "Profit before tax": 19024,
        "Present corporate income tax expenses": 3580,
        "Deferred income taxes expenses": "N/A",
        "The interests of minority shareholders": "N/A",
        "Total Cost of profits": 3580,
        "Profit after tax corporate income": 15444,
        "Volume": 20000000,
        "Close of Quarter": 9.8,
        "EPS": 1888.9,
        "Non-adjusted EPS": 2550,
        "PE": 3.9,
        "Book Price": 12.9
      }
    },
    {
      "quarter": "Q3 2011",
      "income status": {
        "Net sales": 264436,
        "Cost of goods sold": 242111,
        "Gross Profit": 22326,
        "Financial expenses": 16284,
        "Of which: Interest expense": 15436,
        "Cost of sales": 1649,
        "Enterprise cost management": 4940,
        "Total Operating Expenses": 22873,
        "Total revenue financing activities": 50,
        "Net profit from business activities": -497,
        "Profit": 2428,
        "Profit before tax": 1931,
        "Present corporate income tax expenses": "N/A",
        "Deferred income taxes expenses": "N/A",
        "The interests of minority shareholders": "N/A",
        "Total Cost of profits": 0,
        "Profit after tax corporate income": 1931,
        "Volume": 20000000,
        "Close of Quarter": 10.1,
        "EPS": 2700.1,
        "Non-adjusted EPS": 3645,
        "PE": 2.8,
        "Book Price": 12.3
      }
    },
    {
      "quarter": "Q2 2011",
      "income status": {
        "Net sales": 196221,
        "Cost of goods sold": 165826,
        "Gross Profit": 30394,
        "Financial expenses": 14353,
        "Of which: Interest expense": 9458,
        "Cost of sales": 452,
        "Enterprise cost management": 4111,
        "Total Operating Expenses": 18916,
        "Total revenue financing activities": 176,
        "Net profit from business activities": 11654,
        "Profit": 5483,
        "Profit before tax": 17137,
        "Present corporate income tax expenses": 2142,
        "Deferred income taxes expenses": "N/A",
        "The interests of minority shareholders": "N/A",
        "Total Cost of profits": 2142,
        "Profit after tax corporate income": 14995,
        "Volume": 20000000,
        "Close of Quarter": 8.8,
        "EPS": 3351.9,
        "Non-adjusted EPS": 4525,
        "PE": 1.9,
        "Book Price": 13.8
      }
    },
    {
      "quarter": "Q1 2011",
      "income status": {
        "Net sales": 205683,
        "Cost of goods sold": 177195,
        "Gross Profit": 28488,
        "Financial expenses": 4624,
        "Of which: Interest expense": 4367,
        "Cost of sales": 838,
        "Enterprise cost management": 4333,
        "Total Operating Expenses": 9795,
        "Total revenue financing activities": 2416,
        "Net profit from business activities": 21109,
        "Profit": 187,
        "Profit before tax": 21296,
        "Present corporate income tax expenses": 2662,
        "Deferred income taxes expenses": "N/A",
        "The interests of minority shareholders": "N/A",
        "Total Cost of profits": 2662,
        "Profit after tax corporate income": 18634,
        "Volume": 20000000,
        "Close of Quarter": 9.8,
        "EPS": 3270.4,
        "Non-adjusted EPS": 4415,
        "PE": 2.2,
        "Book Price": 13.1
      }
    }
  ]
}