{
  "ticker": "CDC",
  "data": [
    {
      "quarter": "Q4 2016",
      "income status": {
        "Net sales": 92540,
        "Cost of goods sold": 88793,
        "Gross Profit": 3748,
        "Financial expenses": 30749,
        "Of which: Interest expense": 1941,
        "Cost of sales": 753,
        "Enterprise cost management": 2893,
        "Total Operating Expenses": 34395,
        "Total revenue financing activities": 37452,
        "Net profit from business activities": 6805,
        "Profit": -193,
        "Profit before tax": 6612,
        "Present corporate income tax expenses": 1323,
        "Deferred income taxes expenses": "N/A",
        "The interests of minority shareholders": 2,
        "Total Cost of profits": 1325,
        "Profit after tax corporate income": 5287,
        "Volume": 15706406,
        "Close of Quarter": 12.6,
        "EPS": 1040,
        "Non-adjusted EPS": 1040,
        "PE": 12.1,
        "Book Price": 16.7
      }
    },
    {
      "quarter": "Q3 2016",
      "income status": {
        "Net sales": 41195,
        "Cost of goods sold": 36366,
        "Gross Profit": 4828,
        "Financial expenses": 34705,
        "Of which: Interest expense": 2281,
        "Cost of sales": 720,
        "Enterprise cost management": 3026,
        "Total Operating Expenses": 38451,
        "Total revenue financing activities": 36828,
        "Net profit from business activities": 3205,
        "Profit": 2024,
        "Profit before tax": 5229,
        "Present corporate income tax expenses": 1046,
        "Deferred income taxes expenses": "N/A",
        "The interests of minority shareholders": 4,
        "Total Cost of profits": 1050,
        "Profit after tax corporate income": 4179,
        "Volume": 15706406,
        "Close of Quarter": 12.5,
        "EPS": 1262,
        "Non-adjusted EPS": 1262,
        "PE": 9.9,
        "Book Price": 16.4
      }
    },
    {
      "quarter": "Q2 2016",
      "income status": {
        "Net sales": 58975,
        "Cost of goods sold": 47730,
        "Gross Profit": 11245,
        "Financial expenses": 2804,
        "Of which: Interest expense": 2613,
        "Cost of sales": 1183,
        "Enterprise cost management": 3141,
        "Total Operating Expenses": 7128,
        "Total revenue financing activities": 758,
        "Net profit from business activities": 4875,
        "Profit": -296,
        "Profit before tax": 4579,
        "Present corporate income tax expenses": 916,
        "Deferred income taxes expenses": "N/A",
        "The interests of minority shareholders": "N/A",
        "Total Cost of profits": 916,
        "Profit after tax corporate income": 3663,
        "Volume": 15706406,
        "Close of Quarter": 9.3,
        "EPS": 1139,
        "Non-adjusted EPS": 1139,
        "PE": 8.1,
        "Book Price": 17.1
      }
    },
    {
      "quarter": "Q1 2016",
      "income status": {
        "Net sales": 91678,
        "Cost of goods sold": 80513,
        "Gross Profit": 11166,
        "Financial expenses": 3002,
        "Of which: Interest expense": 2984,
        "Cost of sales": 716,
        "Enterprise cost management": 3870,
        "Total Operating Expenses": 7588,
        "Total revenue financing activities": 488,
        "Net profit from business activities": 4066,
        "Profit": -57,
        "Profit before tax": 4009,
        "Present corporate income tax expenses": 807,
        "Deferred income taxes expenses": "N/A",
        "The interests of minority shareholders": -2,
        "Total Cost of profits": 805,
        "Profit after tax corporate income": 3204,
        "Volume": 15706406,
        "Close of Quarter": 9.3,
        "EPS": 1168,
        "Non-adjusted EPS": 1168,
        "PE": 7.9,
        "Book Price": 16.9
      }
    },
    {
      "quarter": "Q4 2015",
      "income status": {
        "Net sales": 87265,
        "Cost of goods sold": 73685,
        "Gross Profit": 13579,
        "Financial expenses": 3165,
        "Of which: Interest expense": 3171,
        "Cost of sales": 951,
        "Enterprise cost management": 4421,
        "Total Operating Expenses": 8537,
        "Total revenue financing activities": 559,
        "Net profit from business activities": 5601,
        "Profit": 100,
        "Profit before tax": 5702,
        "Present corporate income tax expenses": -2972,
        "Deferred income taxes expenses": "N/A",
        "The interests of minority shareholders": -96,
        "Total Cost of profits": -3068,
        "Profit after tax corporate income": 8770,
        "Volume": 15706406,
        "Close of Quarter": 7.3,
        "EPS": 1140,
        "Non-adjusted EPS": 1140,
        "PE": 6.4,
        "Book Price": 16.8
      }
    },
    {
      "quarter": "Q3 2015",
      "income status": {
        "Net sales": 125278,
        "Cost of goods sold": 106166,
        "Gross Profit": 19112,
        "Financial expenses": 3750,
        "Of which: Interest expense": 3615,
        "Cost of sales": 9895,
        "Enterprise cost management": 2989,
        "Total Operating Expenses": 16634,
        "Total revenue financing activities": 440,
        "Net profit from business activities": 2918,
        "Profit": -37,
        "Profit before tax": 2881,
        "Present corporate income tax expenses": 633,
        "Deferred income taxes expenses": "N/A",
        "The interests of minority shareholders": 3,
        "Total Cost of profits": 636,
        "Profit after tax corporate income": 2245,
        "Volume": 15706406,
        "Close of Quarter": 7.2,
        "EPS": 716,
        "Non-adjusted EPS": 716,
        "PE": 10.1,
        "Book Price": 16.2
      }
    },
    {
      "quarter": "Q2 2015",
      "income status": {
        "Net sales": 62991,
        "Cost of goods sold": 46241,
        "Gross Profit": 16749,
        "Financial expenses": 3719,
        "Of which: Interest expense": 3832,
        "Cost of sales": 2090,
        "Enterprise cost management": 3137,
        "Total Operating Expenses": 8946,
        "Total revenue financing activities": 550,
        "Net profit from business activities": 8355,
        "Profit": -2918,
        "Profit before tax": 5437,
        "Present corporate income tax expenses": 1191,
        "Deferred income taxes expenses": "N/A",
        "The interests of minority shareholders": 119,
        "Total Cost of profits": 1310,
        "Profit after tax corporate income": 4127,
        "Volume": 15706406,
        "Close of Quarter": 8.3,
        "EPS": 728,
        "Non-adjusted EPS": 728,
        "PE": 11.3,
        "Book Price": 16.1
      }
    },
    {
      "quarter": "Q1 2015",
      "income status": {
        "Net sales": 75683,
        "Cost of goods sold": 63484,
        "Gross Profit": 12198,
        "Financial expenses": 3326,
        "Of which: Interest expense": 3286,
        "Cost of sales": 2445,
        "Enterprise cost management": 2997,
        "Total Operating Expenses": 8768,
        "Total revenue financing activities": 265,
        "Net profit from business activities": 3695,
        "Profit": -147,
        "Profit before tax": 3547,
        "Present corporate income tax expenses": 779,
        "Deferred income taxes expenses": "N/A",
        "The interests of minority shareholders": 2,
        "Total Cost of profits": 781,
        "Profit after tax corporate income": 2766,
        "Volume": 15706406,
        "Close of Quarter": 7.6,
        "EPS": 566,
        "Non-adjusted EPS": 566,
        "PE": 13.5,
        "Book Price": 16.4
      }
    },
    {
      "quarter": "Q4 2014",
      "income status": {
        "Net sales": 102471,
        "Cost of goods sold": 92526,
        "Gross Profit": 9945,
        "Financial expenses": 3969,
        "Of which: Interest expense": 3928,
        "Cost of sales": 133,
        "Enterprise cost management": 3635,
        "Total Operating Expenses": 7737,
        "Total revenue financing activities": 161,
        "Net profit from business activities": 2369,
        "Profit": 438,
        "Profit before tax": 2807,
        "Present corporate income tax expenses": 656,
        "Deferred income taxes expenses": "N/A",
        "The interests of minority shareholders": 36,
        "Total Cost of profits": 692,
        "Profit after tax corporate income": 2115,
        "Volume": 14958733,
        "Close of Quarter": 8.1,
        "EPS": 503.8,
        "Non-adjusted EPS": 529,
        "PE": 15.4,
        "Book Price": 16.2
      }
    },
    {
      "quarter": "Q3 2014",
      "income status": {
        "Net sales": 48877,
        "Cost of goods sold": 39671,
        "Gross Profit": 9206,
        "Financial expenses": 1581,
        "Of which: Interest expense": 1757,
        "Cost of sales": 1271,
        "Enterprise cost management": 2953,
        "Total Operating Expenses": 5805,
        "Total revenue financing activities": 128,
        "Net profit from business activities": 3529,
        "Profit": -396,
        "Profit before tax": 3134,
        "Present corporate income tax expenses": 689,
        "Deferred income taxes expenses": "N/A",
        "The interests of minority shareholders": 15,
        "Total Cost of profits": 704,
        "Profit after tax corporate income": 2430,
        "Volume": 14958733,
        "Close of Quarter": 9.3,
        "EPS": 487.6,
        "Non-adjusted EPS": 512,
        "PE": 18.1,
        "Book Price": 16.1
      }
    },
    {
      "quarter": "Q2 2014",
      "income status": {
        "Net sales": 52107,
        "Cost of goods sold": 43822,
        "Gross Profit": 8285,
        "Financial expenses": 2151,
        "Of which: Interest expense": 1939,
        "Cost of sales": 1268,
        "Enterprise cost management": 2909,
        "Total Operating Expenses": 6328,
        "Total revenue financing activities": 215,
        "Net profit from business activities": 2172,
        "Profit": -119,
        "Profit before tax": 2053,
        "Present corporate income tax expenses": 479,
        "Deferred income taxes expenses": "N/A",
        "The interests of minority shareholders": -12,
        "Total Cost of profits": 467,
        "Profit after tax corporate income": 1586,
        "Volume": 14958733,
        "Close of Quarter": 5.4,
        "EPS": 335.2,
        "Non-adjusted EPS": 352,
        "PE": 15.4,
        "Book Price": 15.9
      }
    },
    {
      "quarter": "Q1 2014",
      "income status": {
        "Net sales": 45730,
        "Cost of goods sold": 39514,
        "Gross Profit": 6217,
        "Financial expenses": 1584,
        "Of which: Interest expense": 2047,
        "Cost of sales": 73,
        "Enterprise cost management": 2552,
        "Total Operating Expenses": 4209,
        "Total revenue financing activities": 203,
        "Net profit from business activities": 2211,
        "Profit": 65,
        "Profit before tax": 2276,
        "Present corporate income tax expenses": 505,
        "Deferred income taxes expenses": "N/A",
        "The interests of minority shareholders": -8,
        "Total Cost of profits": 497,
        "Profit after tax corporate income": 1779,
        "Volume": 14958733,
        "Close of Quarter": 8.1,
        "EPS": 239.1,
        "Non-adjusted EPS": 251,
        "PE": 32.2,
        "Book Price": 15.8
      }
    },
    {
      "quarter": "Q4 2013",
      "income status": {
        "Net sales": 64513,
        "Cost of goods sold": 56186,
        "Gross Profit": 8327,
        "Financial expenses": 2220,
        "Of which: Interest expense": 2323,
        "Cost of sales": 179,
        "Enterprise cost management": 3650,
        "Total Operating Expenses": 6049,
        "Total revenue financing activities": 142,
        "Net profit from business activities": 2421,
        "Profit": 54,
        "Profit before tax": 2476,
        "Present corporate income tax expenses": 610,
        "Deferred income taxes expenses": "N/A",
        "The interests of minority shareholders": 7,
        "Total Cost of profits": 617,
        "Profit after tax corporate income": 1858,
        "Volume": 14958733,
        "Close of Quarter": 4.6,
        "EPS": 138.1,
        "Non-adjusted EPS": 145,
        "PE": 31.7,
        "Book Price": 16.1
      }
    },
    {
      "quarter": "Q3 2013",
      "income status": {
        "Net sales": 66570,
        "Cost of goods sold": 62908,
        "Gross Profit": 3662,
        "Financial expenses": 2293,
        "Of which: Interest expense": 2277,
        "Cost of sales": 107,
        "Enterprise cost management": 816,
        "Total Operating Expenses": 3216,
        "Total revenue financing activities": 90,
        "Net profit from business activities": 537,
        "Profit": -423,
        "Profit before tax": 114,
        "Present corporate income tax expenses": 53,
        "Deferred income taxes expenses": "N/A",
        "The interests of minority shareholders": 18,
        "Total Cost of profits": 71,
        "Profit after tax corporate income": 43,
        "Volume": 14958733,
        "Close of Quarter": 3.3,
        "EPS": -41.0,
        "Non-adjusted EPS": -43,
        "PE": -77.7,
        "Book Price": 16
      }
    },
    {
      "quarter": "Q2 2013",
      "income status": {
        "Net sales": 34467,
        "Cost of goods sold": 28859,
        "Gross Profit": 5608,
        "Financial expenses": 3122,
        "Of which: Interest expense": 3159,
        "Cost of sales": 114,
        "Enterprise cost management": 2401,
        "Total Operating Expenses": 5637,
        "Total revenue financing activities": 147,
        "Net profit from business activities": 119,
        "Profit": -49,
        "Profit before tax": 70,
        "Present corporate income tax expenses": 65,
        "Deferred income taxes expenses": "N/A",
        "The interests of minority shareholders": -67,
        "Total Cost of profits": -2,
        "Profit after tax corporate income": 72,
        "Volume": 14958733,
        "Close of Quarter": 3.9,
        "EPS": -16.2,
        "Non-adjusted EPS": -17,
        "PE": -230.6,
        "Book Price": 16.1
      }
    },
    {
      "quarter": "Q1 2013",
      "income status": {
        "Net sales": 24196,
        "Cost of goods sold": 20134,
        "Gross Profit": 4062,
        "Financial expenses": 1609,
        "Of which: Interest expense": 1853,
        "Cost of sales": 180,
        "Enterprise cost management": 2229,
        "Total Operating Expenses": 4018,
        "Total revenue financing activities": 178,
        "Net profit from business activities": 223,
        "Profit": 26,
        "Profit before tax": 249,
        "Present corporate income tax expenses": 56,
        "Deferred income taxes expenses": "N/A",
        "The interests of minority shareholders": "N/A",
        "Total Cost of profits": 56,
        "Profit after tax corporate income": 193,
        "Volume": 14958733,
        "Close of Quarter": 4.1,
        "EPS": -29.5,
        "Non-adjusted EPS": -31,
        "PE": -131.9,
        "Book Price": 16.1
      }
    },
    {
      "quarter": "Q4 2012",
      "income status": {
        "Net sales": 89781,
        "Cost of goods sold": 84944,
        "Gross Profit": 4837,
        "Financial expenses": 2949,
        "Of which: Interest expense": 3805,
        "Cost of sales": 220,
        "Enterprise cost management": 3012,
        "Total Operating Expenses": 6181,
        "Total revenue financing activities": 168,
        "Net profit from business activities": -1176,
        "Profit": 325,
        "Profit before tax": -850,
        "Present corporate income tax expenses": 149,
        "Deferred income taxes expenses": "N/A",
        "The interests of minority shareholders": -41,
        "Total Cost of profits": 108,
        "Profit after tax corporate income": -958,
        "Volume": 14958733,
        "Close of Quarter": 4.2,
        "EPS": 162.9,
        "Non-adjusted EPS": 171,
        "PE": 24.4,
        "Book Price": 16.1
      }
    },
    {
      "quarter": "Q3 2012",
      "income status": {
        "Net sales": 47971,
        "Cost of goods sold": 41377,
        "Gross Profit": 6594,
        "Financial expenses": 2879,
        "Of which: Interest expense": 2449,
        "Cost of sales": 227,
        "Enterprise cost management": 2340,
        "Total Operating Expenses": 5446,
        "Total revenue financing activities": 140,
        "Net profit from business activities": 1288,
        "Profit": -525,
        "Profit before tax": 763,
        "Present corporate income tax expenses": 335,
        "Deferred income taxes expenses": "N/A",
        "The interests of minority shareholders": -15,
        "Total Cost of profits": 320,
        "Profit after tax corporate income": 443,
        "Volume": 14958733,
        "Close of Quarter": 4.4,
        "EPS": 661.0,
        "Non-adjusted EPS": 694,
        "PE": 6.3,
        "Book Price": 16.2
      }
    },
    {
      "quarter": "Q2 2012",
      "income status": {
        "Net sales": 58191,
        "Cost of goods sold": 51901,
        "Gross Profit": 6290,
        "Financial expenses": 1606,
        "Of which: Interest expense": 2437,
        "Cost of sales": 204,
        "Enterprise cost management": 2525,
        "Total Operating Expenses": 4335,
        "Total revenue financing activities": -615,
        "Net profit from business activities": 1341,
        "Profit": -986,
        "Profit before tax": 354,
        "Present corporate income tax expenses": 453,
        "Deferred income taxes expenses": "N/A",
        "The interests of minority shareholders": 47,
        "Total Cost of profits": 500,
        "Profit after tax corporate income": -146,
        "Volume": 14958733,
        "Close of Quarter": 5.2,
        "EPS": 626.7,
        "Non-adjusted EPS": 658,
        "PE": 7.8,
        "Book Price": 16.1
      }
    },
    {
      "quarter": "Q1 2012",
      "income status": {
        "Net sales": 43368,
        "Cost of goods sold": 35416,
        "Gross Profit": 7952,
        "Financial expenses": 2798,
        "Of which: Interest expense": 2795,
        "Cost of sales": 171,
        "Enterprise cost management": 2103,
        "Total Operating Expenses": 5072,
        "Total revenue financing activities": 1042,
        "Net profit from business activities": 3923,
        "Profit": 551,
        "Profit before tax": 4474,
        "Present corporate income tax expenses": 1250,
        "Deferred income taxes expenses": "N/A",
        "The interests of minority shareholders": "N/A",
        "Total Cost of profits": 1250,
        "Profit after tax corporate income": 3223,
        "Volume": 14958733,
        "Close of Quarter": 5.7,
        "EPS": 889.5,
        "Non-adjusted EPS": 934,
        "PE": 6.1,
        "Book Price": 16.3
      }
    },
    {
      "quarter": "Q4 2011",
      "income status": {
        "Net sales": 91199,
        "Cost of goods sold": 76871,
        "Gross Profit": 14328,
        "Financial expenses": 2802,
        "Of which: Interest expense": 2357,
        "Cost of sales": 234,
        "Enterprise cost management": 3000,
        "Total Operating Expenses": 6036,
        "Total revenue financing activities": 398,
        "Net profit from business activities": 8690,
        "Profit": 529,
        "Profit before tax": 9219,
        "Present corporate income tax expenses": 2332,
        "Deferred income taxes expenses": "N/A",
        "The interests of minority shareholders": 20,
        "Total Cost of profits": 2352,
        "Profit after tax corporate income": 6867,
        "Volume": 14958733,
        "Close of Quarter": 4.3,
        "EPS": 1072.4,
        "Non-adjusted EPS": 1126,
        "PE": 3.9,
        "Book Price": 16.1
      }
    },
    {
      "quarter": "Q3 2011",
      "income status": {
        "Net sales": 42218,
        "Cost of goods sold": 37991,
        "Gross Profit": 4228,
        "Financial expenses": 2653,
        "Of which: Interest expense": 2653,
        "Cost of sales": 203,
        "Enterprise cost management": 2450,
        "Total Operating Expenses": 5306,
        "Total revenue financing activities": 837,
        "Net profit from business activities": -241,
        "Profit": 408,
        "Profit before tax": 13116,
        "Present corporate income tax expenses": 251,
        "Deferred income taxes expenses": "N/A",
        "The interests of minority shareholders": 13,
        "Total Cost of profits": 264,
        "Profit after tax corporate income": -98,
        "Volume": 12465715,
        "Close of Quarter": 7.6,
        "EPS": 719.9,
        "Non-adjusted EPS": 907,
        "PE": 8.4,
        "Book Price": 15.5
      }
    },
    {
      "quarter": "Q2 2011",
      "income status": {
        "Net sales": 57935,
        "Cost of goods sold": 46713,
        "Gross Profit": 11223,
        "Financial expenses": 3925,
        "Of which: Interest expense": 3510,
        "Cost of sales": 318,
        "Enterprise cost management": 2721,
        "Total Operating Expenses": 6964,
        "Total revenue financing activities": 620,
        "Net profit from business activities": 4879,
        "Profit": 624,
        "Profit before tax": 5503,
        "Present corporate income tax expenses": 1298,
        "Deferred income taxes expenses": 177,
        "The interests of minority shareholders": 46,
        "Total Cost of profits": 1521,
        "Profit after tax corporate income": 3983,
        "Volume": 12465715,
        "Close of Quarter": 9.5,
        "EPS": 1435.0,
        "Non-adjusted EPS": 1808,
        "PE": 5.3,
        "Book Price": 16.5
      }
    },
    {
      "quarter": "Q1 2011",
      "income status": {
        "Net sales": 76309,
        "Cost of goods sold": 64304,
        "Gross Profit": 12005,
        "Financial expenses": 1877,
        "Of which: Interest expense": 1530,
        "Cost of sales": 337,
        "Enterprise cost management": 2454,
        "Total Operating Expenses": 4668,
        "Total revenue financing activities": 765,
        "Net profit from business activities": 8101,
        "Profit": 48,
        "Profit before tax": 8149,
        "Present corporate income tax expenses": 2056,
        "Deferred income taxes expenses": "N/A",
        "The interests of minority shareholders": 4,
        "Total Cost of profits": 2060,
        "Profit after tax corporate income": 6089,
        "Volume": 12465715,
        "Close of Quarter": 13.3,
        "EPS": 1887.4,
        "Non-adjusted EPS": 2378,
        "PE": 5.6,
        "Book Price": 16.2
      }
    }
  ]
}