{
  "ticker": "KDH",
  "data": [
    {
      "quarter": "Q4 2016",
      "income status": {
        "Net sales": 2189272,
        "Cost of goods sold": 1867791,
        "Gross Profit": 321481,
        "Financial expenses": 51576,
        "Of which: Interest expense": 30260,
        "Cost of sales": 71764,
        "Enterprise cost management": 34072,
        "Total Operating Expenses": 157412,
        "Total revenue financing activities": 11929,
        "Net profit from business activities": 179472,
        "Profit": -14623,
        "Profit before tax": 164850,
        "Present corporate income tax expenses": 39256,
        "Deferred income taxes expenses": 497,
        "The interests of minority shareholders": 18044,
        "Total Cost of profits": 57797,
        "Profit after tax corporate income": 107053,
        "Volume": 233999892,
        "Close of Quarter": 20,
        "EPS": 1615,
        "Non-adjusted EPS": 1615,
        "PE": 12.4,
        "Book Price": 18.8
      }
    },
    {
      "quarter": "Q3 2016",
      "income status": {
        "Net sales": 410637,
        "Cost of goods sold": 230099,
        "Gross Profit": 180537,
        "Financial expenses": 23011,
        "Of which: Interest expense": 7365,
        "Cost of sales": 41082,
        "Enterprise cost management": 27446,
        "Total Operating Expenses": 91539,
        "Total revenue financing activities": 1500,
        "Net profit from business activities": 89361,
        "Profit": -199,
        "Profit before tax": 89162,
        "Present corporate income tax expenses": 31483,
        "Deferred income taxes expenses": 1470,
        "The interests of minority shareholders": -14188,
        "Total Cost of profits": 18765,
        "Profit after tax corporate income": 70398,
        "Volume": 180000000,
        "Close of Quarter": 21.2,
        "EPS": 1540,
        "Non-adjusted EPS": 2002,
        "PE": 10.6,
        "Book Price": 18.9
      }
    },
    {
      "quarter": "Q2 2016",
      "income status": {
        "Net sales": 682429,
        "Cost of goods sold": 434378,
        "Gross Profit": 248051,
        "Financial expenses": 34988,
        "Of which: Interest expense": 3891,
        "Cost of sales": 33340,
        "Enterprise cost management": 26245,
        "Total Operating Expenses": 94573,
        "Total revenue financing activities": 1121,
        "Net profit from business activities": 155896,
        "Profit": -1888,
        "Profit before tax": 154008,
        "Present corporate income tax expenses": 68622,
        "Deferred income taxes expenses": -28401,
        "The interests of minority shareholders": 6828,
        "Total Cost of profits": 47049,
        "Profit after tax corporate income": 106959,
        "Volume": 180000000,
        "Close of Quarter": 17.1,
        "EPS": 1540.8,
        "Non-adjusted EPS": 2003,
        "PE": 8.5,
        "Book Price": 18.6
      }
    },
    {
      "quarter": "Q1 2016",
      "income status": {
        "Net sales": 569089,
        "Cost of goods sold": 346077,
        "Gross Profit": 223012,
        "Financial expenses": 36886,
        "Of which: Interest expense": 5098,
        "Cost of sales": 26731,
        "Enterprise cost management": 30267,
        "Total Operating Expenses": 93884,
        "Total revenue financing activities": 5570,
        "Net profit from business activities": 141789,
        "Profit": -5866,
        "Profit before tax": 135924,
        "Present corporate income tax expenses": 14286,
        "Deferred income taxes expenses": 24148,
        "The interests of minority shareholders": 3889,
        "Total Cost of profits": 42323,
        "Profit after tax corporate income": 93601,
        "Volume": 180000000,
        "Close of Quarter": 17.2,
        "EPS": 1293.9,
        "Non-adjusted EPS": 1682,
        "PE": 10.2,
        "Book Price": 18
      }
    },
    {
      "quarter": "Q4 2015",
      "income status": {
        "Net sales": 334590,
        "Cost of goods sold": 199465,
        "Gross Profit": 135126,
        "Financial expenses": 32126,
        "Of which: Interest expense": 125,
        "Cost of sales": 39437,
        "Enterprise cost management": 42070,
        "Total Operating Expenses": 113633,
        "Total revenue financing activities": 31612,
        "Net profit from business activities": 70374,
        "Profit": 39273,
        "Profit before tax": 109647,
        "Present corporate income tax expenses": 1302,
        "Deferred income taxes expenses": 217,
        "The interests of minority shareholders": 18653,
        "Total Cost of profits": 20172,
        "Profit after tax corporate income": 89474,
        "Volume": 180000000,
        "Close of Quarter": 16.2,
        "EPS": 1117.7,
        "Non-adjusted EPS": 1453,
        "PE": 11.1,
        "Book Price": 17.9
      }
    },
    {
      "quarter": "Q3 2015",
      "income status": {
        "Net sales": 255192,
        "Cost of goods sold": 198259,
        "Gross Profit": 56933,
        "Financial expenses": 3840,
        "Of which: Interest expense": 1457,
        "Cost of sales": 1321,
        "Enterprise cost management": 12620,
        "Total Operating Expenses": 17781,
        "Total revenue financing activities": 2712,
        "Net profit from business activities": 41864,
        "Profit": 40691,
        "Profit before tax": 82555,
        "Present corporate income tax expenses": 12439,
        "Deferred income taxes expenses": 169,
        "The interests of minority shareholders": -543,
        "Total Cost of profits": 12065,
        "Profit after tax corporate income": 70491,
        "Volume": 126000000,
        "Close of Quarter": 14.1,
        "EPS": 868,
        "Non-adjusted EPS": 1612,
        "PE": 8.7,
        "Book Price": 10.9
      }
    },
    {
      "quarter": "Q2 2015",
      "income status": {
        "Net sales": 300544,
        "Cost of goods sold": 206126,
        "Gross Profit": 94418,
        "Financial expenses": 11387,
        "Of which: Interest expense": 1230,
        "Cost of sales": 11640,
        "Enterprise cost management": 10736,
        "Total Operating Expenses": 33763,
        "Total revenue financing activities": 4873,
        "Net profit from business activities": 65529,
        "Profit": -291,
        "Profit before tax": 65238,
        "Present corporate income tax expenses": 15167,
        "Deferred income taxes expenses": 2745,
        "The interests of minority shareholders": -1904,
        "Total Cost of profits": 16008,
        "Profit after tax corporate income": 49230,
        "Volume": 126000000,
        "Close of Quarter": 14.1,
        "EPS": 696.8,
        "Non-adjusted EPS": 1294,
        "PE": 10.9,
        "Book Price": 10.6
      }
    },
    {
      "quarter": "Q1 2015",
      "income status": {
        "Net sales": 179436,
        "Cost of goods sold": 123246,
        "Gross Profit": 56190,
        "Financial expenses": 8267,
        "Of which: Interest expense": 2563,
        "Cost of sales": 9584,
        "Enterprise cost management": 11661,
        "Total Operating Expenses": 29512,
        "Total revenue financing activities": 35192,
        "Net profit from business activities": 61869,
        "Profit": 524,
        "Profit before tax": 62393,
        "Present corporate income tax expenses": 11531,
        "Deferred income taxes expenses": -281,
        "The interests of minority shareholders": -1168,
        "Total Cost of profits": 10082,
        "Profit after tax corporate income": 52310,
        "Volume": 126000000,
        "Close of Quarter": 14.3,
        "EPS": 616,
        "Non-adjusted EPS": 1144,
        "PE": 12.5,
        "Book Price": 10.4
      }
    },
    {
      "quarter": "Q4 2014",
      "income status": {
        "Net sales": 417326,
        "Cost of goods sold": 353122,
        "Gross Profit": 64204,
        "Financial expenses": 24593,
        "Of which: Interest expense": 19869,
        "Cost of sales": 22017,
        "Enterprise cost management": 9840,
        "Total Operating Expenses": 56450,
        "Total revenue financing activities": 1136,
        "Net profit from business activities": 8881,
        "Profit": 465,
        "Profit before tax": 9347,
        "Present corporate income tax expenses": 390,
        "Deferred income taxes expenses": 7234,
        "The interests of minority shareholders": -29307,
        "Total Cost of profits": -21683,
        "Profit after tax corporate income": 31030,
        "Volume": 75000000,
        "Close of Quarter": 13.2,
        "EPS": 436.2,
        "Non-adjusted EPS": 1361,
        "PE": 9.7,
        "Book Price": 6.6
      }
    },
    {
      "quarter": "Q3 2014",
      "income status": {
        "Net sales": 112660,
        "Cost of goods sold": 108675,
        "Gross Profit": 3985,
        "Financial expenses": 5660,
        "Of which: Interest expense": 5660,
        "Cost of sales": 2452,
        "Enterprise cost management": 9247,
        "Total Operating Expenses": 17359,
        "Total revenue financing activities": 49166,
        "Net profit from business activities": 35792,
        "Profit": 55,
        "Profit before tax": 35847,
        "Present corporate income tax expenses": 15069,
        "Deferred income taxes expenses": 266,
        "The interests of minority shareholders": -9985,
        "Total Cost of profits": 5350,
        "Profit after tax corporate income": 30498,
        "Volume": 75000000,
        "Close of Quarter": 13.5,
        "EPS": 251.9,
        "Non-adjusted EPS": 786,
        "PE": 17.2,
        "Book Price": 6.4
      }
    },
    {
      "quarter": "Q2 2014",
      "income status": {
        "Net sales": 2249,
        "Cost of goods sold": 8939,
        "Gross Profit": -6690,
        "Financial expenses": 13382,
        "Of which: Interest expense": 5651,
        "Cost of sales": 2418,
        "Enterprise cost management": 9020,
        "Total Operating Expenses": 24820,
        "Total revenue financing activities": 79468,
        "Net profit from business activities": 42894,
        "Profit": -37,
        "Profit before tax": 42857,
        "Present corporate income tax expenses": 3891,
        "Deferred income taxes expenses": 8645,
        "The interests of minority shareholders": 29,
        "Total Cost of profits": 12565,
        "Profit after tax corporate income": 30292,
        "Volume": 75000000,
        "Close of Quarter": 10.5,
        "EPS": -267.6,
        "Non-adjusted EPS": -835,
        "PE": -12.6,
        "Book Price": 6.4
      }
    },
    {
      "quarter": "Q1 2014",
      "income status": {
        "Net sales": 79555,
        "Cost of goods sold": 50300,
        "Gross Profit": 29255,
        "Financial expenses": 6020,
        "Of which: Interest expense": 6020,
        "Cost of sales": 733,
        "Enterprise cost management": 7109,
        "Total Operating Expenses": 13862,
        "Total revenue financing activities": 859,
        "Net profit from business activities": 16835,
        "Profit": "N/A",
        "Profit before tax": 16835,
        "Present corporate income tax expenses": "N/A",
        "Deferred income taxes expenses": 6580,
        "The interests of minority shareholders": -34,
        "Total Cost of profits": 6546,
        "Profit after tax corporate income": 10289,
        "Volume": 48069974,
        "Close of Quarter": 10.6,
        "EPS": -638.7,
        "Non-adjusted EPS": -3109,
        "PE": -3.4,
        "Book Price": 4.5
      }
    },
    {
      "quarter": "Q4 2013",
      "income status": {
        "Net sales": 15700,
        "Cost of goods sold": 17988,
        "Gross Profit": -2288,
        "Financial expenses": -9368,
        "Of which: Interest expense": 3789,
        "Cost of sales": -391,
        "Enterprise cost management": 17747,
        "Total Operating Expenses": 7988,
        "Total revenue financing activities": 7121,
        "Net profit from business activities": -3155,
        "Profit": 6,
        "Profit before tax": -5780,
        "Present corporate income tax expenses": -663,
        "Deferred income taxes expenses": -4462,
        "The interests of minority shareholders": 11468,
        "Total Cost of profits": 6343,
        "Profit after tax corporate income": -12123,
        "Volume": 48069974,
        "Close of Quarter": 8.7,
        "EPS": -646.1,
        "Non-adjusted EPS": -3145,
        "PE": -2.8,
        "Book Price": 4.0
      }
    },
    {
      "quarter": "Q3 2013",
      "income status": {
        "Net sales": 28162,
        "Cost of goods sold": 32475,
        "Gross Profit": -4313,
        "Financial expenses": 110668,
        "Of which: Interest expense": 24435,
        "Cost of sales": 876,
        "Enterprise cost management": -1657,
        "Total Operating Expenses": 109887,
        "Total revenue financing activities": 1938,
        "Net profit from business activities": -112262,
        "Profit": -53,
        "Profit before tax": -113686,
        "Present corporate income tax expenses": "N/A",
        "Deferred income taxes expenses": -21498,
        "The interests of minority shareholders": -1123,
        "Total Cost of profits": -22621,
        "Profit after tax corporate income": -91065,
        "Volume": 48069974,
        "Close of Quarter": 6.5,
        "EPS": -840.4,
        "Non-adjusted EPS": -4091,
        "PE": -1.6,
        "Book Price": 4.1
      }
    },
    {
      "quarter": "Q2 2013",
      "income status": {
        "Net sales": -52184,
        "Cost of goods sold": 4760,
        "Gross Profit": -56944,
        "Financial expenses": 13392,
        "Of which: Interest expense": 1018,
        "Cost of sales": -562,
        "Enterprise cost management": 7131,
        "Total Operating Expenses": 19961,
        "Total revenue financing activities": 2422,
        "Net profit from business activities": -74482,
        "Profit": 5229,
        "Profit before tax": -73059,
        "Present corporate income tax expenses": -568,
        "Deferred income taxes expenses": -13374,
        "The interests of minority shareholders": -2559,
        "Total Cost of profits": -16501,
        "Profit after tax corporate income": -56557,
        "Volume": 45869974,
        "Close of Quarter": 6.3,
        "EPS": -449.9,
        "Non-adjusted EPS": -2295,
        "PE": -2.8,
        "Book Price": 4.6
      }
    },
    {
      "quarter": "Q1 2013",
      "income status": {
        "Net sales": 120815,
        "Cost of goods sold": 78992,
        "Gross Profit": 41822,
        "Financial expenses": 13437,
        "Of which: Interest expense": 13437,
        "Cost of sales": 3132,
        "Enterprise cost management": 23490,
        "Total Operating Expenses": 40059,
        "Total revenue financing activities": 1349,
        "Net profit from business activities": 3113,
        "Profit": -125,
        "Profit before tax": 2987,
        "Present corporate income tax expenses": 1232,
        "Deferred income taxes expenses": 1135,
        "The interests of minority shareholders": -7922,
        "Total Cost of profits": -5555,
        "Profit after tax corporate income": 8542,
        "Volume": 45869974,
        "Close of Quarter": 5.2,
        "EPS": -209.9,
        "Non-adjusted EPS": -1071,
        "PE": -4.9,
        "Book Price": 4.8
      }
    },
    {
      "quarter": "Q4 2012",
      "income status": {
        "Net sales": -6062,
        "Cost of goods sold": 28689,
        "Gross Profit": -34752,
        "Financial expenses": 80942,
        "Of which: Interest expense": 10972,
        "Cost of sales": 2,
        "Enterprise cost management": 9729,
        "Total Operating Expenses": 90673,
        "Total revenue financing activities": 57414,
        "Net profit from business activities": -68011,
        "Profit": -361,
        "Profit before tax": -76067,
        "Present corporate income tax expenses": -8883,
        "Deferred income taxes expenses": -7400,
        "The interests of minority shareholders": -2227,
        "Total Cost of profits": -18510,
        "Profit after tax corporate income": -57557,
        "Volume": 41700000,
        "Close of Quarter": 5.9,
        "EPS": -242.7,
        "Non-adjusted EPS": -1362,
        "PE": -4.3,
        "Book Price": 4.8
      }
    },
    {
      "quarter": "Q3 2012",
      "income status": {
        "Net sales": 23273,
        "Cost of goods sold": 4628,
        "Gross Profit": 18645,
        "Financial expenses": 7114,
        "Of which: Interest expense": 7114,
        "Cost of sales": 24,
        "Enterprise cost management": 8183,
        "Total Operating Expenses": 15321,
        "Total revenue financing activities": 3221,
        "Net profit from business activities": 6545,
        "Profit": 2179,
        "Profit before tax": 5768,
        "Present corporate income tax expenses": 36,
        "Deferred income taxes expenses": 4640,
        "The interests of minority shareholders": 813,
        "Total Cost of profits": 5489,
        "Profit after tax corporate income": 279,
        "Volume": 42900000,
        "Close of Quarter": 7.4,
        "EPS": 52.3,
        "Non-adjusted EPS": 285,
        "PE": 26.0,
        "Book Price": 5.0
      }
    },
    {
      "quarter": "Q2 2012",
      "income status": {
        "Net sales": 39215,
        "Cost of goods sold": 34253,
        "Gross Profit": 4962,
        "Financial expenses": 8036,
        "Of which: Interest expense": 6328,
        "Cost of sales": 250,
        "Enterprise cost management": 1950,
        "Total Operating Expenses": 10236,
        "Total revenue financing activities": 3222,
        "Net profit from business activities": -2053,
        "Profit": 14063,
        "Profit before tax": 3168,
        "Present corporate income tax expenses": 10200,
        "Deferred income taxes expenses": -6852,
        "The interests of minority shareholders": 217,
        "Total Cost of profits": 3565,
        "Profit after tax corporate income": -397,
        "Volume": 42900000,
        "Close of Quarter": 10.0,
        "EPS": 84.7,
        "Non-adjusted EPS": 462,
        "PE": 21.5,
        "Book Price": 5.1
      }
    },
    {
      "quarter": "Q1 2012",
      "income status": {
        "Net sales": 21950,
        "Cost of goods sold": 3402,
        "Gross Profit": 18549,
        "Financial expenses": 11524,
        "Of which: Interest expense": 11524,
        "Cost of sales": 292,
        "Enterprise cost management": 7898,
        "Total Operating Expenses": 19714,
        "Total revenue financing activities": 2866,
        "Net profit from business activities": 1700,
        "Profit": 803,
        "Profit before tax": 2833,
        "Present corporate income tax expenses": "N/A",
        "Deferred income taxes expenses": 2265,
        "The interests of minority shareholders": -294,
        "Total Cost of profits": 1971,
        "Profit after tax corporate income": 861,
        "Volume": 42900000,
        "Close of Quarter": 11.1,
        "EPS": 123.2,
        "Non-adjusted EPS": 672,
        "PE": 16.6,
        "Book Price": 4.8
      }
    },
    {
      "quarter": "Q4 2011",
      "income status": {
        "Net sales": -74007,
        "Cost of goods sold": -55385,
        "Gross Profit": -18622,
        "Financial expenses": 77577,
        "Of which: Interest expense": 43380,
        "Cost of sales": 2454,
        "Enterprise cost management": 22025,
        "Total Operating Expenses": 102056,
        "Total revenue financing activities": 93096,
        "Net profit from business activities": 27581,
        "Profit": 2774,
        "Profit before tax": 25431,
        "Present corporate income tax expenses": 23554,
        "Deferred income taxes expenses": -32049,
        "The interests of minority shareholders": "N/A",
        "Total Cost of profits": -8495,
        "Profit after tax corporate income": 11481,
        "Volume": 43900000,
        "Close of Quarter": 11.4,
        "EPS": 166.4,
        "Non-adjusted EPS": 887,
        "PE": 12.9,
        "Book Price": 5.2
      }
    },
    {
      "quarter": "Q3 2011",
      "income status": {
        "Net sales": 66095,
        "Cost of goods sold": 36576,
        "Gross Profit": 29519,
        "Financial expenses": 16161,
        "Of which: Interest expense": 16160,
        "Cost of sales": 1622,
        "Enterprise cost management": 5637,
        "Total Operating Expenses": 23420,
        "Total revenue financing activities": 5131,
        "Net profit from business activities": 11230,
        "Profit": 632,
        "Profit before tax": 11695,
        "Present corporate income tax expenses": "N/A",
        "Deferred income taxes expenses": 2888,
        "The interests of minority shareholders": 949,
        "Total Cost of profits": 3837,
        "Profit after tax corporate income": 7859,
        "Volume": 43900000,
        "Close of Quarter": 19.6,
        "EPS": 332.1,
        "Non-adjusted EPS": 1770,
        "PE": 11.1,
        "Book Price": 5.2
      }
    },
    {
      "quarter": "Q2 2011",
      "income status": {
        "Net sales": 132986,
        "Cost of goods sold": 101867,
        "Gross Profit": 31119,
        "Financial expenses": 16645,
        "Of which: Interest expense": 16645,
        "Cost of sales": 3352,
        "Enterprise cost management": 8918,
        "Total Operating Expenses": 28915,
        "Total revenue financing activities": 7628,
        "Net profit from business activities": 9832,
        "Profit": 587,
        "Profit before tax": 10614,
        "Present corporate income tax expenses": 40,
        "Deferred income taxes expenses": 9305,
        "The interests of minority shareholders": -7373,
        "Total Cost of profits": 1972,
        "Profit after tax corporate income": 8641,
        "Volume": 43900000,
        "Close of Quarter": 22.4,
        "EPS": 485.0,
        "Non-adjusted EPS": 2585,
        "PE": 8.7,
        "Book Price": 5.2
      }
    },
    {
      "quarter": "Q1 2011",
      "income status": {
        "Net sales": 103889,
        "Cost of goods sold": 67904,
        "Gross Profit": 35985,
        "Financial expenses": 11438,
        "Of which: Interest expense": 11115,
        "Cost of sales": 1092,
        "Enterprise cost management": 9468,
        "Total Operating Expenses": 21998,
        "Total revenue financing activities": 7724,
        "Net profit from business activities": 21712,
        "Profit": 337,
        "Profit before tax": 21918,
        "Present corporate income tax expenses": 94,
        "Deferred income taxes expenses": 6214,
        "The interests of minority shareholders": 4664,
        "Total Cost of profits": 10972,
        "Profit after tax corporate income": 10945,
        "Volume": 43900000,
        "Close of Quarter": 24.9,
        "EPS": 657.6,
        "Non-adjusted EPS": 3505,
        "PE": 7.1,
        "Book Price": 5.2
      }
    }
  ]
}