{
  "ticker": "CMX",
  "data": [
    {
      "quarter": "Q4 2016",
      "income status": {
        "Net sales": 183562,
        "Cost of goods sold": 211615,
        "Gross Profit": -28053,
        "Financial expenses": 12398,
        "Of which: Interest expense": 8505,
        "Cost of sales": 10796,
        "Enterprise cost management": 9194,
        "Total Operating Expenses": 32388,
        "Total revenue financing activities": 1978,
        "Net profit from business activities": -58463,
        "Profit": -1758,
        "Profit before tax": -60221,
        "Present corporate income tax expenses": 355,
        "Deferred income taxes expenses": "N/A",
        "The interests of minority shareholders": "N/A",
        "Total Cost of profits": 355,
        "Profit after tax corporate income": -60576,
        "Volume": 13221234,
        "Close of Quarter": 4.5,
        "EPS": -3832,
        "Non-adjusted EPS": -3832,
        "PE": -1.2,
        "Book Price": 1.2
      }
    },
    {
      "quarter": "Q3 2016",
      "income status": {
        "Net sales": 220396,
        "Cost of goods sold": 187809,
        "Gross Profit": 32587,
        "Financial expenses": 6648,
        "Of which: Interest expense": 6385,
        "Cost of sales": 11624,
        "Enterprise cost management": 11249,
        "Total Operating Expenses": 29521,
        "Total revenue financing activities": 565,
        "Net profit from business activities": 3631,
        "Profit": 670,
        "Profit before tax": 4301,
        "Present corporate income tax expenses": 569,
        "Deferred income taxes expenses": "N/A",
        "The interests of minority shareholders": "N/A",
        "Total Cost of profits": 569,
        "Profit after tax corporate income": 3732,
        "Volume": 13221234,
        "Close of Quarter": 5.2,
        "EPS": 878,
        "Non-adjusted EPS": 878,
        "PE": 5.9,
        "Book Price": 5.8
      }
    },
    {
      "quarter": "Q2 2016",
      "income status": {
        "Net sales": 263605,
        "Cost of goods sold": 228935,
        "Gross Profit": 34670,
        "Financial expenses": 9004,
        "Of which: Interest expense": 7563,
        "Cost of sales": 9161,
        "Enterprise cost management": 10909,
        "Total Operating Expenses": 29074,
        "Total revenue financing activities": 1572,
        "Net profit from business activities": 7168,
        "Profit": -4082,
        "Profit before tax": 3086,
        "Present corporate income tax expenses": 758,
        "Deferred income taxes expenses": -34,
        "The interests of minority shareholders": "N/A",
        "Total Cost of profits": 724,
        "Profit after tax corporate income": 2362,
        "Volume": 13221234,
        "Close of Quarter": 4.7,
        "EPS": 1263,
        "Non-adjusted EPS": 1263,
        "PE": 3.7,
        "Book Price": 5.5
      }
    },
    {
      "quarter": "Q1 2016",
      "income status": {
        "Net sales": 174576,
        "Cost of goods sold": 150698,
        "Gross Profit": 23878,
        "Financial expenses": 6412,
        "Of which: Interest expense": 4391,
        "Cost of sales": 8342,
        "Enterprise cost management": 8021,
        "Total Operating Expenses": 22775,
        "Total revenue financing activities": 3420,
        "Net profit from business activities": 4524,
        "Profit": -358,
        "Profit before tax": 4165,
        "Present corporate income tax expenses": 351,
        "Deferred income taxes expenses": "N/A",
        "The interests of minority shareholders": "N/A",
        "Total Cost of profits": 351,
        "Profit after tax corporate income": 3814,
        "Volume": 13221234,
        "Close of Quarter": 5.2,
        "EPS": 1699,
        "Non-adjusted EPS": 1699,
        "PE": 3.1,
        "Book Price": 5.3
      }
    },
    {
      "quarter": "Q4 2015",
      "income status": {
        "Net sales": 208692,
        "Cost of goods sold": 177203,
        "Gross Profit": 31488,
        "Financial expenses": 10757,
        "Of which: Interest expense": 7116,
        "Cost of sales": 12604,
        "Enterprise cost management": 8196,
        "Total Operating Expenses": 31557,
        "Total revenue financing activities": 3206,
        "Net profit from business activities": 3136,
        "Profit": -801,
        "Profit before tax": 2336,
        "Present corporate income tax expenses": 634,
        "Deferred income taxes expenses": "N/A",
        "The interests of minority shareholders": "N/A",
        "Total Cost of profits": 634,
        "Profit after tax corporate income": 1702,
        "Volume": 13221234,
        "Close of Quarter": 5,
        "EPS": 1970,
        "Non-adjusted EPS": 1970,
        "PE": 2.5,
        "Book Price": 5.1
      }
    },
    {
      "quarter": "Q3 2015",
      "income status": {
        "Net sales": 206179,
        "Cost of goods sold": 168671,
        "Gross Profit": 37507,
        "Financial expenses": 11310,
        "Of which: Interest expense": 4527,
        "Cost of sales": 8627,
        "Enterprise cost management": 9682,
        "Total Operating Expenses": 29619,
        "Total revenue financing activities": 2857,
        "Net profit from business activities": 10746,
        "Profit": -1038,
        "Profit before tax": 9708,
        "Present corporate income tax expenses": 889,
        "Deferred income taxes expenses": "N/A",
        "The interests of minority shareholders": "N/A",
        "Total Cost of profits": 889,
        "Profit after tax corporate income": 8818,
        "Volume": 13221234,
        "Close of Quarter": 5.6,
        "EPS": 2363,
        "Non-adjusted EPS": 2363,
        "PE": 2.4,
        "Book Price": 5
      }
    },
    {
      "quarter": "Q2 2015",
      "income status": {
        "Net sales": 255863,
        "Cost of goods sold": 225160,
        "Gross Profit": 30703,
        "Financial expenses": 10801,
        "Of which: Interest expense": 6586,
        "Cost of sales": 10674,
        "Enterprise cost management": 6808,
        "Total Operating Expenses": 28283,
        "Total revenue financing activities": 1731,
        "Net profit from business activities": 4152,
        "Profit": 5087,
        "Profit before tax": 9239,
        "Present corporate income tax expenses": 1104,
        "Deferred income taxes expenses": 5,
        "The interests of minority shareholders": "N/A",
        "Total Cost of profits": 1109,
        "Profit after tax corporate income": 8130,
        "Volume": 13221234,
        "Close of Quarter": 6.5,
        "EPS": 2268,
        "Non-adjusted EPS": 2268,
        "PE": 2.9,
        "Book Price": 4.3
      }
    },
    {
      "quarter": "Q1 2015",
      "income status": {
        "Net sales": 141388,
        "Cost of goods sold": 116676,
        "Gross Profit": 24712,
        "Financial expenses": 6401,
        "Of which: Interest expense": 3849,
        "Cost of sales": 4752,
        "Enterprise cost management": 5322,
        "Total Operating Expenses": 16475,
        "Total revenue financing activities": 58,
        "Net profit from business activities": 8295,
        "Profit": 870,
        "Profit before tax": 9164,
        "Present corporate income tax expenses": 1762,
        "Deferred income taxes expenses": "N/A",
        "The interests of minority shareholders": "N/A",
        "Total Cost of profits": 1762,
        "Profit after tax corporate income": 7402,
        "Volume": 13221234,
        "Close of Quarter": 7.8,
        "EPS": 2258,
        "Non-adjusted EPS": 2258,
        "PE": 3.5,
        "Book Price": 3.7
      }
    },
    {
      "quarter": "Q4 2014",
      "income status": {
        "Net sales": 193412,
        "Cost of goods sold": 155198,
        "Gross Profit": 38214,
        "Financial expenses": 9435,
        "Of which: Interest expense": 7900,
        "Cost of sales": 9019,
        "Enterprise cost management": 9965,
        "Total Operating Expenses": 28419,
        "Total revenue financing activities": 216,
        "Net profit from business activities": 10010,
        "Profit": -1891,
        "Profit before tax": 8119,
        "Present corporate income tax expenses": 1227,
        "Deferred income taxes expenses": "N/A",
        "The interests of minority shareholders": "N/A",
        "Total Cost of profits": 1227,
        "Profit after tax corporate income": 6892,
        "Volume": 13221234,
        "Close of Quarter": 7.9,
        "EPS": 1839,
        "Non-adjusted EPS": 1839,
        "PE": 4.3,
        "Book Price": 4.4
      }
    },
    {
      "quarter": "Q3 2014",
      "income status": {
        "Net sales": 294157,
        "Cost of goods sold": 263402,
        "Gross Profit": 30756,
        "Financial expenses": 4387,
        "Of which: Interest expense": 3748,
        "Cost of sales": 7421,
        "Enterprise cost management": 7203,
        "Total Operating Expenses": 19011,
        "Total revenue financing activities": 912,
        "Net profit from business activities": 12656,
        "Profit": -3509,
        "Profit before tax": 9147,
        "Present corporate income tax expenses": 1588,
        "Deferred income taxes expenses": "N/A",
        "The interests of minority shareholders": "N/A",
        "Total Cost of profits": 1588,
        "Profit after tax corporate income": 7559,
        "Volume": 13221234,
        "Close of Quarter": 7.8,
        "EPS": 1447,
        "Non-adjusted EPS": 1447,
        "PE": 5.4,
        "Book Price": 3.9
      }
    },
    {
      "quarter": "Q2 2014",
      "income status": {
        "Net sales": 252206,
        "Cost of goods sold": 214823,
        "Gross Profit": 37382,
        "Financial expenses": 12049,
        "Of which: Interest expense": 8334,
        "Cost of sales": 8111,
        "Enterprise cost management": 7755,
        "Total Operating Expenses": 27915,
        "Total revenue financing activities": 834,
        "Net profit from business activities": 10302,
        "Profit": -284,
        "Profit before tax": 10018,
        "Present corporate income tax expenses": 1828,
        "Deferred income taxes expenses": 189,
        "The interests of minority shareholders": "N/A",
        "Total Cost of profits": 2017,
        "Profit after tax corporate income": 8002,
        "Volume": 13221234,
        "Close of Quarter": 5.1,
        "EPS": 920,
        "Non-adjusted EPS": 920,
        "PE": 5.5,
        "Book Price": 3.4
      }
    },
    {
      "quarter": "Q1 2014",
      "income status": {
        "Net sales": 153585,
        "Cost of goods sold": 136769,
        "Gross Profit": 16816,
        "Financial expenses": 4890,
        "Of which: Interest expense": 4854,
        "Cost of sales": 5953,
        "Enterprise cost management": 3727,
        "Total Operating Expenses": 14570,
        "Total revenue financing activities": 834,
        "Net profit from business activities": 3081,
        "Profit": -759,
        "Profit before tax": 2322,
        "Present corporate income tax expenses": 464,
        "Deferred income taxes expenses": "N/A",
        "The interests of minority shareholders": "N/A",
        "Total Cost of profits": 464,
        "Profit after tax corporate income": 1857,
        "Volume": 13221234,
        "Close of Quarter": 5.5,
        "EPS": 400,
        "Non-adjusted EPS": 400,
        "PE": 13.8,
        "Book Price": 2.7
      }
    },
    {
      "quarter": "Q4 2013",
      "income status": {
        "Net sales": 173743,
        "Cost of goods sold": 149622,
        "Gross Profit": 24121,
        "Financial expenses": 10054,
        "Of which: Interest expense": 9413,
        "Cost of sales": 7334,
        "Enterprise cost management": 6056,
        "Total Operating Expenses": 23444,
        "Total revenue financing activities": 1030,
        "Net profit from business activities": 1707,
        "Profit": 430,
        "Profit before tax": 2137,
        "Present corporate income tax expenses": 427,
        "Deferred income taxes expenses": "N/A",
        "The interests of minority shareholders": "N/A",
        "Total Cost of profits": 427,
        "Profit after tax corporate income": 1710,
        "Volume": 13221234,
        "Close of Quarter": 5.7,
        "EPS": 302,
        "Non-adjusted EPS": 302,
        "PE": 18.9,
        "Book Price": 2.5
      }
    },
    {
      "quarter": "Q3 2013",
      "income status": {
        "Net sales": 188337,
        "Cost of goods sold": 171939,
        "Gross Profit": 16398,
        "Financial expenses": 6118,
        "Of which: Interest expense": 5392,
        "Cost of sales": 6987,
        "Enterprise cost management": 4927,
        "Total Operating Expenses": 18032,
        "Total revenue financing activities": 2375,
        "Net profit from business activities": 742,
        "Profit": -7,
        "Profit before tax": 734,
        "Present corporate income tax expenses": 147,
        "Deferred income taxes expenses": "N/A",
        "The interests of minority shareholders": "N/A",
        "Total Cost of profits": 147,
        "Profit after tax corporate income": 588,
        "Volume": 13221234,
        "Close of Quarter": 4.8,
        "EPS": 196,
        "Non-adjusted EPS": 196,
        "PE": 24.5,
        "Book Price": 12.4
      }
    },
    {
      "quarter": "Q2 2013",
      "income status": {
        "Net sales": 147140,
        "Cost of goods sold": 252002,
        "Gross Profit": -104862,
        "Financial expenses": 11259,
        "Of which: Interest expense": 7703,
        "Cost of sales": 5746,
        "Enterprise cost management": 6445,
        "Total Operating Expenses": 23450,
        "Total revenue financing activities": 529,
        "Net profit from business activities": -127783,
        "Profit": 129497,
        "Profit before tax": 1714,
        "Present corporate income tax expenses": 480,
        "Deferred income taxes expenses": 101,
        "The interests of minority shareholders": "N/A",
        "Total Cost of profits": 581,
        "Profit after tax corporate income": 1134,
        "Volume": 13221234,
        "Close of Quarter": 7,
        "EPS": 260,
        "Non-adjusted EPS": 260,
        "PE": 26.9,
        "Book Price": 12.3
      }
    },
    {
      "quarter": "Q1 2013",
      "income status": {
        "Net sales": 93902,
        "Cost of goods sold": 75630,
        "Gross Profit": 18272,
        "Financial expenses": 21881,
        "Of which: Interest expense": 8663,
        "Cost of sales": 4635,
        "Enterprise cost management": 4380,
        "Total Operating Expenses": 30896,
        "Total revenue financing activities": 13119,
        "Net profit from business activities": 496,
        "Profit": 204,
        "Profit before tax": 700,
        "Present corporate income tax expenses": 140,
        "Deferred income taxes expenses": "N/A",
        "The interests of minority shareholders": "N/A",
        "Total Cost of profits": 140,
        "Profit after tax corporate income": 560,
        "Volume": 13221234,
        "Close of Quarter": 4.5,
        "EPS": 313,
        "Non-adjusted EPS": 313,
        "PE": 14.4,
        "Book Price": 12.3
      }
    },
    {
      "quarter": "Q4 2012",
      "income status": {
        "Net sales": 207115,
        "Cost of goods sold": 182300,
        "Gross Profit": 24816,
        "Financial expenses": 10325,
        "Of which: Interest expense": 10264,
        "Cost of sales": 10674,
        "Enterprise cost management": 4036,
        "Total Operating Expenses": 25035,
        "Total revenue financing activities": 444,
        "Net profit from business activities": 224,
        "Profit": 117,
        "Profit before tax": 341,
        "Present corporate income tax expenses": 34,
        "Deferred income taxes expenses": "N/A",
        "The interests of minority shareholders": "N/A",
        "Total Cost of profits": 34,
        "Profit after tax corporate income": 307,
        "Volume": 13221234,
        "Close of Quarter": 3.6,
        "EPS": 508,
        "Non-adjusted EPS": 508,
        "PE": 7.1,
        "Book Price": 12.5
      }
    },
    {
      "quarter": "Q3 2012",
      "income status": {
        "Net sales": 256165,
        "Cost of goods sold": 230283,
        "Gross Profit": 25881,
        "Financial expenses": 10354,
        "Of which: Interest expense": 10294,
        "Cost of sales": 10285,
        "Enterprise cost management": 3928,
        "Total Operating Expenses": 24567,
        "Total revenue financing activities": 305,
        "Net profit from business activities": 1619,
        "Profit": -21,
        "Profit before tax": 1598,
        "Present corporate income tax expenses": 160,
        "Deferred income taxes expenses": "N/A",
        "The interests of minority shareholders": "N/A",
        "Total Cost of profits": 160,
        "Profit after tax corporate income": 1438,
        "Volume": 13221234,
        "Close of Quarter": 4,
        "EPS": 569,
        "Non-adjusted EPS": 569,
        "PE": 7.0,
        "Book Price": 12.5
      }
    },
    {
      "quarter": "Q2 2012",
      "income status": {
        "Net sales": 329441,
        "Cost of goods sold": 291706,
        "Gross Profit": 37736,
        "Financial expenses": 17753,
        "Of which: Interest expense": 17703,
        "Cost of sales": 12746,
        "Enterprise cost management": 4770,
        "Total Operating Expenses": 35269,
        "Total revenue financing activities": 782,
        "Net profit from business activities": 3249,
        "Profit": -1069,
        "Profit before tax": 2180,
        "Present corporate income tax expenses": 329,
        "Deferred income taxes expenses": 13,
        "The interests of minority shareholders": "N/A",
        "Total Cost of profits": 342,
        "Profit after tax corporate income": 1838,
        "Volume": 13221234,
        "Close of Quarter": 4.9,
        "EPS": 784,
        "Non-adjusted EPS": 784,
        "PE": 6.3,
        "Book Price": 12.4
      }
    },
    {
      "quarter": "Q1 2012",
      "income status": {
        "Net sales": 221923,
        "Cost of goods sold": 189410,
        "Gross Profit": 32513,
        "Financial expenses": 19448,
        "Of which: Interest expense": 17467,
        "Cost of sales": 8014,
        "Enterprise cost management": 4466,
        "Total Operating Expenses": 31928,
        "Total revenue financing activities": 2532,
        "Net profit from business activities": 3117,
        "Profit": 370,
        "Profit before tax": 3487,
        "Present corporate income tax expenses": 349,
        "Deferred income taxes expenses": "N/A",
        "The interests of minority shareholders": "N/A",
        "Total Cost of profits": 349,
        "Profit after tax corporate income": 3138,
        "Volume": 13221234,
        "Close of Quarter": 4.7,
        "EPS": 2526,
        "Non-adjusted EPS": 2526,
        "PE": 1.9,
        "Book Price": 12.3
      }
    },
    {
      "quarter": "Q4 2011",
      "income status": {
        "Net sales": 307036,
        "Cost of goods sold": 270669,
        "Gross Profit": 36367,
        "Financial expenses": 29542,
        "Of which: Interest expense": 21827,
        "Cost of sales": 15281,
        "Enterprise cost management": 4187,
        "Total Operating Expenses": 49010,
        "Total revenue financing activities": 14307,
        "Net profit from business activities": 1664,
        "Profit": -436,
        "Profit before tax": 1228,
        "Present corporate income tax expenses": 123,
        "Deferred income taxes expenses": "N/A",
        "The interests of minority shareholders": "N/A",
        "Total Cost of profits": 123,
        "Profit after tax corporate income": 1105,
        "Volume": 13221234,
        "Close of Quarter": 5,
        "EPS": 741,
        "Non-adjusted EPS": 741,
        "PE": 6.8,
        "Book Price": 13.6
      }
    },
    {
      "quarter": "Q3 2011",
      "income status": {
        "Net sales": 283654,
        "Cost of goods sold": 239595,
        "Gross Profit": 44059,
        "Financial expenses": 18008,
        "Of which: Interest expense": 14231,
        "Cost of sales": 20615,
        "Enterprise cost management": 4604,
        "Total Operating Expenses": 43227,
        "Total revenue financing activities": 3518,
        "Net profit from business activities": 4350,
        "Profit": 414,
        "Profit before tax": 4764,
        "Present corporate income tax expenses": 476,
        "Deferred income taxes expenses": "N/A",
        "The interests of minority shareholders": "N/A",
        "Total Cost of profits": 476,
        "Profit after tax corporate income": 4288,
        "Volume": 11496797,
        "Close of Quarter": 8.3,
        "EPS": 250.4,
        "Non-adjusted EPS": 288,
        "PE": 28.8,
        "Book Price": 13.5
      }
    },
    {
      "quarter": "Q2 2011",
      "income status": {
        "Net sales": 344188,
        "Cost of goods sold": 308678,
        "Gross Profit": 35510,
        "Financial expenses": 20740,
        "Of which: Interest expense": 17815,
        "Cost of sales": 20485,
        "Enterprise cost management": 9331,
        "Total Operating Expenses": 50556,
        "Total revenue financing activities": 7601,
        "Net profit from business activities": -7444,
        "Profit": 32573,
        "Profit before tax": 25129,
        "Present corporate income tax expenses": 260,
        "Deferred income taxes expenses": "N/A",
        "The interests of minority shareholders": "N/A",
        "Total Cost of profits": 260,
        "Profit after tax corporate income": 24869,
        "Volume": 11496797,
        "Close of Quarter": 7.3,
        "EPS": 247.8,
        "Non-adjusted EPS": 285,
        "PE": 25.6,
        "Book Price": 13.2
      }
    },
    {
      "quarter": "Q1 2011",
      "income status": {
        "Net sales": 237562,
        "Cost of goods sold": 246805,
        "Gross Profit": -9244,
        "Financial expenses": 35929,
        "Of which: Interest expense": 18808,
        "Cost of sales": 9050,
        "Enterprise cost management": 4161,
        "Total Operating Expenses": 49140,
        "Total revenue financing activities": 17831,
        "Net profit from business activities": -40553,
        "Profit": 15307,
        "Profit before tax": -25246,
        "Present corporate income tax expenses": -4775,
        "Deferred income taxes expenses": "N/A",
        "The interests of minority shareholders": "N/A",
        "Total Cost of profits": -4775,
        "Profit after tax corporate income": -20471,
        "Volume": 11496797,
        "Close of Quarter": 10.8,
        "EPS": 627.8,
        "Non-adjusted EPS": 722,
        "PE": 14.9,
        "Book Price": 11.1
      }
    }
  ]
}