{
  "ticker": "PVT",
  "data": [
    {
      "quarter": "Q4 2016",
      "income status": {
        "Net sales": 1917783,
        "Cost of goods sold": 1714463,
        "Gross Profit": 203320,
        "Financial expenses": 54355,
        "Of which: Interest expense": 35693,
        "Cost of sales": 3316,
        "Enterprise cost management": 57783,
        "Total Operating Expenses": 115454,
        "Total revenue financing activities": 46963,
        "Net profit from business activities": 142631,
        "Profit": 4897,
        "Profit before tax": 147528,
        "Present corporate income tax expenses": 40741,
        "Deferred income taxes expenses": 519,
        "The interests of minority shareholders": -6346,
        "Total Cost of profits": 34914,
        "Profit after tax corporate income": 112614,
        "Volume": 281440162,
        "Close of Quarter": 10.8,
        "EPS": 1468,
        "Non-adjusted EPS": 1468,
        "PE": 7.4,
        "Book Price": 15.4
      }
    },
    {
      "quarter": "Q3 2016",
      "income status": {
        "Net sales": 1602141,
        "Cost of goods sold": 1416913,
        "Gross Profit": 185229,
        "Financial expenses": 31153,
        "Of which: Interest expense": 28215,
        "Cost of sales": 1828,
        "Enterprise cost management": 56918,
        "Total Operating Expenses": 89899,
        "Total revenue financing activities": 35559,
        "Net profit from business activities": 138649,
        "Profit": 10930,
        "Profit before tax": 149579,
        "Present corporate income tax expenses": 22950,
        "Deferred income taxes expenses": 58,
        "The interests of minority shareholders": 17659,
        "Total Cost of profits": 40667,
        "Profit after tax corporate income": 108912,
        "Volume": 255857542,
        "Close of Quarter": 13.4,
        "EPS": 1617.3,
        "Non-adjusted EPS": 1779,
        "PE": 7.6,
        "Book Price": 15
      }
    },
    {
      "quarter": "Q2 2016",
      "income status": {
        "Net sales": 1731104,
        "Cost of goods sold": 1506942,
        "Gross Profit": 224162,
        "Financial expenses": 27541,
        "Of which: Interest expense": 30139,
        "Cost of sales": 1742,
        "Enterprise cost management": 61429,
        "Total Operating Expenses": 90712,
        "Total revenue financing activities": 28046,
        "Net profit from business activities": 166775,
        "Profit": 17003,
        "Profit before tax": 183779,
        "Present corporate income tax expenses": 33469,
        "Deferred income taxes expenses": 1778,
        "The interests of minority shareholders": 31200,
        "Total Cost of profits": 66447,
        "Profit after tax corporate income": 117332,
        "Volume": 255857542,
        "Close of Quarter": 11.1,
        "EPS": 1449.1,
        "Non-adjusted EPS": 1594,
        "PE": 7.0,
        "Book Price": 15.3
      }
    },
    {
      "quarter": "Q1 2016",
      "income status": {
        "Net sales": 1533691,
        "Cost of goods sold": 1383687,
        "Gross Profit": 150004,
        "Financial expenses": 36109,
        "Of which: Interest expense": 28900,
        "Cost of sales": 1747,
        "Enterprise cost management": 50143,
        "Total Operating Expenses": 87999,
        "Total revenue financing activities": 47056,
        "Net profit from business activities": 115114,
        "Profit": 6913,
        "Profit before tax": 122027,
        "Present corporate income tax expenses": 22124,
        "Deferred income taxes expenses": 700,
        "The interests of minority shareholders": 24958,
        "Total Cost of profits": 47782,
        "Profit after tax corporate income": 74245,
        "Volume": 255857542,
        "Close of Quarter": 8.3,
        "EPS": 1338.2,
        "Non-adjusted EPS": 1472,
        "PE": 5.6,
        "Book Price": 15.7
      }
    },
    {
      "quarter": "Q4 2015",
      "income status": {
        "Net sales": 1675912,
        "Cost of goods sold": 1424292,
        "Gross Profit": 251621,
        "Financial expenses": 32691,
        "Of which: Interest expense": 32364,
        "Cost of sales": 1802,
        "Enterprise cost management": 53480,
        "Total Operating Expenses": 87973,
        "Total revenue financing activities": 40460,
        "Net profit from business activities": 210048,
        "Profit": 18272,
        "Profit before tax": 228320,
        "Present corporate income tax expenses": 49052,
        "Deferred income taxes expenses": 581,
        "The interests of minority shareholders": 23974,
        "Total Cost of profits": 73607,
        "Profit after tax corporate income": 154713,
        "Volume": 255857542,
        "Close of Quarter": 8.2,
        "EPS": 1256.4,
        "Non-adjusted EPS": 1382,
        "PE": 5.9,
        "Book Price": 15.4
      }
    },
    {
      "quarter": "Q3 2015",
      "income status": {
        "Net sales": 1511482,
        "Cost of goods sold": 1289337,
        "Gross Profit": 222145,
        "Financial expenses": 111594,
        "Of which: Interest expense": 31348,
        "Cost of sales": 2088,
        "Enterprise cost management": 54532,
        "Total Operating Expenses": 168214,
        "Total revenue financing activities": 26803,
        "Net profit from business activities": 91269,
        "Profit": 8890,
        "Profit before tax": 100160,
        "Present corporate income tax expenses": 23886,
        "Deferred income taxes expenses": 101,
        "The interests of minority shareholders": 14558,
        "Total Cost of profits": 38545,
        "Profit after tax corporate income": 61615,
        "Volume": 255857542,
        "Close of Quarter": 8.4,
        "EPS": 1036.4,
        "Non-adjusted EPS": 1140,
        "PE": 7.3,
        "Book Price": 14.7
      }
    },
    {
      "quarter": "Q2 2015",
      "income status": {
        "Net sales": 1414568,
        "Cost of goods sold": 1224898,
        "Gross Profit": 189669,
        "Financial expenses": 55341,
        "Of which: Interest expense": 28127,
        "Cost of sales": 3148,
        "Enterprise cost management": 61608,
        "Total Operating Expenses": 120097,
        "Total revenue financing activities": 32287,
        "Net profit from business activities": 110903,
        "Profit": 20896,
        "Profit before tax": 131799,
        "Present corporate income tax expenses": 24686,
        "Deferred income taxes expenses": -615,
        "The interests of minority shareholders": 21805,
        "Total Cost of profits": 45876,
        "Profit after tax corporate income": 85923,
        "Volume": 255857542,
        "Close of Quarter": 9.6,
        "EPS": 1176.4,
        "Non-adjusted EPS": 1294,
        "PE": 7.5,
        "Book Price": 14.5
      }
    },
    {
      "quarter": "Q1 2015",
      "income status": {
        "Net sales": 1117331,
        "Cost of goods sold": 1007117,
        "Gross Profit": 110215,
        "Financial expenses": 26425,
        "Of which: Interest expense": 4818,
        "Cost of sales": 794,
        "Enterprise cost management": 42159,
        "Total Operating Expenses": 69378,
        "Total revenue financing activities": 32573,
        "Net profit from business activities": 79810,
        "Profit": 4160,
        "Profit before tax": 83970,
        "Present corporate income tax expenses": 15110,
        "Deferred income taxes expenses": 1070,
        "The interests of minority shareholders": 16524,
        "Total Cost of profits": 32704,
        "Profit after tax corporate income": 51266,
        "Volume": 255857542,
        "Close of Quarter": 10.2,
        "EPS": 1172.7,
        "Non-adjusted EPS": 1290,
        "PE": 7.9,
        "Book Price": 14.3
      }
    },
    {
      "quarter": "Q4 2014",
      "income status": {
        "Net sales": 1376989,
        "Cost of goods sold": 1184846,
        "Gross Profit": 192144,
        "Financial expenses": 38411,
        "Of which: Interest expense": 20558,
        "Cost of sales": 1058,
        "Enterprise cost management": 60232,
        "Total Operating Expenses": 99701,
        "Total revenue financing activities": 34655,
        "Net profit from business activities": 136261,
        "Profit": 5654,
        "Profit before tax": 141916,
        "Present corporate income tax expenses": 30075,
        "Deferred income taxes expenses": 1441,
        "The interests of minority shareholders": 17445,
        "Total Cost of profits": 48961,
        "Profit after tax corporate income": 92955,
        "Volume": 255857542,
        "Close of Quarter": 11.3,
        "EPS": 1169.1,
        "Non-adjusted EPS": 1286,
        "PE": 8.8,
        "Book Price": 14.1
      }
    },
    {
      "quarter": "Q3 2014",
      "income status": {
        "Net sales": 1304449,
        "Cost of goods sold": 1225367,
        "Gross Profit": 79082,
        "Financial expenses": 24105,
        "Of which: Interest expense": 22627,
        "Cost of sales": 1944,
        "Enterprise cost management": 41038,
        "Total Operating Expenses": 67087,
        "Total revenue financing activities": 39897,
        "Net profit from business activities": 62261,
        "Profit": 83032,
        "Profit before tax": 145293,
        "Present corporate income tax expenses": 27283,
        "Deferred income taxes expenses": 400,
        "The interests of minority shareholders": 16784,
        "Total Cost of profits": 44467,
        "Profit after tax corporate income": 100825,
        "Volume": 255857542,
        "Close of Quarter": 13.7,
        "EPS": 1049.1,
        "Non-adjusted EPS": 1154,
        "PE": 11.9,
        "Book Price": 13.8
      }
    },
    {
      "quarter": "Q2 2014",
      "income status": {
        "Net sales": 1244241,
        "Cost of goods sold": 1083781,
        "Gross Profit": 160461,
        "Financial expenses": 57021,
        "Of which: Interest expense": 29396,
        "Cost of sales": 2341,
        "Enterprise cost management": 42202,
        "Total Operating Expenses": 101564,
        "Total revenue financing activities": 52450,
        "Net profit from business activities": 116844,
        "Profit": 2583,
        "Profit before tax": 119427,
        "Present corporate income tax expenses": 11003,
        "Deferred income taxes expenses": -141,
        "The interests of minority shareholders": 23428,
        "Total Cost of profits": 34290,
        "Profit after tax corporate income": 85137,
        "Volume": 232600000,
        "Close of Quarter": 9.7,
        "EPS": 857.0,
        "Non-adjusted EPS": 1037,
        "PE": 9.4,
        "Book Price": 13.3
      }
    },
    {
      "quarter": "Q1 2014",
      "income status": {
        "Net sales": 1339482,
        "Cost of goods sold": 1228703,
        "Gross Profit": 110779,
        "Financial expenses": 26279,
        "Of which: Interest expense": 22165,
        "Cost of sales": 661,
        "Enterprise cost management": 42488,
        "Total Operating Expenses": 69428,
        "Total revenue financing activities": 31048,
        "Net profit from business activities": 75487,
        "Profit": 463,
        "Profit before tax": 75950,
        "Present corporate income tax expenses": 14426,
        "Deferred income taxes expenses": 130,
        "The interests of minority shareholders": 11391,
        "Total Cost of profits": 25947,
        "Profit after tax corporate income": 50003,
        "Volume": 232600000,
        "Close of Quarter": 11.6,
        "EPS": 858.7,
        "Non-adjusted EPS": 1039,
        "PE": 11.2,
        "Book Price": 13.1
      }
    },
    {
      "quarter": "Q4 2013",
      "income status": {
        "Net sales": 1444442,
        "Cost of goods sold": 1260191,
        "Gross Profit": 184251,
        "Financial expenses": 33315,
        "Of which: Interest expense": 32972,
        "Cost of sales": 5795,
        "Enterprise cost management": 71575,
        "Total Operating Expenses": 110685,
        "Total revenue financing activities": 37537,
        "Net profit from business activities": 111102,
        "Profit": 3155,
        "Profit before tax": 117959,
        "Present corporate income tax expenses": 27120,
        "Deferred income taxes expenses": -1164,
        "The interests of minority shareholders": 32591,
        "Total Cost of profits": 58547,
        "Profit after tax corporate income": 59412,
        "Volume": 232600000,
        "Close of Quarter": 8.6,
        "EPS": 836.4,
        "Non-adjusted EPS": 1012,
        "PE": 8.5,
        "Book Price": 10
      }
    },
    {
      "quarter": "Q3 2013",
      "income status": {
        "Net sales": 1202169,
        "Cost of goods sold": 1099596,
        "Gross Profit": 102573,
        "Financial expenses": 24366,
        "Of which: Interest expense": 23834,
        "Cost of sales": 2130,
        "Enterprise cost management": 51950,
        "Total Operating Expenses": 78446,
        "Total revenue financing activities": 43102,
        "Net profit from business activities": 67230,
        "Profit": 7287,
        "Profit before tax": 80948,
        "Present corporate income tax expenses": 14099,
        "Deferred income taxes expenses": "N/A",
        "The interests of minority shareholders": 20123,
        "Total Cost of profits": 34222,
        "Profit after tax corporate income": 46726,
        "Volume": 232600000,
        "Close of Quarter": 6.6,
        "EPS": 562,
        "Non-adjusted EPS": 680,
        "PE": 9.7,
        "Book Price": 9.8
      }
    },
    {
      "quarter": "Q2 2013",
      "income status": {
        "Net sales": 1088904,
        "Cost of goods sold": 929136,
        "Gross Profit": 159768,
        "Financial expenses": 73280,
        "Of which: Interest expense": 31903,
        "Cost of sales": 2452,
        "Enterprise cost management": 23212,
        "Total Operating Expenses": 98944,
        "Total revenue financing activities": 51918,
        "Net profit from business activities": 112742,
        "Profit": 1973,
        "Profit before tax": 122299,
        "Present corporate income tax expenses": 26152,
        "Deferred income taxes expenses": 1474,
        "The interests of minority shareholders": 9201,
        "Total Cost of profits": 36827,
        "Profit after tax corporate income": 85473,
        "Volume": 232600000,
        "Close of Quarter": 3.9,
        "EPS": 520.7,
        "Non-adjusted EPS": 630,
        "PE": 6.1,
        "Book Price": 9.6
      }
    },
    {
      "quarter": "Q1 2013",
      "income status": {
        "Net sales": 1235313,
        "Cost of goods sold": 1117253,
        "Gross Profit": 118060,
        "Financial expenses": 43497,
        "Of which: Interest expense": 25045,
        "Cost of sales": 1096,
        "Enterprise cost management": 37653,
        "Total Operating Expenses": 82246,
        "Total revenue financing activities": 23740,
        "Net profit from business activities": 59552,
        "Profit": 4437,
        "Profit before tax": 67623,
        "Present corporate income tax expenses": 14695,
        "Deferred income taxes expenses": "N/A",
        "The interests of minority shareholders": 9114,
        "Total Cost of profits": 23809,
        "Profit after tax corporate income": 43814,
        "Volume": 232600000,
        "Close of Quarter": 3.2,
        "EPS": 381,
        "Non-adjusted EPS": 461,
        "PE": 7.0,
        "Book Price": 9.3
      }
    },
    {
      "quarter": "Q4 2012",
      "income status": {
        "Net sales": 1250405,
        "Cost of goods sold": 1106322,
        "Gross Profit": 144083,
        "Financial expenses": 143414,
        "Of which: Interest expense": 24749,
        "Cost of sales": 3206,
        "Enterprise cost management": 100222,
        "Total Operating Expenses": 246842,
        "Total revenue financing activities": 41960,
        "Net profit from business activities": -60799,
        "Profit": -129,
        "Profit before tax": -55827,
        "Present corporate income tax expenses": 5613,
        "Deferred income taxes expenses": -1480,
        "The interests of minority shareholders": -42137,
        "Total Cost of profits": -38004,
        "Profit after tax corporate income": -17823,
        "Volume": 232600000,
        "Close of Quarter": 3,
        "EPS": 371.1,
        "Non-adjusted EPS": 449,
        "PE": 6.7,
        "Book Price": 9.2
      }
    },
    {
      "quarter": "Q3 2012",
      "income status": {
        "Net sales": 1032196,
        "Cost of goods sold": 900474,
        "Gross Profit": 131721,
        "Financial expenses": 91765,
        "Of which: Interest expense": 33899,
        "Cost of sales": 974,
        "Enterprise cost management": 40957,
        "Total Operating Expenses": 133696,
        "Total revenue financing activities": 32618,
        "Net profit from business activities": 30643,
        "Profit": 1497,
        "Profit before tax": 35316,
        "Present corporate income tax expenses": 4606,
        "Deferred income taxes expenses": "N/A",
        "The interests of minority shareholders": -4413,
        "Total Cost of profits": 193,
        "Profit after tax corporate income": 35122,
        "Volume": 232600000,
        "Close of Quarter": 2.9,
        "EPS": 471.9,
        "Non-adjusted EPS": 571,
        "PE": 5.1,
        "Book Price": 9.1
      }
    },
    {
      "quarter": "Q2 2012",
      "income status": {
        "Net sales": 989117,
        "Cost of goods sold": 942245,
        "Gross Profit": 46871,
        "Financial expenses": 185963,
        "Of which: Interest expense": 41570,
        "Cost of sales": 1457,
        "Enterprise cost management": 36628,
        "Total Operating Expenses": 224048,
        "Total revenue financing activities": 47467,
        "Net profit from business activities": -129711,
        "Profit": 150335,
        "Profit before tax": 23196,
        "Present corporate income tax expenses": 13328,
        "Deferred income taxes expenses": 39,
        "The interests of minority shareholders": -36369,
        "Total Cost of profits": -23002,
        "Profit after tax corporate income": 46199,
        "Volume": 232600000,
        "Close of Quarter": 3.7,
        "EPS": 393.4,
        "Non-adjusted EPS": 476,
        "PE": 7.7,
        "Book Price": 8.8
      }
    },
    {
      "quarter": "Q1 2012",
      "income status": {
        "Net sales": 1199153,
        "Cost of goods sold": 1057053,
        "Gross Profit": 142100,
        "Financial expenses": 83464,
        "Of which: Interest expense": 31509,
        "Cost of sales": 1381,
        "Enterprise cost management": 65086,
        "Total Operating Expenses": 149931,
        "Total revenue financing activities": 34962,
        "Net profit from business activities": 27132,
        "Profit": 1127,
        "Profit before tax": 30791,
        "Present corporate income tax expenses": 7851,
        "Deferred income taxes expenses": -39,
        "The interests of minority shareholders": -18058,
        "Total Cost of profits": -10246,
        "Profit after tax corporate income": 41037,
        "Volume": 232600000,
        "Close of Quarter": 3.3,
        "EPS": 207.4,
        "Non-adjusted EPS": 251,
        "PE": 13.1,
        "Book Price": 8.4
      }
    },
    {
      "quarter": "Q4 2011",
      "income status": {
        "Net sales": 1400527,
        "Cost of goods sold": 1271253,
        "Gross Profit": 129273,
        "Financial expenses": 140523,
        "Of which: Interest expense": 37708,
        "Cost of sales": 5764,
        "Enterprise cost management": 45211,
        "Total Operating Expenses": 191498,
        "Total revenue financing activities": 85503,
        "Net profit from business activities": 23278,
        "Profit": 6086,
        "Profit before tax": 43342,
        "Present corporate income tax expenses": 8550,
        "Deferred income taxes expenses": -785,
        "The interests of minority shareholders": 25125,
        "Total Cost of profits": 32890,
        "Profit after tax corporate income": 10452,
        "Volume": 232600000,
        "Close of Quarter": 2.3,
        "EPS": 102.5,
        "Non-adjusted EPS": 124,
        "PE": 18.2,
        "Book Price": 8.1
      }
    },
    {
      "quarter": "Q3 2011",
      "income status": {
        "Net sales": 856913,
        "Cost of goods sold": 765899,
        "Gross Profit": 91014,
        "Financial expenses": 153925,
        "Of which: Interest expense": 36977,
        "Cost of sales": 877,
        "Enterprise cost management": 31763,
        "Total Operating Expenses": 186565,
        "Total revenue financing activities": 107227,
        "Net profit from business activities": 11675,
        "Profit": 9677,
        "Profit before tax": 32201,
        "Present corporate income tax expenses": 4125,
        "Deferred income taxes expenses": "N/A",
        "The interests of minority shareholders": 4187,
        "Total Cost of profits": 8312,
        "Profit after tax corporate income": 13040,
        "Volume": 232600000,
        "Close of Quarter": 3.7,
        "EPS": 92.6,
        "Non-adjusted EPS": 112,
        "PE": 33.3,
        "Book Price": 8.0
      }
    },
    {
      "quarter": "Q2 2011",
      "income status": {
        "Net sales": 978710,
        "Cost of goods sold": 893968,
        "Gross Profit": 84742,
        "Financial expenses": 133551,
        "Of which: Interest expense": 49076,
        "Cost of sales": 685,
        "Enterprise cost management": 34389,
        "Total Operating Expenses": 168625,
        "Total revenue financing activities": 75623,
        "Net profit from business activities": -8259,
        "Profit": 1890,
        "Profit before tax": -6370,
        "Present corporate income tax expenses": -3887,
        "Deferred income taxes expenses": "N/A",
        "The interests of minority shareholders": 3611,
        "Total Cost of profits": -276,
        "Profit after tax corporate income": -6094,
        "Volume": 232600000,
        "Close of Quarter": 3.4,
        "EPS": -12.4,
        "Non-adjusted EPS": -15,
        "PE": -228.7,
        "Book Price": 7.8
      }
    },
    {
      "quarter": "Q1 2011",
      "income status": {
        "Net sales": 949709,
        "Cost of goods sold": 857604,
        "Gross Profit": 92106,
        "Financial expenses": 96419,
        "Of which: Interest expense": 38474,
        "Cost of sales": 990,
        "Enterprise cost management": 23685,
        "Total Operating Expenses": 121094,
        "Total revenue financing activities": 42909,
        "Net profit from business activities": 13920,
        "Profit": 4009,
        "Profit before tax": 17930,
        "Present corporate income tax expenses": 14110,
        "Deferred income taxes expenses": "N/A",
        "The interests of minority shareholders": -7682,
        "Total Cost of profits": 6428,
        "Profit after tax corporate income": 11502,
        "Volume": 232600000,
        "Close of Quarter": 5.8,
        "EPS": 115.7,
        "Non-adjusted EPS": 140,
        "PE": 41.7,
        "Book Price": 7.8
      }
    }
  ]
}