{
  "ticker": "MIC",
  "data": [
    {
      "quarter": "Q4 2016",
      "income status": {
        "Net sales": 26020,
        "Cost of goods sold": 19180,
        "Gross Profit": 6839,
        "Financial expenses": 189,
        "Of which: Interest expense": 103,
        "Cost of sales": 4959,
        "Enterprise cost management": 2314,
        "Total Operating Expenses": 7462,
        "Total revenue financing activities": 257,
        "Net profit from business activities": -365,
        "Profit": -334,
        "Profit before tax": -699,
        "Present corporate income tax expenses": 176,
        "Deferred income taxes expenses": "N/A",
        "The interests of minority shareholders": "N/A",
        "Total Cost of profits": 176,
        "Profit after tax corporate income": -875,
        "Volume": 5514621,
        "Close of Quarter": 4.8,
        "EPS": 410,
        "Non-adjusted EPS": 410,
        "PE": 11.7,
        "Book Price": 6
      }
    },
    {
      "quarter": "Q3 2016",
      "income status": {
        "Net sales": 31473,
        "Cost of goods sold": 15301,
        "Gross Profit": 16172,
        "Financial expenses": 110,
        "Of which: Interest expense": 83,
        "Cost of sales": 8283,
        "Enterprise cost management": 2598,
        "Total Operating Expenses": 10991,
        "Total revenue financing activities": 61,
        "Net profit from business activities": 5242,
        "Profit": -1104,
        "Profit before tax": 4138,
        "Present corporate income tax expenses": 1176,
        "Deferred income taxes expenses": "N/A",
        "The interests of minority shareholders": "N/A",
        "Total Cost of profits": 1176,
        "Profit after tax corporate income": 2963,
        "Volume": 5514621,
        "Close of Quarter": 5.7,
        "EPS": 605,
        "Non-adjusted EPS": 605,
        "PE": 9.4,
        "Book Price": 6.1
      }
    },
    {
      "quarter": "Q2 2016",
      "income status": {
        "Net sales": 37473,
        "Cost of goods sold": 20268,
        "Gross Profit": 17204,
        "Financial expenses": 155,
        "Of which: Interest expense": 67,
        "Cost of sales": 8896,
        "Enterprise cost management": 2516,
        "Total Operating Expenses": 11567,
        "Total revenue financing activities": 108,
        "Net profit from business activities": 5745,
        "Profit": -5749,
        "Profit before tax": -4,
        "Present corporate income tax expenses": 1344,
        "Deferred income taxes expenses": 10,
        "The interests of minority shareholders": "N/A",
        "Total Cost of profits": 1354,
        "Profit after tax corporate income": -1357,
        "Volume": 5514621,
        "Close of Quarter": 5,
        "EPS": 342,
        "Non-adjusted EPS": 342,
        "PE": 14.6,
        "Book Price": 5.6
      }
    },
    {
      "quarter": "Q1 2016",
      "income status": {
        "Net sales": 25678,
        "Cost of goods sold": 12367,
        "Gross Profit": 13312,
        "Financial expenses": 1667,
        "Of which: Interest expense": 35,
        "Cost of sales": 7108,
        "Enterprise cost management": 2041,
        "Total Operating Expenses": 10816,
        "Total revenue financing activities": 83,
        "Net profit from business activities": 2579,
        "Profit": -180,
        "Profit before tax": 2399,
        "Present corporate income tax expenses": 869,
        "Deferred income taxes expenses": "N/A",
        "The interests of minority shareholders": "N/A",
        "Total Cost of profits": 869,
        "Profit after tax corporate income": 1530,
        "Volume": 5514621,
        "Close of Quarter": 7.4,
        "EPS": 1204,
        "Non-adjusted EPS": 1204,
        "PE": 6.2,
        "Book Price": 8.3
      }
    },
    {
      "quarter": "Q4 2015",
      "income status": {
        "Net sales": 30570,
        "Cost of goods sold": 18147,
        "Gross Profit": 12423,
        "Financial expenses": 5024,
        "Of which: Interest expense": 85,
        "Cost of sales": 6098,
        "Enterprise cost management": 1056,
        "Total Operating Expenses": 12178,
        "Total revenue financing activities": 178,
        "Net profit from business activities": 424,
        "Profit": -186,
        "Profit before tax": 238,
        "Present corporate income tax expenses": 37,
        "Deferred income taxes expenses": "N/A",
        "The interests of minority shareholders": "N/A",
        "Total Cost of profits": 37,
        "Profit after tax corporate income": 202,
        "Volume": 5514621,
        "Close of Quarter": 4.6,
        "EPS": 1266,
        "Non-adjusted EPS": 1266,
        "PE": 3.6,
        "Book Price": 8.9
      }
    },
    {
      "quarter": "Q3 2015",
      "income status": {
        "Net sales": 33447,
        "Cost of goods sold": 16337,
        "Gross Profit": 17110,
        "Financial expenses": 6413,
        "Of which: Interest expense": 244,
        "Cost of sales": 8272,
        "Enterprise cost management": 1097,
        "Total Operating Expenses": 15782,
        "Total revenue financing activities": 538,
        "Net profit from business activities": 1867,
        "Profit": -298,
        "Profit before tax": 1568,
        "Present corporate income tax expenses": 59,
        "Deferred income taxes expenses": "N/A",
        "The interests of minority shareholders": "N/A",
        "Total Cost of profits": 59,
        "Profit after tax corporate income": 1509,
        "Volume": 5514621,
        "Close of Quarter": 9,
        "EPS": 8,
        "Non-adjusted EPS": 8,
        "PE": 1125,
        "Book Price": 8.8
      }
    },
    {
      "quarter": "Q2 2015",
      "income status": {
        "Net sales": 29407,
        "Cost of goods sold": 17937,
        "Gross Profit": 11470,
        "Financial expenses": 448,
        "Of which: Interest expense": 268,
        "Cost of sales": 6022,
        "Enterprise cost management": 1201,
        "Total Operating Expenses": 7671,
        "Total revenue financing activities": 72,
        "Net profit from business activities": 3871,
        "Profit": -369,
        "Profit before tax": 3502,
        "Present corporate income tax expenses": 47,
        "Deferred income taxes expenses": 54,
        "The interests of minority shareholders": "N/A",
        "Total Cost of profits": 101,
        "Profit after tax corporate income": 3401,
        "Volume": 5514621,
        "Close of Quarter": 8.8,
        "EPS": -289,
        "Non-adjusted EPS": -289,
        "PE": -30.5,
        "Book Price": 8.5
      }
    },
    {
      "quarter": "Q1 2015",
      "income status": {
        "Net sales": 25984,
        "Cost of goods sold": 17227,
        "Gross Profit": 8757,
        "Financial expenses": 360,
        "Of which: Interest expense": 278,
        "Cost of sales": 5488,
        "Enterprise cost management": 1322,
        "Total Operating Expenses": 7170,
        "Total revenue financing activities": 12,
        "Net profit from business activities": 1599,
        "Profit": 290,
        "Profit before tax": 1889,
        "Present corporate income tax expenses": 18,
        "Deferred income taxes expenses": "N/A",
        "The interests of minority shareholders": "N/A",
        "Total Cost of profits": 18,
        "Profit after tax corporate income": 1871,
        "Volume": 5455721,
        "Close of Quarter": 10,
        "EPS": -1279.2,
        "Non-adjusted EPS": -1293,
        "PE": -7.7,
        "Book Price": 8.0
      }
    },
    {
      "quarter": "Q4 2014",
      "income status": {
        "Net sales": 16868,
        "Cost of goods sold": 11583,
        "Gross Profit": 5285,
        "Financial expenses": 388,
        "Of which: Interest expense": 391,
        "Cost of sales": 3833,
        "Enterprise cost management": 5630,
        "Total Operating Expenses": 9851,
        "Total revenue financing activities": 1,
        "Net profit from business activities": -4566,
        "Profit": -2169,
        "Profit before tax": -6735,
        "Present corporate income tax expenses": "N/A",
        "Deferred income taxes expenses": "N/A",
        "The interests of minority shareholders": "N/A",
        "Total Cost of profits": 0,
        "Profit after tax corporate income": -6735,
        "Volume": 5455721,
        "Close of Quarter": 4.8,
        "EPS": -2122.1,
        "Non-adjusted EPS": -2145,
        "PE": -2.2,
        "Book Price": 7.6
      }
    },
    {
      "quarter": "Q3 2014",
      "income status": {
        "Net sales": 12203,
        "Cost of goods sold": 9434,
        "Gross Profit": 2769,
        "Financial expenses": 402,
        "Of which: Interest expense": 395,
        "Cost of sales": 1577,
        "Enterprise cost management": 828,
        "Total Operating Expenses": 2807,
        "Total revenue financing activities": 4,
        "Net profit from business activities": -34,
        "Profit": -81,
        "Profit before tax": -115,
        "Present corporate income tax expenses": 17,
        "Deferred income taxes expenses": "N/A",
        "The interests of minority shareholders": "N/A",
        "Total Cost of profits": 17,
        "Profit after tax corporate income": -132,
        "Volume": 5455721,
        "Close of Quarter": 4.8,
        "EPS": -1033.8,
        "Non-adjusted EPS": -1045,
        "PE": -4.6,
        "Book Price": 8.9
      }
    },
    {
      "quarter": "Q2 2014",
      "income status": {
        "Net sales": 10601,
        "Cost of goods sold": 9467,
        "Gross Profit": 1135,
        "Financial expenses": 510,
        "Of which: Interest expense": 522,
        "Cost of sales": 1091,
        "Enterprise cost management": 1434,
        "Total Operating Expenses": 3035,
        "Total revenue financing activities": 75,
        "Net profit from business activities": -1825,
        "Profit": -79,
        "Profit before tax": -1904,
        "Present corporate income tax expenses": "N/A",
        "Deferred income taxes expenses": 155,
        "The interests of minority shareholders": "N/A",
        "Total Cost of profits": 155,
        "Profit after tax corporate income": -2059,
        "Volume": 5455721,
        "Close of Quarter": "N/A",
        "EPS": -1203.0,
        "Non-adjusted EPS": -1216,
        "PE": "N/A",
        "Book Price": 8.9
      }
    },
    {
      "quarter": "Q1 2014",
      "income status": {
        "Net sales": 6610,
        "Cost of goods sold": 6656,
        "Gross Profit": -47,
        "Financial expenses": 468,
        "Of which: Interest expense": 456,
        "Cost of sales": 743,
        "Enterprise cost management": 1443,
        "Total Operating Expenses": 2654,
        "Total revenue financing activities": 4,
        "Net profit from business activities": -2697,
        "Profit": -81,
        "Profit before tax": -2778,
        "Present corporate income tax expenses": "N/A",
        "Deferred income taxes expenses": "N/A",
        "The interests of minority shareholders": "N/A",
        "Total Cost of profits": 0,
        "Profit after tax corporate income": -2778,
        "Volume": 5455721,
        "Close of Quarter": 10.1,
        "EPS": -812.2,
        "Non-adjusted EPS": -821,
        "PE": -12.3,
        "Book Price": 9.3
      }
    },
    {
      "quarter": "Q4 2013",
      "income status": {
        "Net sales": 7614,
        "Cost of goods sold": 6188,
        "Gross Profit": 1426,
        "Financial expenses": 658,
        "Of which: Interest expense": 579,
        "Cost of sales": 1408,
        "Enterprise cost management": 1424,
        "Total Operating Expenses": 3490,
        "Total revenue financing activities": 7,
        "Net profit from business activities": -2056,
        "Profit": 1449,
        "Profit before tax": -607,
        "Present corporate income tax expenses": 124,
        "Deferred income taxes expenses": "N/A",
        "The interests of minority shareholders": "N/A",
        "Total Cost of profits": 124,
        "Profit after tax corporate income": -730,
        "Volume": 5455721,
        "Close of Quarter": 9.6,
        "EPS": -279.0,
        "Non-adjusted EPS": -282,
        "PE": -34.0,
        "Book Price": 11.4
      }
    },
    {
      "quarter": "Q3 2013",
      "income status": {
        "Net sales": 12719,
        "Cost of goods sold": 9477,
        "Gross Profit": 3242,
        "Financial expenses": 639,
        "Of which: Interest expense": 589,
        "Cost of sales": 2911,
        "Enterprise cost management": 1195,
        "Total Operating Expenses": 4745,
        "Total revenue financing activities": 92,
        "Net profit from business activities": -1411,
        "Profit": -92,
        "Profit before tax": -1503,
        "Present corporate income tax expenses": "N/A",
        "Deferred income taxes expenses": -433,
        "The interests of minority shareholders": "N/A",
        "Total Cost of profits": -433,
        "Profit after tax corporate income": -1069,
        "Volume": 5455721,
        "Close of Quarter": 13.1,
        "EPS": -362.1,
        "Non-adjusted EPS": -366,
        "PE": -35.8,
        "Book Price": 11.5
      }
    },
    {
      "quarter": "Q2 2013",
      "income status": {
        "Net sales": 12024,
        "Cost of goods sold": 8654,
        "Gross Profit": 3370,
        "Financial expenses": 927,
        "Of which: Interest expense": 826,
        "Cost of sales": 715,
        "Enterprise cost management": 1902,
        "Total Operating Expenses": 3544,
        "Total revenue financing activities": 70,
        "Net profit from business activities": -104,
        "Profit": 747,
        "Profit before tax": 643,
        "Present corporate income tax expenses": "N/A",
        "Deferred income taxes expenses": 543,
        "The interests of minority shareholders": "N/A",
        "Total Cost of profits": 543,
        "Profit after tax corporate income": 100,
        "Volume": 5455721,
        "Close of Quarter": 14.1,
        "EPS": 321.5,
        "Non-adjusted EPS": 325,
        "PE": 43.4,
        "Book Price": 11.8
      }
    },
    {
      "quarter": "Q1 2013",
      "income status": {
        "Net sales": 18273,
        "Cost of goods sold": 12433,
        "Gross Profit": 5840,
        "Financial expenses": 685,
        "Of which: Interest expense": 679,
        "Cost of sales": 3227,
        "Enterprise cost management": 1694,
        "Total Operating Expenses": 5606,
        "Total revenue financing activities": 17,
        "Net profit from business activities": 251,
        "Profit": -32,
        "Profit before tax": 220,
        "Present corporate income tax expenses": "N/A",
        "Deferred income taxes expenses": 61,
        "The interests of minority shareholders": "N/A",
        "Total Cost of profits": 61,
        "Profit after tax corporate income": 158,
        "Volume": 5455721,
        "Close of Quarter": 13,
        "EPS": -571.8,
        "Non-adjusted EPS": -578,
        "PE": -22.5,
        "Book Price": 11.7
      }
    },
    {
      "quarter": "Q4 2012",
      "income status": {
        "Net sales": 24564,
        "Cost of goods sold": 15485,
        "Gross Profit": 9079,
        "Financial expenses": 985,
        "Of which: Interest expense": 821,
        "Cost of sales": 6230,
        "Enterprise cost management": 1929,
        "Total Operating Expenses": 9144,
        "Total revenue financing activities": 1322,
        "Net profit from business activities": 1256,
        "Profit": -2441,
        "Profit before tax": -1185,
        "Present corporate income tax expenses": "N/A",
        "Deferred income taxes expenses": "N/A",
        "The interests of minority shareholders": "N/A",
        "Total Cost of profits": 0,
        "Profit after tax corporate income": -1185,
        "Volume": 5455721,
        "Close of Quarter": 12.8,
        "EPS": -1085.3,
        "Non-adjusted EPS": -1097,
        "PE": -11.7,
        "Book Price": 12.4
      }
    },
    {
      "quarter": "Q3 2012",
      "income status": {
        "Net sales": 19964,
        "Cost of goods sold": 12624,
        "Gross Profit": 7340,
        "Financial expenses": 802,
        "Of which: Interest expense": 802,
        "Cost of sales": 5656,
        "Enterprise cost management": 1701,
        "Total Operating Expenses": 8159,
        "Total revenue financing activities": 4464,
        "Net profit from business activities": 3645,
        "Profit": -942,
        "Profit before tax": 2703,
        "Present corporate income tax expenses": 5,
        "Deferred income taxes expenses": "N/A",
        "The interests of minority shareholders": "N/A",
        "Total Cost of profits": 5,
        "Profit after tax corporate income": 2698,
        "Volume": 5455721,
        "Close of Quarter": 10.9,
        "EPS": -1179.3,
        "Non-adjusted EPS": -1192,
        "PE": -9.1,
        "Book Price": 12.5
      }
    },
    {
      "quarter": "Q2 2012",
      "income status": {
        "Net sales": 27612,
        "Cost of goods sold": 16762,
        "Gross Profit": 10850,
        "Financial expenses": 1536,
        "Of which: Interest expense": 998,
        "Cost of sales": 7929,
        "Enterprise cost management": 2988,
        "Total Operating Expenses": 12453,
        "Total revenue financing activities": 49,
        "Net profit from business activities": -1555,
        "Profit": -5197,
        "Profit before tax": -6752,
        "Present corporate income tax expenses": -11,
        "Deferred income taxes expenses": -1915,
        "The interests of minority shareholders": "N/A",
        "Total Cost of profits": -1926,
        "Profit after tax corporate income": -4825,
        "Volume": 5455721,
        "Close of Quarter": 14,
        "EPS": -1826.3,
        "Non-adjusted EPS": -1846,
        "PE": -7.6,
        "Book Price": 12.0
      }
    },
    {
      "quarter": "Q1 2012",
      "income status": {
        "Net sales": 13054,
        "Cost of goods sold": 10671,
        "Gross Profit": 2382,
        "Financial expenses": 862,
        "Of which: Interest expense": 858,
        "Cost of sales": 2860,
        "Enterprise cost management": 1815,
        "Total Operating Expenses": 5537,
        "Total revenue financing activities": 15,
        "Net profit from business activities": -3140,
        "Profit": 479,
        "Profit before tax": -2660,
        "Present corporate income tax expenses": 11,
        "Deferred income taxes expenses": "N/A",
        "The interests of minority shareholders": "N/A",
        "Total Cost of profits": 11,
        "Profit after tax corporate income": -2671,
        "Volume": 5455721,
        "Close of Quarter": 13.3,
        "EPS": -511.5,
        "Non-adjusted EPS": -517,
        "PE": -25.7,
        "Book Price": 12.9
      }
    },
    {
      "quarter": "Q4 2011",
      "income status": {
        "Net sales": 23935,
        "Cost of goods sold": 22921,
        "Gross Profit": 1013,
        "Financial expenses": 1507,
        "Of which: Interest expense": "N/A",
        "Cost of sales": 6015,
        "Enterprise cost management": 2613,
        "Total Operating Expenses": 10135,
        "Total revenue financing activities": 264,
        "Net profit from business activities": -8858,
        "Profit": 7153,
        "Profit before tax": -1704,
        "Present corporate income tax expenses": "N/A",
        "Deferred income taxes expenses": "N/A",
        "The interests of minority shareholders": "N/A",
        "Total Cost of profits": 0,
        "Profit after tax corporate income": -1704,
        "Volume": 5455721,
        "Close of Quarter": 10,
        "EPS": 361.1,
        "Non-adjusted EPS": 365,
        "PE": 27.4,
        "Book Price": 16.0
      }
    },
    {
      "quarter": "Q3 2011",
      "income status": {
        "Net sales": 15900,
        "Cost of goods sold": 11773,
        "Gross Profit": 4127,
        "Financial expenses": 1108,
        "Of which: Interest expense": 1053,
        "Cost of sales": 2470,
        "Enterprise cost management": 1644,
        "Total Operating Expenses": 5222,
        "Total revenue financing activities": 170,
        "Net profit from business activities": -925,
        "Profit": 54,
        "Profit before tax": -871,
        "Present corporate income tax expenses": "N/A",
        "Deferred income taxes expenses": "N/A",
        "The interests of minority shareholders": "N/A",
        "Total Cost of profits": 0,
        "Profit after tax corporate income": -871,
        "Volume": 5455721,
        "Close of Quarter": 18.2,
        "EPS": 1129.8,
        "Non-adjusted EPS": 1142,
        "PE": 15.9,
        "Book Price": 16.3
      }
    },
    {
      "quarter": "Q2 2011",
      "income status": {
        "Net sales": 31556,
        "Cost of goods sold": 17001,
        "Gross Profit": 14555,
        "Financial expenses": 1117,
        "Of which: Interest expense": 993,
        "Cost of sales": 9630,
        "Enterprise cost management": 1697,
        "Total Operating Expenses": 12444,
        "Total revenue financing activities": 710,
        "Net profit from business activities": 2820,
        "Profit": 729,
        "Profit before tax": 3550,
        "Present corporate income tax expenses": 1122,
        "Deferred income taxes expenses": "N/A",
        "The interests of minority shareholders": "N/A",
        "Total Cost of profits": 1122,
        "Profit after tax corporate income": 2428,
        "Volume": 5486046,
        "Close of Quarter": 15.2,
        "EPS": 1640.5,
        "Non-adjusted EPS": 1649,
        "PE": 9.2,
        "Book Price": 17.5
      }
    },
    {
      "quarter": "Q1 2011",
      "income status": {
        "Net sales": 18126,
        "Cost of goods sold": 8904,
        "Gross Profit": 9222,
        "Financial expenses": 1017,
        "Of which: Interest expense": 96,
        "Cost of sales": 5387,
        "Enterprise cost management": 1646,
        "Total Operating Expenses": 8050,
        "Total revenue financing activities": 1374,
        "Net profit from business activities": 2546,
        "Profit": 303,
        "Profit before tax": 2849,
        "Present corporate income tax expenses": 712,
        "Deferred income taxes expenses": "N/A",
        "The interests of minority shareholders": "N/A",
        "Total Cost of profits": 712,
        "Profit after tax corporate income": 2137,
        "Volume": 2498652,
        "Close of Quarter": 27.1,
        "EPS": 1610.3,
        "Non-adjusted EPS": 3554,
        "PE": 7.6,
        "Book Price": 17.0
      }
    }
  ]
}