{
  "ticker": "FCM",
  "data": [
    {
      "quarter": "Q4 2016",
      "income status": {
        "Net sales": 158969,
        "Cost of goods sold": 121535,
        "Gross Profit": 37433,
        "Financial expenses": 5507,
        "Of which: Interest expense": 5127,
        "Cost of sales": 13474,
        "Enterprise cost management": 7415,
        "Total Operating Expenses": 26396,
        "Total revenue financing activities": 66,
        "Net profit from business activities": 11104,
        "Profit": -432,
        "Profit before tax": 10672,
        "Present corporate income tax expenses": 1411,
        "Deferred income taxes expenses": "N/A",
        "The interests of minority shareholders": 2465,
        "Total Cost of profits": 3876,
        "Profit after tax corporate income": 6796,
        "Volume": 41000000,
        "Close of Quarter": 4.8,
        "EPS": 973,
        "Non-adjusted EPS": 973,
        "PE": 5.0,
        "Book Price": 13.7
      }
    },
    {
      "quarter": "Q3 2016",
      "income status": {
        "Net sales": 185957,
        "Cost of goods sold": 151714,
        "Gross Profit": 34243,
        "Financial expenses": 5033,
        "Of which: Interest expense": 4852,
        "Cost of sales": 13589,
        "Enterprise cost management": 6037,
        "Total Operating Expenses": 24659,
        "Total revenue financing activities": 82,
        "Net profit from business activities": 9667,
        "Profit": 7551,
        "Profit before tax": 17218,
        "Present corporate income tax expenses": 2942,
        "Deferred income taxes expenses": -903,
        "The interests of minority shareholders": -1623,
        "Total Cost of profits": 416,
        "Profit after tax corporate income": 16802,
        "Volume": 41000000,
        "Close of Quarter": 5.0,
        "EPS": 975,
        "Non-adjusted EPS": 975,
        "PE": 5.2,
        "Book Price": 13.5
      }
    },
    {
      "quarter": "Q2 2016",
      "income status": {
        "Net sales": 195693,
        "Cost of goods sold": 167217,
        "Gross Profit": 28476,
        "Financial expenses": 4584,
        "Of which: Interest expense": 4368,
        "Cost of sales": 8795,
        "Enterprise cost management": 6492,
        "Total Operating Expenses": 19871,
        "Total revenue financing activities": 282,
        "Net profit from business activities": 8887,
        "Profit": 2861,
        "Profit before tax": 11748,
        "Present corporate income tax expenses": 1528,
        "Deferred income taxes expenses": "N/A",
        "The interests of minority shareholders": 1262,
        "Total Cost of profits": 2790,
        "Profit after tax corporate income": 8958,
        "Volume": 41000000,
        "Close of Quarter": 4.4,
        "EPS": 583,
        "Non-adjusted EPS": 583,
        "PE": 7.5,
        "Book Price": 13.4
      }
    },
    {
      "quarter": "Q1 2016",
      "income status": {
        "Net sales": 149217,
        "Cost of goods sold": 119462,
        "Gross Profit": 29755,
        "Financial expenses": 3949,
        "Of which: Interest expense": 3788,
        "Cost of sales": 11998,
        "Enterprise cost management": 6198,
        "Total Operating Expenses": 22145,
        "Total revenue financing activities": 187,
        "Net profit from business activities": 7796,
        "Profit": 178,
        "Profit before tax": 7974,
        "Present corporate income tax expenses": 1717,
        "Deferred income taxes expenses": "N/A",
        "The interests of minority shareholders": -1093,
        "Total Cost of profits": 624,
        "Profit after tax corporate income": 7350,
        "Volume": 41000000,
        "Close of Quarter": 4.7,
        "EPS": 528,
        "Non-adjusted EPS": 528,
        "PE": 8.8,
        "Book Price": 13.8
      }
    },
    {
      "quarter": "Q4 2015",
      "income status": {
        "Net sales": 158629,
        "Cost of goods sold": 133830,
        "Gross Profit": 24799,
        "Financial expenses": 5814,
        "Of which: Interest expense": 5680,
        "Cost of sales": 6182,
        "Enterprise cost management": 4077,
        "Total Operating Expenses": 16073,
        "Total revenue financing activities": 119,
        "Net profit from business activities": 8844,
        "Profit": 533,
        "Profit before tax": 9377,
        "Present corporate income tax expenses": 2670,
        "Deferred income taxes expenses": -592,
        "The interests of minority shareholders": 444,
        "Total Cost of profits": 2522,
        "Profit after tax corporate income": 6855,
        "Volume": 41000000,
        "Close of Quarter": 5.4,
        "EPS": 527,
        "Non-adjusted EPS": 527,
        "PE": 10.3,
        "Book Price": 13.4
      }
    },
    {
      "quarter": "Q3 2015",
      "income status": {
        "Net sales": 93865,
        "Cost of goods sold": 67989,
        "Gross Profit": 25876,
        "Financial expenses": 6421,
        "Of which: Interest expense": 5303,
        "Cost of sales": 12455,
        "Enterprise cost management": 6880,
        "Total Operating Expenses": 25756,
        "Total revenue financing activities": 108,
        "Net profit from business activities": 229,
        "Profit": 277,
        "Profit before tax": 506,
        "Present corporate income tax expenses": 398,
        "Deferred income taxes expenses": "N/A",
        "The interests of minority shareholders": -625,
        "Total Cost of profits": -227,
        "Profit after tax corporate income": 733,
        "Volume": 41000000,
        "Close of Quarter": 5.5,
        "EPS": 535,
        "Non-adjusted EPS": 535,
        "PE": 10.2,
        "Book Price": 13
      }
    },
    {
      "quarter": "Q2 2015",
      "income status": {
        "Net sales": 142846,
        "Cost of goods sold": 100156,
        "Gross Profit": 42690,
        "Financial expenses": 6612,
        "Of which: Interest expense": 5926,
        "Cost of sales": 20968,
        "Enterprise cost management": 7224,
        "Total Operating Expenses": 34804,
        "Total revenue financing activities": -51,
        "Net profit from business activities": 7835,
        "Profit": 1542,
        "Profit before tax": 9376,
        "Present corporate income tax expenses": 1013,
        "Deferred income taxes expenses": 592,
        "The interests of minority shareholders": 1059,
        "Total Cost of profits": 2664,
        "Profit after tax corporate income": 6712,
        "Volume": 41000000,
        "Close of Quarter": 6.2,
        "EPS": 525,
        "Non-adjusted EPS": 525,
        "PE": 11.7,
        "Book Price": 13
      }
    },
    {
      "quarter": "Q1 2015",
      "income status": {
        "Net sales": 131385,
        "Cost of goods sold": 97871,
        "Gross Profit": 33514,
        "Financial expenses": 5811,
        "Of which: Interest expense": 5372,
        "Cost of sales": 11659,
        "Enterprise cost management": 6218,
        "Total Operating Expenses": 23688,
        "Total revenue financing activities": 238,
        "Net profit from business activities": 10064,
        "Profit": 74,
        "Profit before tax": 10138,
        "Present corporate income tax expenses": 1751,
        "Deferred income taxes expenses": "N/A",
        "The interests of minority shareholders": 1085,
        "Total Cost of profits": 2836,
        "Profit after tax corporate income": 7302,
        "Volume": 41000000,
        "Close of Quarter": 7.1,
        "EPS": 449,
        "Non-adjusted EPS": 449,
        "PE": 15.7,
        "Book Price": 13.3
      }
    },
    {
      "quarter": "Q4 2014",
      "income status": {
        "Net sales": 244343,
        "Cost of goods sold": 162862,
        "Gross Profit": 81481,
        "Financial expenses": 7239,
        "Of which: Interest expense": 6479,
        "Cost of sales": 53002,
        "Enterprise cost management": 9364,
        "Total Operating Expenses": 69605,
        "Total revenue financing activities": 219,
        "Net profit from business activities": 12095,
        "Profit": -355,
        "Profit before tax": 11740,
        "Present corporate income tax expenses": 759,
        "Deferred income taxes expenses": 393,
        "The interests of minority shareholders": 3383,
        "Total Cost of profits": 4535,
        "Profit after tax corporate income": 7206,
        "Volume": 41000000,
        "Close of Quarter": 8.4,
        "EPS": 570,
        "Non-adjusted EPS": 570,
        "PE": 14.7,
        "Book Price": 12.4
      }
    },
    {
      "quarter": "Q3 2014",
      "income status": {
        "Net sales": 33679,
        "Cost of goods sold": 15544,
        "Gross Profit": 18136,
        "Financial expenses": 5848,
        "Of which: Interest expense": 5580,
        "Cost of sales": 7343,
        "Enterprise cost management": 5704,
        "Total Operating Expenses": 18895,
        "Total revenue financing activities": 381,
        "Net profit from business activities": -379,
        "Profit": 788,
        "Profit before tax": 409,
        "Present corporate income tax expenses": 689,
        "Deferred income taxes expenses": 1,
        "The interests of minority shareholders": -578,
        "Total Cost of profits": 112,
        "Profit after tax corporate income": 296,
        "Volume": 41000000,
        "Close of Quarter": 10.5,
        "EPS": 867,
        "Non-adjusted EPS": 867,
        "PE": 12.1,
        "Book Price": 12.2
      }
    },
    {
      "quarter": "Q2 2014",
      "income status": {
        "Net sales": 48420,
        "Cost of goods sold": 22745,
        "Gross Profit": 25675,
        "Financial expenses": 5455,
        "Of which: Interest expense": 4535,
        "Cost of sales": 13149,
        "Enterprise cost management": 3068,
        "Total Operating Expenses": 21672,
        "Total revenue financing activities": 13,
        "Net profit from business activities": 4016,
        "Profit": 324,
        "Profit before tax": 4340,
        "Present corporate income tax expenses": 1126,
        "Deferred income taxes expenses": 149,
        "The interests of minority shareholders": -524,
        "Total Cost of profits": 751,
        "Profit after tax corporate income": 3589,
        "Volume": 26800000,
        "Close of Quarter": 11.4,
        "EPS": 731.4,
        "Non-adjusted EPS": 1119,
        "PE": 10.2,
        "Book Price": 7.5
      }
    },
    {
      "quarter": "Q1 2014",
      "income status": {
        "Net sales": 159579,
        "Cost of goods sold": 119258,
        "Gross Profit": 40322,
        "Financial expenses": 4171,
        "Of which: Interest expense": 3989,
        "Cost of sales": 16405,
        "Enterprise cost management": 2737,
        "Total Operating Expenses": 23313,
        "Total revenue financing activities": 15,
        "Net profit from business activities": 17024,
        "Profit": -1042,
        "Profit before tax": 15982,
        "Present corporate income tax expenses": 3720,
        "Deferred income taxes expenses": "N/A",
        "The interests of minority shareholders": "N/A",
        "Total Cost of profits": 3720,
        "Profit after tax corporate income": 12262,
        "Volume": 26800000,
        "Close of Quarter": 12.2,
        "EPS": 885.1,
        "Non-adjusted EPS": 1354,
        "PE": 9.0,
        "Book Price": 7.2
      }
    },
    {
      "quarter": "Q4 2013",
      "income status": {
        "Net sales": 169844,
        "Cost of goods sold": 137585,
        "Gross Profit": 32260,
        "Financial expenses": 6323,
        "Of which: Interest expense": 4879,
        "Cost of sales": 4077,
        "Enterprise cost management": 2848,
        "Total Operating Expenses": 13248,
        "Total revenue financing activities": 83,
        "Net profit from business activities": 19096,
        "Profit": 5311,
        "Profit before tax": 24407,
        "Present corporate income tax expenses": 3473,
        "Deferred income taxes expenses": 1525,
        "The interests of minority shareholders": "N/A",
        "Total Cost of profits": 4998,
        "Profit after tax corporate income": 19409,
        "Volume": 26800000,
        "Close of Quarter": 7.5,
        "EPS": 872.6,
        "Non-adjusted EPS": 1335,
        "PE": 5.6,
        "Book Price": 7.5
      }
    },
    {
      "quarter": "Q3 2013",
      "income status": {
        "Net sales": 22693,
        "Cost of goods sold": 17078,
        "Gross Profit": 5615,
        "Financial expenses": 4917,
        "Of which: Interest expense": 4743,
        "Cost of sales": 3894,
        "Enterprise cost management": 2318,
        "Total Operating Expenses": 11129,
        "Total revenue financing activities": 311,
        "Net profit from business activities": -5203,
        "Profit": -79,
        "Profit before tax": -5282,
        "Present corporate income tax expenses": "N/A",
        "Deferred income taxes expenses": "N/A",
        "The interests of minority shareholders": "N/A",
        "Total Cost of profits": 0,
        "Profit after tax corporate income": -5282,
        "Volume": 26800000,
        "Close of Quarter": 6.5,
        "EPS": 399.4,
        "Non-adjusted EPS": 611,
        "PE": 10.7,
        "Book Price": 7.1
      }
    },
    {
      "quarter": "Q2 2013",
      "income status": {
        "Net sales": 116227,
        "Cost of goods sold": 79660,
        "Gross Profit": 36566,
        "Financial expenses": 4468,
        "Of which: Interest expense": 4058,
        "Cost of sales": 16118,
        "Enterprise cost management": 3170,
        "Total Operating Expenses": 23756,
        "Total revenue financing activities": 394,
        "Net profit from business activities": 13204,
        "Profit": -16,
        "Profit before tax": 13188,
        "Present corporate income tax expenses": 3285,
        "Deferred income taxes expenses": "N/A",
        "The interests of minority shareholders": "N/A",
        "Total Cost of profits": 3285,
        "Profit after tax corporate income": 9903,
        "Volume": 26800000,
        "Close of Quarter": 9.4,
        "EPS": 528.2,
        "Non-adjusted EPS": 808,
        "PE": 11.7,
        "Book Price": 7.1
      }
    },
    {
      "quarter": "Q1 2013",
      "income status": {
        "Net sales": 114721,
        "Cost of goods sold": 75545,
        "Gross Profit": 39175,
        "Financial expenses": 5434,
        "Of which: Interest expense": 5101,
        "Cost of sales": 16221,
        "Enterprise cost management": 2338,
        "Total Operating Expenses": 23993,
        "Total revenue financing activities": 501,
        "Net profit from business activities": 15684,
        "Profit": 8,
        "Profit before tax": 15692,
        "Present corporate income tax expenses": 3937,
        "Deferred income taxes expenses": "N/A",
        "The interests of minority shareholders": "N/A",
        "Total Cost of profits": 3937,
        "Profit after tax corporate income": 11756,
        "Volume": 26800000,
        "Close of Quarter": "N/A",
        "EPS": 287.0,
        "Non-adjusted EPS": 439,
        "PE": "N/A",
        "Book Price": 7.0
      }
    }
  ]
}