{
  "ticker": "VMC",
  "data": [
    {
      "quarter": "Q4 2016",
      "income status": {
        "Net sales": 337397,
        "Cost of goods sold": 322015,
        "Gross Profit": 15381,
        "Financial expenses": 8368,
        "Of which: Interest expense": 8368,
        "Cost of sales": "N/A",
        "Enterprise cost management": 10069,
        "Total Operating Expenses": 18437,
        "Total revenue financing activities": 7119,
        "Net profit from business activities": 4064,
        "Profit": 5425,
        "Profit before tax": 9488,
        "Present corporate income tax expenses": 2264,
        "Deferred income taxes expenses": "N/A",
        "The interests of minority shareholders": 354,
        "Total Cost of profits": 2618,
        "Profit after tax corporate income": 6870,
        "Volume": 10000000,
        "Close of Quarter": 30.5,
        "EPS": 2739,
        "Non-adjusted EPS": 2739,
        "PE": 11.1,
        "Book Price": 26.5
      }
    },
    {
      "quarter": "Q3 2016",
      "income status": {
        "Net sales": 387298,
        "Cost of goods sold": 368301,
        "Gross Profit": 18997,
        "Financial expenses": 9667,
        "Of which: Interest expense": 9667,
        "Cost of sales": "N/A",
        "Enterprise cost management": 8773,
        "Total Operating Expenses": 18440,
        "Total revenue financing activities": 7017,
        "Net profit from business activities": 7574,
        "Profit": -2613,
        "Profit before tax": 4961,
        "Present corporate income tax expenses": 1526,
        "Deferred income taxes expenses": "N/A",
        "The interests of minority shareholders": 62,
        "Total Cost of profits": 1588,
        "Profit after tax corporate income": 3372,
        "Volume": 10000000,
        "Close of Quarter": 33.0,
        "EPS": 2805,
        "Non-adjusted EPS": 2805,
        "PE": 11.8,
        "Book Price": 25.8
      }
    },
    {
      "quarter": "Q2 2016",
      "income status": {
        "Net sales": 405396,
        "Cost of goods sold": 386831,
        "Gross Profit": 18565,
        "Financial expenses": 6654,
        "Of which: Interest expense": 11788,
        "Cost of sales": "N/A",
        "Enterprise cost management": 8927,
        "Total Operating Expenses": 15581,
        "Total revenue financing activities": 5370,
        "Net profit from business activities": 8354,
        "Profit": 4030,
        "Profit before tax": 12384,
        "Present corporate income tax expenses": 2451,
        "Deferred income taxes expenses": "N/A",
        "The interests of minority shareholders": 75,
        "Total Cost of profits": 2526,
        "Profit after tax corporate income": 9858,
        "Volume": 10000000,
        "Close of Quarter": 25.3,
        "EPS": 3046,
        "Non-adjusted EPS": 3046,
        "PE": 8.3,
        "Book Price": 25.4
      }
    },
    {
      "quarter": "Q1 2016",
      "income status": {
        "Net sales": 322129,
        "Cost of goods sold": 304488,
        "Gross Profit": 17640,
        "Financial expenses": 5135,
        "Of which: Interest expense": "N/A",
        "Cost of sales": "N/A",
        "Enterprise cost management": 7230,
        "Total Operating Expenses": 12365,
        "Total revenue financing activities": 3203,
        "Net profit from business activities": 8479,
        "Profit": 592,
        "Profit before tax": 9072,
        "Present corporate income tax expenses": 1772,
        "Deferred income taxes expenses": "N/A",
        "The interests of minority shareholders": 6,
        "Total Cost of profits": 1778,
        "Profit after tax corporate income": 7293,
        "Volume": 10000000,
        "Close of Quarter": 26.6,
        "EPS": 2728,
        "Non-adjusted EPS": 2728,
        "PE": 9.7,
        "Book Price": 24.2
      }
    },
    {
      "quarter": "Q4 2015",
      "income status": {
        "Net sales": 317818,
        "Cost of goods sold": 284372,
        "Gross Profit": 33446,
        "Financial expenses": 8139,
        "Of which: Interest expense": 8139,
        "Cost of sales": "N/A",
        "Enterprise cost management": 14684,
        "Total Operating Expenses": 22823,
        "Total revenue financing activities": 5746,
        "Net profit from business activities": 16368,
        "Profit": -4603,
        "Profit before tax": 11765,
        "Present corporate income tax expenses": 3880,
        "Deferred income taxes expenses": "N/A",
        "The interests of minority shareholders": 354,
        "Total Cost of profits": 4234,
        "Profit after tax corporate income": 7531,
        "Volume": 10000000,
        "Close of Quarter": 21.5,
        "EPS": 2434,
        "Non-adjusted EPS": 2434,
        "PE": 8.8,
        "Book Price": 25.8
      }
    },
    {
      "quarter": "Q3 2015",
      "income status": {
        "Net sales": 290104,
        "Cost of goods sold": 274908,
        "Gross Profit": 15196,
        "Financial expenses": 4415,
        "Of which: Interest expense": 4415,
        "Cost of sales": "N/A",
        "Enterprise cost management": 6311,
        "Total Operating Expenses": 10726,
        "Total revenue financing activities": 202,
        "Net profit from business activities": 4672,
        "Profit": 2777,
        "Profit before tax": 7449,
        "Present corporate income tax expenses": 1644,
        "Deferred income taxes expenses": "N/A",
        "The interests of minority shareholders": 27,
        "Total Cost of profits": 1671,
        "Profit after tax corporate income": 5778,
        "Volume": 10000000,
        "Close of Quarter": 19.2,
        "EPS": 2533,
        "Non-adjusted EPS": 2533,
        "PE": 7.6,
        "Book Price": 24.9
      }
    },
    {
      "quarter": "Q2 2015",
      "income status": {
        "Net sales": 265828,
        "Cost of goods sold": 252412,
        "Gross Profit": 13416,
        "Financial expenses": 5654,
        "Of which: Interest expense": 5654,
        "Cost of sales": "N/A",
        "Enterprise cost management": 4374,
        "Total Operating Expenses": 10028,
        "Total revenue financing activities": 3645,
        "Net profit from business activities": 7033,
        "Profit": 937,
        "Profit before tax": 7970,
        "Present corporate income tax expenses": 1684,
        "Deferred income taxes expenses": "N/A",
        "The interests of minority shareholders": -389,
        "Total Cost of profits": 1295,
        "Profit after tax corporate income": 6675,
        "Volume": 10000000,
        "Close of Quarter": 17.4,
        "EPS": 2352,
        "Non-adjusted EPS": 2352,
        "PE": 7.4,
        "Book Price": 24.4
      }
    },
    {
      "quarter": "Q1 2015",
      "income status": {
        "Net sales": 198485,
        "Cost of goods sold": 182684,
        "Gross Profit": 15801,
        "Financial expenses": 4241,
        "Of which: Interest expense": 4241,
        "Cost of sales": "N/A",
        "Enterprise cost management": 5800,
        "Total Operating Expenses": 10041,
        "Total revenue financing activities": 383,
        "Net profit from business activities": 6142,
        "Profit": 4,
        "Profit before tax": 6147,
        "Present corporate income tax expenses": 1349,
        "Deferred income taxes expenses": "N/A",
        "The interests of minority shareholders": 447,
        "Total Cost of profits": 1796,
        "Profit after tax corporate income": 4351,
        "Volume": 6500000,
        "Close of Quarter": 15.7,
        "EPS": 2141.1,
        "Non-adjusted EPS": 3294,
        "PE": 4.8,
        "Book Price": 25.7
      }
    },
    {
      "quarter": "Q4 2014",
      "income status": {
        "Net sales": 347481,
        "Cost of goods sold": 323044,
        "Gross Profit": 24437,
        "Financial expenses": 5887,
        "Of which: Interest expense": 5887,
        "Cost of sales": "N/A",
        "Enterprise cost management": 8286,
        "Total Operating Expenses": 14173,
        "Total revenue financing activities": 995,
        "Net profit from business activities": 11258,
        "Profit": 138,
        "Profit before tax": 11396,
        "Present corporate income tax expenses": 2507,
        "Deferred income taxes expenses": "N/A",
        "The interests of minority shareholders": 360,
        "Total Cost of profits": 2867,
        "Profit after tax corporate income": 8529,
        "Volume": 6500000,
        "Close of Quarter": 13.2,
        "EPS": 1896.7,
        "Non-adjusted EPS": 2918,
        "PE": 4.5,
        "Book Price": 21.7
      }
    },
    {
      "quarter": "Q3 2014",
      "income status": {
        "Net sales": 231944,
        "Cost of goods sold": 217285,
        "Gross Profit": 14659,
        "Financial expenses": 5145,
        "Of which: Interest expense": 5145,
        "Cost of sales": "N/A",
        "Enterprise cost management": 4549,
        "Total Operating Expenses": 9694,
        "Total revenue financing activities": 151,
        "Net profit from business activities": 5115,
        "Profit": 44,
        "Profit before tax": 5159,
        "Present corporate income tax expenses": 1134,
        "Deferred income taxes expenses": "N/A",
        "The interests of minority shareholders": 56,
        "Total Cost of profits": 1190,
        "Profit after tax corporate income": 3969,
        "Volume": 6500000,
        "Close of Quarter": 15.1,
        "EPS": 1383.9,
        "Non-adjusted EPS": 2129,
        "PE": 7.1,
        "Book Price": 20.8
      }
    },
    {
      "quarter": "Q2 2014",
      "income status": {
        "Net sales": 191973,
        "Cost of goods sold": 171704,
        "Gross Profit": 20269,
        "Financial expenses": 6083,
        "Of which: Interest expense": 6083,
        "Cost of sales": "N/A",
        "Enterprise cost management": 10111,
        "Total Operating Expenses": 16194,
        "Total revenue financing activities": 1665,
        "Net profit from business activities": 5740,
        "Profit": 15,
        "Profit before tax": 5755,
        "Present corporate income tax expenses": 1177,
        "Deferred income taxes expenses": "N/A",
        "The interests of minority shareholders": 19,
        "Total Cost of profits": 1196,
        "Profit after tax corporate income": 4559,
        "Volume": 6500000,
        "Close of Quarter": 12.9,
        "EPS": 1186.9,
        "Non-adjusted EPS": 1826,
        "PE": 7.1,
        "Book Price": 20.4
      }
    },
    {
      "quarter": "Q1 2014",
      "income status": {
        "Net sales": 117011,
        "Cost of goods sold": 105668,
        "Gross Profit": 11344,
        "Financial expenses": 4912,
        "Of which: Interest expense": 4912,
        "Cost of sales": "N/A",
        "Enterprise cost management": 4978,
        "Total Operating Expenses": 9890,
        "Total revenue financing activities": 360,
        "Net profit from business activities": 1815,
        "Profit": 651,
        "Profit before tax": 2466,
        "Present corporate income tax expenses": 539,
        "Deferred income taxes expenses": "N/A",
        "The interests of minority shareholders": 18,
        "Total Cost of profits": 557,
        "Profit after tax corporate income": 1909,
        "Volume": 6500000,
        "Close of Quarter": 17.3,
        "EPS": 901.6,
        "Non-adjusted EPS": 1387,
        "PE": 12.5,
        "Book Price": 20.9
      }
    },
    {
      "quarter": "Q4 2013",
      "income status": {
        "Net sales": 247210,
        "Cost of goods sold": 214615,
        "Gross Profit": 32594,
        "Financial expenses": 10650,
        "Of which: Interest expense": 5253,
        "Cost of sales": "N/A",
        "Enterprise cost management": 12521,
        "Total Operating Expenses": 23171,
        "Total revenue financing activities": 1163,
        "Net profit from business activities": 10586,
        "Profit": -4224,
        "Profit before tax": 6362,
        "Present corporate income tax expenses": 2707,
        "Deferred income taxes expenses": "N/A",
        "The interests of minority shareholders": 250,
        "Total Cost of profits": 2957,
        "Profit after tax corporate income": 3404,
        "Volume": 6500000,
        "Close of Quarter": 10.5,
        "EPS": 973.1,
        "Non-adjusted EPS": 1497,
        "PE": 7.0,
        "Book Price": 20.3
      }
    },
    {
      "quarter": "Q3 2013",
      "income status": {
        "Net sales": 180163,
        "Cost of goods sold": 165882,
        "Gross Profit": 14280,
        "Financial expenses": 6624,
        "Of which: Interest expense": 6624,
        "Cost of sales": "N/A",
        "Enterprise cost management": 6157,
        "Total Operating Expenses": 12781,
        "Total revenue financing activities": 821,
        "Net profit from business activities": 2321,
        "Profit": 174,
        "Profit before tax": 2494,
        "Present corporate income tax expenses": 587,
        "Deferred income taxes expenses": "N/A",
        "The interests of minority shareholders": -88,
        "Total Cost of profits": 499,
        "Profit after tax corporate income": 1995,
        "Volume": 6500000,
        "Close of Quarter": 10.0,
        "EPS": 517.4,
        "Non-adjusted EPS": 796,
        "PE": 12.6,
        "Book Price": 19.9
      }
    },
    {
      "quarter": "Q2 2013",
      "income status": {
        "Net sales": 132761,
        "Cost of goods sold": 123650,
        "Gross Profit": 9111,
        "Financial expenses": 6533,
        "Of which: Interest expense": 6380,
        "Cost of sales": "N/A",
        "Enterprise cost management": 6995,
        "Total Operating Expenses": 13528,
        "Total revenue financing activities": 2639,
        "Net profit from business activities": -1779,
        "Profit": 4305,
        "Profit before tax": 2527,
        "Present corporate income tax expenses": 628,
        "Deferred income taxes expenses": "N/A",
        "The interests of minority shareholders": 190,
        "Total Cost of profits": 818,
        "Profit after tax corporate income": 1709,
        "Volume": 6500000,
        "Close of Quarter": 9.1,
        "EPS": 611,
        "Non-adjusted EPS": 940,
        "PE": 9.7,
        "Book Price": 19.7
      }
    },
    {
      "quarter": "Q1 2013",
      "income status": {
        "Net sales": 192429,
        "Cost of goods sold": 177840,
        "Gross Profit": 14589,
        "Financial expenses": 8811,
        "Of which: Interest expense": 8811,
        "Cost of sales": "N/A",
        "Enterprise cost management": 5871,
        "Total Operating Expenses": 14682,
        "Total revenue financing activities": 538,
        "Net profit from business activities": 445,
        "Profit": 3101,
        "Profit before tax": 3546,
        "Present corporate income tax expenses": 850,
        "Deferred income taxes expenses": "N/A",
        "The interests of minority shareholders": 73,
        "Total Cost of profits": 923,
        "Profit after tax corporate income": 2623,
        "Volume": 6500000,
        "Close of Quarter": 12.8,
        "EPS": 1090.1,
        "Non-adjusted EPS": 1677,
        "PE": 7.7,
        "Book Price": 20.4
      }
    },
    {
      "quarter": "Q4 2012",
      "income status": {
        "Net sales": 346426,
        "Cost of goods sold": 323773,
        "Gross Profit": 22654,
        "Financial expenses": 17885,
        "Of which: Interest expense": 9433,
        "Cost of sales": "N/A",
        "Enterprise cost management": 7978,
        "Total Operating Expenses": 25863,
        "Total revenue financing activities": 1597,
        "Net profit from business activities": -1613,
        "Profit": 310,
        "Profit before tax": -1303,
        "Present corporate income tax expenses": -365,
        "Deferred income taxes expenses": "N/A",
        "The interests of minority shareholders": 214,
        "Total Cost of profits": -151,
        "Profit after tax corporate income": -1153,
        "Volume": 6500000,
        "Close of Quarter": 12.9,
        "EPS": 1123.2,
        "Non-adjusted EPS": 1728,
        "PE": 7.5,
        "Book Price": 20.3
      }
    },
    {
      "quarter": "Q3 2012",
      "income status": {
        "Net sales": 196782,
        "Cost of goods sold": 174300,
        "Gross Profit": 22482,
        "Financial expenses": 14021,
        "Of which: Interest expense": 11766,
        "Cost of sales": "N/A",
        "Enterprise cost management": 5770,
        "Total Operating Expenses": 19791,
        "Total revenue financing activities": 1298,
        "Net profit from business activities": 3989,
        "Profit": -107,
        "Profit before tax": 3881,
        "Present corporate income tax expenses": 928,
        "Deferred income taxes expenses": "N/A",
        "The interests of minority shareholders": 24,
        "Total Cost of profits": 952,
        "Profit after tax corporate income": 2930,
        "Volume": 6500000,
        "Close of Quarter": 9.9,
        "EPS": 2291.3,
        "Non-adjusted EPS": 3525,
        "PE": 2.8,
        "Book Price": 20.5
      }
    },
    {
      "quarter": "Q2 2012",
      "income status": {
        "Net sales": 279128,
        "Cost of goods sold": 256119,
        "Gross Profit": 23010,
        "Financial expenses": 14188,
        "Of which: Interest expense": 13931,
        "Cost of sales": "N/A",
        "Enterprise cost management": 6636,
        "Total Operating Expenses": 20824,
        "Total revenue financing activities": 2937,
        "Net profit from business activities": 5122,
        "Profit": 4093,
        "Profit before tax": 9215,
        "Present corporate income tax expenses": 2072,
        "Deferred income taxes expenses": "N/A",
        "The interests of minority shareholders": 642,
        "Total Cost of profits": 2714,
        "Profit after tax corporate income": 6502,
        "Volume": 6500000,
        "Close of Quarter": 15.5,
        "EPS": 2646.8,
        "Non-adjusted EPS": 4072,
        "PE": 3.8,
        "Book Price": 20.1
      }
    },
    {
      "quarter": "Q1 2012",
      "income status": {
        "Net sales": 155655,
        "Cost of goods sold": 135342,
        "Gross Profit": 20313,
        "Financial expenses": 13517,
        "Of which: Interest expense": 13368,
        "Cost of sales": "N/A",
        "Enterprise cost management": 5557,
        "Total Operating Expenses": 19074,
        "Total revenue financing activities": 2473,
        "Net profit from business activities": 3712,
        "Profit": 167,
        "Profit before tax": 3879,
        "Present corporate income tax expenses": 830,
        "Deferred income taxes expenses": "N/A",
        "The interests of minority shareholders": 93,
        "Total Cost of profits": 923,
        "Profit after tax corporate income": 2956,
        "Volume": 6500000,
        "Close of Quarter": 14,
        "EPS": 2401.1,
        "Non-adjusted EPS": 3694,
        "PE": 3.8,
        "Book Price": 21.6
      }
    },
    {
      "quarter": "Q4 2011",
      "income status": {
        "Net sales": 345858,
        "Cost of goods sold": 318368,
        "Gross Profit": 27491,
        "Financial expenses": 16705,
        "Of which: Interest expense": 16590,
        "Cost of sales": "N/A",
        "Enterprise cost management": 6299,
        "Total Operating Expenses": 23004,
        "Total revenue financing activities": 3273,
        "Net profit from business activities": 7759,
        "Profit": 6412,
        "Profit before tax": 14172,
        "Present corporate income tax expenses": 3039,
        "Deferred income taxes expenses": "N/A",
        "The interests of minority shareholders": 607,
        "Total Cost of profits": 3646,
        "Profit after tax corporate income": 10525,
        "Volume": 6500000,
        "Close of Quarter": 9.9,
        "EPS": 2495.4,
        "Non-adjusted EPS": 3839,
        "PE": 2.6,
        "Book Price": 21.3
      }
    },
    {
      "quarter": "Q3 2011",
      "income status": {
        "Net sales": 259232,
        "Cost of goods sold": 237035,
        "Gross Profit": 22197,
        "Financial expenses": 16207,
        "Of which: Interest expense": 16280,
        "Cost of sales": "N/A",
        "Enterprise cost management": 6023,
        "Total Operating Expenses": 22230,
        "Total revenue financing activities": 4829,
        "Net profit from business activities": 4796,
        "Profit": 3810,
        "Profit before tax": 8605,
        "Present corporate income tax expenses": 2121,
        "Deferred income taxes expenses": "N/A",
        "The interests of minority shareholders": "N/A",
        "Total Cost of profits": 2121,
        "Profit after tax corporate income": 6484,
        "Volume": 6500000,
        "Close of Quarter": 14.6,
        "EPS": 2420.6,
        "Non-adjusted EPS": 3724,
        "PE": 3.9,
        "Book Price": 20.4
      }
    },
    {
      "quarter": "Q2 2011",
      "income status": {
        "Net sales": 222707,
        "Cost of goods sold": 203661,
        "Gross Profit": 19046,
        "Financial expenses": 15061,
        "Of which: Interest expense": 14967,
        "Cost of sales": "N/A",
        "Enterprise cost management": 5767,
        "Total Operating Expenses": 20828,
        "Total revenue financing activities": 4589,
        "Net profit from business activities": 2806,
        "Profit": 2090,
        "Profit before tax": 4897,
        "Present corporate income tax expenses": 994,
        "Deferred income taxes expenses": "N/A",
        "The interests of minority shareholders": -146,
        "Total Cost of profits": 848,
        "Profit after tax corporate income": 4049,
        "Volume": 6500000,
        "Close of Quarter": 21.2,
        "EPS": 2553.2,
        "Non-adjusted EPS": 3928,
        "PE": 5.4,
        "Book Price": 19.8
      }
    },
    {
      "quarter": "Q1 2011",
      "income status": {
        "Net sales": 175646,
        "Cost of goods sold": 154890,
        "Gross Profit": 20756,
        "Financial expenses": 12911,
        "Of which: Interest expense": 12911,
        "Cost of sales": "N/A",
        "Enterprise cost management": 4958,
        "Total Operating Expenses": 17869,
        "Total revenue financing activities": 2079,
        "Net profit from business activities": 4966,
        "Profit": 271,
        "Profit before tax": 5237,
        "Present corporate income tax expenses": 1776,
        "Deferred income taxes expenses": "N/A",
        "The interests of minority shareholders": -432,
        "Total Cost of profits": 1344,
        "Profit after tax corporate income": 3893,
        "Volume": 6500000,
        "Close of Quarter": 29.6,
        "EPS": 3405.4,
        "Non-adjusted EPS": 5239,
        "PE": 5.6,
        "Book Price": 21.1
      }
    }
  ]
}