{
  "ticker": "CKV",
  "data": [
    {
      "quarter": "Q4 2016",
      "income status": {
        "Net sales": 70860,
        "Cost of goods sold": 57298,
        "Gross Profit": 13561,
        "Financial expenses": 471,
        "Of which: Interest expense": 847,
        "Cost of sales": 9607,
        "Enterprise cost management": 2969,
        "Total Operating Expenses": 13047,
        "Total revenue financing activities": 1506,
        "Net profit from business activities": 2020,
        "Profit": -1,
        "Profit before tax": 2019,
        "Present corporate income tax expenses": 386,
        "Deferred income taxes expenses": "N/A",
        "The interests of minority shareholders": "N/A",
        "Total Cost of profits": 386,
        "Profit after tax corporate income": 1633,
        "Volume": 4050000,
        "Close of Quarter": 14,
        "EPS": 1046,
        "Non-adjusted EPS": 1046,
        "PE": 13.4,
        "Book Price": 21.1
      }
    },
    {
      "quarter": "Q3 2016",
      "income status": {
        "Net sales": 54387,
        "Cost of goods sold": 40044,
        "Gross Profit": 14343,
        "Financial expenses": 1752,
        "Of which: Interest expense": 1752,
        "Cost of sales": 9750,
        "Enterprise cost management": 2327,
        "Total Operating Expenses": 13829,
        "Total revenue financing activities": 1416,
        "Net profit from business activities": 1930,
        "Profit": -4,
        "Profit before tax": 1926,
        "Present corporate income tax expenses": 117,
        "Deferred income taxes expenses": "N/A",
        "The interests of minority shareholders": "N/A",
        "Total Cost of profits": 117,
        "Profit after tax corporate income": 1808,
        "Volume": 4050000,
        "Close of Quarter": 13.7,
        "EPS": 1172,
        "Non-adjusted EPS": 1172,
        "PE": 11.7,
        "Book Price": 20.7
      }
    },
    {
      "quarter": "Q2 2016",
      "income status": {
        "Net sales": 47146,
        "Cost of goods sold": 38293,
        "Gross Profit": 8853,
        "Financial expenses": 1099,
        "Of which: Interest expense": 1042,
        "Cost of sales": 6599,
        "Enterprise cost management": 2052,
        "Total Operating Expenses": 9750,
        "Total revenue financing activities": 549,
        "Net profit from business activities": -348,
        "Profit": 430,
        "Profit before tax": 83,
        "Present corporate income tax expenses": 114,
        "Deferred income taxes expenses": "N/A",
        "The interests of minority shareholders": "N/A",
        "Total Cost of profits": 114,
        "Profit after tax corporate income": -31,
        "Volume": 4050000,
        "Close of Quarter": 15.9,
        "EPS": 716,
        "Non-adjusted EPS": 716,
        "PE": 22.2,
        "Book Price": 20.2
      }
    },
    {
      "quarter": "Q1 2016",
      "income status": {
        "Net sales": 33260,
        "Cost of goods sold": 25070,
        "Gross Profit": 8189,
        "Financial expenses": 272,
        "Of which: Interest expense": 272,
        "Cost of sales": 5805,
        "Enterprise cost management": 1172,
        "Total Operating Expenses": 7249,
        "Total revenue financing activities": 101,
        "Net profit from business activities": 1041,
        "Profit": -3,
        "Profit before tax": 1038,
        "Present corporate income tax expenses": 212,
        "Deferred income taxes expenses": "N/A",
        "The interests of minority shareholders": "N/A",
        "Total Cost of profits": 212,
        "Profit after tax corporate income": 826,
        "Volume": 4050000,
        "Close of Quarter": 15.2,
        "EPS": 858,
        "Non-adjusted EPS": 858,
        "PE": 17.7,
        "Book Price": 21.2
      }
    },
    {
      "quarter": "Q4 2015",
      "income status": {
        "Net sales": 77862,
        "Cost of goods sold": 59640,
        "Gross Profit": 18222,
        "Financial expenses": 986,
        "Of which: Interest expense": 986,
        "Cost of sales": 12114,
        "Enterprise cost management": 4640,
        "Total Operating Expenses": 17740,
        "Total revenue financing activities": 1390,
        "Net profit from business activities": 1873,
        "Profit": 168,
        "Profit before tax": 2041,
        "Present corporate income tax expenses": -104,
        "Deferred income taxes expenses": "N/A",
        "The interests of minority shareholders": "N/A",
        "Total Cost of profits": -104,
        "Profit after tax corporate income": 2145,
        "Volume": 4050000,
        "Close of Quarter": 15.2,
        "EPS": 1081,
        "Non-adjusted EPS": 1081,
        "PE": 14.0,
        "Book Price": 21
      }
    },
    {
      "quarter": "Q3 2015",
      "income status": {
        "Net sales": 34484,
        "Cost of goods sold": 29104,
        "Gross Profit": 5380,
        "Financial expenses": 581,
        "Of which: Interest expense": 581,
        "Cost of sales": 3553,
        "Enterprise cost management": 920,
        "Total Operating Expenses": 5054,
        "Total revenue financing activities": 222,
        "Net profit from business activities": 547,
        "Profit": "N/A",
        "Profit before tax": 548,
        "Present corporate income tax expenses": 590,
        "Deferred income taxes expenses": "N/A",
        "The interests of minority shareholders": "N/A",
        "Total Cost of profits": 590,
        "Profit after tax corporate income": -42,
        "Volume": 4050000,
        "Close of Quarter": 15.1,
        "EPS": 906,
        "Non-adjusted EPS": 906,
        "PE": 16.6,
        "Book Price": 20.4
      }
    },
    {
      "quarter": "Q2 2015",
      "income status": {
        "Net sales": 32987,
        "Cost of goods sold": 26710,
        "Gross Profit": 6277,
        "Financial expenses": 5696,
        "Of which: Interest expense": 473,
        "Cost of sales": 4102,
        "Enterprise cost management": 613,
        "Total Operating Expenses": 10411,
        "Total revenue financing activities": 779,
        "Net profit from business activities": -3355,
        "Profit": 4070,
        "Profit before tax": 715,
        "Present corporate income tax expenses": 170,
        "Deferred income taxes expenses": "N/A",
        "The interests of minority shareholders": "N/A",
        "Total Cost of profits": 170,
        "Profit after tax corporate income": 545,
        "Volume": 4050000,
        "Close of Quarter": 12.0,
        "EPS": 1137,
        "Non-adjusted EPS": 1137,
        "PE": 10.6,
        "Book Price": 20.4
      }
    },
    {
      "quarter": "Q1 2015",
      "income status": {
        "Net sales": 54323,
        "Cost of goods sold": 45721,
        "Gross Profit": 8602,
        "Financial expenses": 989,
        "Of which: Interest expense": 989,
        "Cost of sales": 5585,
        "Enterprise cost management": 2573,
        "Total Operating Expenses": 9147,
        "Total revenue financing activities": 1386,
        "Net profit from business activities": 841,
        "Profit": 1083,
        "Profit before tax": 1924,
        "Present corporate income tax expenses": 193,
        "Deferred income taxes expenses": "N/A",
        "The interests of minority shareholders": "N/A",
        "Total Cost of profits": 193,
        "Profit after tax corporate income": 1731,
        "Volume": 4050000,
        "Close of Quarter": 11.7,
        "EPS": 1218,
        "Non-adjusted EPS": 1218,
        "PE": 9.6,
        "Book Price": 21.1
      }
    },
    {
      "quarter": "Q4 2014",
      "income status": {
        "Net sales": 109165,
        "Cost of goods sold": 95196,
        "Gross Profit": 13969,
        "Financial expenses": 682,
        "Of which: Interest expense": 465,
        "Cost of sales": 10543,
        "Enterprise cost management": 2243,
        "Total Operating Expenses": 13468,
        "Total revenue financing activities": 1246,
        "Net profit from business activities": 1748,
        "Profit": 102,
        "Profit before tax": 1850,
        "Present corporate income tax expenses": 414,
        "Deferred income taxes expenses": "N/A",
        "The interests of minority shareholders": "N/A",
        "Total Cost of profits": 414,
        "Profit after tax corporate income": 1435,
        "Volume": 4050000,
        "Close of Quarter": 9.0,
        "EPS": 885,
        "Non-adjusted EPS": 885,
        "PE": 10.1,
        "Book Price": 20.7
      }
    },
    {
      "quarter": "Q3 2014",
      "income status": {
        "Net sales": 42620,
        "Cost of goods sold": 37923,
        "Gross Profit": 4697,
        "Financial expenses": 34,
        "Of which: Interest expense": 34,
        "Cost of sales": 3290,
        "Enterprise cost management": 1921,
        "Total Operating Expenses": 5245,
        "Total revenue financing activities": 1393,
        "Net profit from business activities": 845,
        "Profit": 8,
        "Profit before tax": 853,
        "Present corporate income tax expenses": -39,
        "Deferred income taxes expenses": "N/A",
        "The interests of minority shareholders": "N/A",
        "Total Cost of profits": -39,
        "Profit after tax corporate income": 892,
        "Volume": 4050000,
        "Close of Quarter": 8.5,
        "EPS": 649,
        "Non-adjusted EPS": 649,
        "PE": 13.1,
        "Book Price": 20.3
      }
    },
    {
      "quarter": "Q2 2014",
      "income status": {
        "Net sales": 24755,
        "Cost of goods sold": 21570,
        "Gross Profit": 3185,
        "Financial expenses": -348,
        "Of which: Interest expense": 6,
        "Cost of sales": 3899,
        "Enterprise cost management": -134,
        "Total Operating Expenses": 3417,
        "Total revenue financing activities": 1320,
        "Net profit from business activities": 1089,
        "Profit": 164,
        "Profit before tax": 1252,
        "Present corporate income tax expenses": 378,
        "Deferred income taxes expenses": "N/A",
        "The interests of minority shareholders": "N/A",
        "Total Cost of profits": 378,
        "Profit after tax corporate income": 875,
        "Volume": 4050000,
        "Close of Quarter": 10.4,
        "EPS": 791,
        "Non-adjusted EPS": 791,
        "PE": 13.2,
        "Book Price": 20.1
      }
    },
    {
      "quarter": "Q1 2014",
      "income status": {
        "Net sales": 35922,
        "Cost of goods sold": 32027,
        "Gross Profit": 3895,
        "Financial expenses": "N/A",
        "Of which: Interest expense": "N/A",
        "Cost of sales": 2925,
        "Enterprise cost management": 1396,
        "Total Operating Expenses": 4321,
        "Total revenue financing activities": 918,
        "Net profit from business activities": 491,
        "Profit": "N/A",
        "Profit before tax": 490,
        "Present corporate income tax expenses": 108,
        "Deferred income taxes expenses": "N/A",
        "The interests of minority shareholders": "N/A",
        "Total Cost of profits": 108,
        "Profit after tax corporate income": 382,
        "Volume": 4050000,
        "Close of Quarter": 9.1,
        "EPS": 572,
        "Non-adjusted EPS": 572,
        "PE": 15.8,
        "Book Price": 20.5
      }
    },
    {
      "quarter": "Q4 2013",
      "income status": {
        "Net sales": 45627,
        "Cost of goods sold": 39197,
        "Gross Profit": 6429,
        "Financial expenses": -105,
        "Of which: Interest expense": "N/A",
        "Cost of sales": 7383,
        "Enterprise cost management": 1428,
        "Total Operating Expenses": 8706,
        "Total revenue financing activities": 2386,
        "Net profit from business activities": 110,
        "Profit": 897,
        "Profit before tax": 1007,
        "Present corporate income tax expenses": 528,
        "Deferred income taxes expenses": "N/A",
        "The interests of minority shareholders": "N/A",
        "Total Cost of profits": 528,
        "Profit after tax corporate income": 479,
        "Volume": 4050000,
        "Close of Quarter": 8.6,
        "EPS": 837,
        "Non-adjusted EPS": 837,
        "PE": 10.3,
        "Book Price": 20.3
      }
    },
    {
      "quarter": "Q3 2013",
      "income status": {
        "Net sales": 38833,
        "Cost of goods sold": 33577,
        "Gross Profit": 5256,
        "Financial expenses": "N/A",
        "Of which: Interest expense": "N/A",
        "Cost of sales": 3608,
        "Enterprise cost management": 2582,
        "Total Operating Expenses": 6190,
        "Total revenue financing activities": 2446,
        "Net profit from business activities": 1513,
        "Profit": 72,
        "Profit before tax": 1585,
        "Present corporate income tax expenses": 116,
        "Deferred income taxes expenses": "N/A",
        "The interests of minority shareholders": "N/A",
        "Total Cost of profits": 116,
        "Profit after tax corporate income": 1468,
        "Volume": 4050000,
        "Close of Quarter": 8.5,
        "EPS": 1690,
        "Non-adjusted EPS": 1690,
        "PE": 5,
        "Book Price": 18.9
      }
    },
    {
      "quarter": "Q2 2013",
      "income status": {
        "Net sales": 36298,
        "Cost of goods sold": 34365,
        "Gross Profit": 1933,
        "Financial expenses": 2093,
        "Of which: Interest expense": "N/A",
        "Cost of sales": 3514,
        "Enterprise cost management": -74,
        "Total Operating Expenses": 5533,
        "Total revenue financing activities": 1949,
        "Net profit from business activities": -1652,
        "Profit": 1590,
        "Profit before tax": -61,
        "Present corporate income tax expenses": -47,
        "Deferred income taxes expenses": "N/A",
        "The interests of minority shareholders": "N/A",
        "Total Cost of profits": -47,
        "Profit after tax corporate income": -14,
        "Volume": 4050000,
        "Close of Quarter": 7.4,
        "EPS": 1517,
        "Non-adjusted EPS": 1517,
        "PE": 4.9,
        "Book Price": 18.5
      }
    },
    {
      "quarter": "Q1 2013",
      "income status": {
        "Net sales": 14593,
        "Cost of goods sold": 10563,
        "Gross Profit": 4030,
        "Financial expenses": "N/A",
        "Of which: Interest expense": "N/A",
        "Cost of sales": 3054,
        "Enterprise cost management": 1459,
        "Total Operating Expenses": 4513,
        "Total revenue financing activities": 2076,
        "Net profit from business activities": 1594,
        "Profit": 170,
        "Profit before tax": 1764,
        "Present corporate income tax expenses": 308,
        "Deferred income taxes expenses": "N/A",
        "The interests of minority shareholders": "N/A",
        "Total Cost of profits": 308,
        "Profit after tax corporate income": 1456,
        "Volume": 4050000,
        "Close of Quarter": 6.1,
        "EPS": 1549,
        "Non-adjusted EPS": 1549,
        "PE": 4.0,
        "Book Price": 19.7
      }
    },
    {
      "quarter": "Q4 2012",
      "income status": {
        "Net sales": 10282,
        "Cost of goods sold": 8652,
        "Gross Profit": 1630,
        "Financial expenses": -770,
        "Of which: Interest expense": "N/A",
        "Cost of sales": 6006,
        "Enterprise cost management": 903,
        "Total Operating Expenses": 6139,
        "Total revenue financing activities": 2418,
        "Net profit from business activities": -2090,
        "Profit": 7231,
        "Profit before tax": 5141,
        "Present corporate income tax expenses": 1206,
        "Deferred income taxes expenses": "N/A",
        "The interests of minority shareholders": "N/A",
        "Total Cost of profits": 1206,
        "Profit after tax corporate income": 3935,
        "Volume": 4050000,
        "Close of Quarter": 6.6,
        "EPS": 1236,
        "Non-adjusted EPS": 1236,
        "PE": 5.4,
        "Book Price": 19
      }
    },
    {
      "quarter": "Q3 2012",
      "income status": {
        "Net sales": 37138,
        "Cost of goods sold": 36070,
        "Gross Profit": 1068,
        "Financial expenses": 359,
        "Of which: Interest expense": 340,
        "Cost of sales": 2132,
        "Enterprise cost management": 1023,
        "Total Operating Expenses": 3514,
        "Total revenue financing activities": 3202,
        "Net profit from business activities": 756,
        "Profit": 9,
        "Profit before tax": 765,
        "Present corporate income tax expenses": "N/A",
        "Deferred income taxes expenses": "N/A",
        "The interests of minority shareholders": "N/A",
        "Total Cost of profits": 0,
        "Profit after tax corporate income": 765,
        "Volume": 4050000,
        "Close of Quarter": 5.7,
        "EPS": 701,
        "Non-adjusted EPS": 701,
        "PE": 8.1,
        "Book Price": 18
      }
    },
    {
      "quarter": "Q2 2012",
      "income status": {
        "Net sales": 6550,
        "Cost of goods sold": 3641,
        "Gross Profit": 2909,
        "Financial expenses": -654,
        "Of which: Interest expense": "N/A",
        "Cost of sales": 4583,
        "Enterprise cost management": 2034,
        "Total Operating Expenses": 5963,
        "Total revenue financing activities": 3181,
        "Net profit from business activities": 128,
        "Profit": 29,
        "Profit before tax": 156,
        "Present corporate income tax expenses": 39,
        "Deferred income taxes expenses": "N/A",
        "The interests of minority shareholders": "N/A",
        "Total Cost of profits": 39,
        "Profit after tax corporate income": 117,
        "Volume": 4050000,
        "Close of Quarter": 5.6,
        "EPS": 756,
        "Non-adjusted EPS": 756,
        "PE": 7.4,
        "Book Price": 17.8
      }
    },
    {
      "quarter": "Q1 2012",
      "income status": {
        "Net sales": 5718,
        "Cost of goods sold": 3686,
        "Gross Profit": 2032,
        "Financial expenses": 10,
        "Of which: Interest expense": "N/A",
        "Cost of sales": 3514,
        "Enterprise cost management": 919,
        "Total Operating Expenses": 4443,
        "Total revenue financing activities": 2659,
        "Net profit from business activities": 249,
        "Profit": 1,
        "Profit before tax": 250,
        "Present corporate income tax expenses": 62,
        "Deferred income taxes expenses": "N/A",
        "The interests of minority shareholders": "N/A",
        "Total Cost of profits": 62,
        "Profit after tax corporate income": 187,
        "Volume": 4050000,
        "Close of Quarter": 4.5,
        "EPS": 1158,
        "Non-adjusted EPS": 1158,
        "PE": 3.9,
        "Book Price": 19
      }
    },
    {
      "quarter": "Q4 2011",
      "income status": {
        "Net sales": 13019,
        "Cost of goods sold": 9147,
        "Gross Profit": 3872,
        "Financial expenses": 935,
        "Of which: Interest expense": "N/A",
        "Cost of sales": 4265,
        "Enterprise cost management": 2183,
        "Total Operating Expenses": 7383,
        "Total revenue financing activities": 5754,
        "Net profit from business activities": 2243,
        "Profit": 28,
        "Profit before tax": 2271,
        "Present corporate income tax expenses": 499,
        "Deferred income taxes expenses": "N/A",
        "The interests of minority shareholders": "N/A",
        "Total Cost of profits": 499,
        "Profit after tax corporate income": 1772,
        "Volume": 4050000,
        "Close of Quarter": 3.6,
        "EPS": 1201,
        "Non-adjusted EPS": 1201,
        "PE": 3.0,
        "Book Price": 19.3
      }
    },
    {
      "quarter": "Q3 2011",
      "income status": {
        "Net sales": 10564,
        "Cost of goods sold": 7594,
        "Gross Profit": 2969,
        "Financial expenses": 6,
        "Of which: Interest expense": "N/A",
        "Cost of sales": 3530,
        "Enterprise cost management": 1158,
        "Total Operating Expenses": 4694,
        "Total revenue financing activities": 2948,
        "Net profit from business activities": 1223,
        "Profit": 183,
        "Profit before tax": 1407,
        "Present corporate income tax expenses": 419,
        "Deferred income taxes expenses": "N/A",
        "The interests of minority shareholders": "N/A",
        "Total Cost of profits": 419,
        "Profit after tax corporate income": 987,
        "Volume": 4050000,
        "Close of Quarter": 4.5,
        "EPS": 1140,
        "Non-adjusted EPS": 1140,
        "PE": 4.0,
        "Book Price": 18.5
      }
    },
    {
      "quarter": "Q2 2011",
      "income status": {
        "Net sales": 6597,
        "Cost of goods sold": 4405,
        "Gross Profit": 2192,
        "Financial expenses": "N/A",
        "Of which: Interest expense": "N/A",
        "Cost of sales": 4831,
        "Enterprise cost management": 1159,
        "Total Operating Expenses": 5990,
        "Total revenue financing activities": 5479,
        "Net profit from business activities": 1682,
        "Profit": 158,
        "Profit before tax": 1840,
        "Present corporate income tax expenses": 95,
        "Deferred income taxes expenses": "N/A",
        "The interests of minority shareholders": "N/A",
        "Total Cost of profits": 95,
        "Profit after tax corporate income": 1745,
        "Volume": 4050000,
        "Close of Quarter": 6.6,
        "EPS": 1080,
        "Non-adjusted EPS": 1080,
        "PE": 6.1,
        "Book Price": 18.2
      }
    },
    {
      "quarter": "Q1 2011",
      "income status": {
        "Net sales": 9473,
        "Cost of goods sold": 7514,
        "Gross Profit": 1959,
        "Financial expenses": 367,
        "Of which: Interest expense": "N/A",
        "Cost of sales": 3631,
        "Enterprise cost management": 994,
        "Total Operating Expenses": 4992,
        "Total revenue financing activities": 3396,
        "Net profit from business activities": 362,
        "Profit": "N/A",
        "Profit before tax": 362,
        "Present corporate income tax expenses": "N/A",
        "Deferred income taxes expenses": "N/A",
        "The interests of minority shareholders": "N/A",
        "Total Cost of profits": 0,
        "Profit after tax corporate income": 362,
        "Volume": 4050000,
        "Close of Quarter": 7.4,
        "EPS": 951,
        "Non-adjusted EPS": 951,
        "PE": 7.8,
        "Book Price": 19
      }
    }
  ]
}