{
  "ticker": "VNF",
  "data": [
    {
      "quarter": "Q4 2016",
      "income status": {
        "Net sales": 470818,
        "Cost of goods sold": 452257,
        "Gross Profit": 18561,
        "Financial expenses": 3369,
        "Of which: Interest expense": 1086,
        "Cost of sales": 3694,
        "Enterprise cost management": 6405,
        "Total Operating Expenses": 13468,
        "Total revenue financing activities": 4677,
        "Net profit from business activities": 17666,
        "Profit": 9,
        "Profit before tax": 17675,
        "Present corporate income tax expenses": 1789,
        "Deferred income taxes expenses": "N/A",
        "The interests of minority shareholders": 508,
        "Total Cost of profits": 2297,
        "Profit after tax corporate income": 15378,
        "Volume": 5600000,
        "Close of Quarter": 50.5,
        "EPS": 7869,
        "Non-adjusted EPS": 7869,
        "PE": 6.4,
        "Book Price": 42.3
      }
    },
    {
      "quarter": "Q3 2016",
      "income status": {
        "Net sales": 418148,
        "Cost of goods sold": 399938,
        "Gross Profit": 18210,
        "Financial expenses": 1299,
        "Of which: Interest expense": 734,
        "Cost of sales": 2948,
        "Enterprise cost management": 5184,
        "Total Operating Expenses": 9431,
        "Total revenue financing activities": 3136,
        "Net profit from business activities": 13192,
        "Profit": 15,
        "Profit before tax": 13207,
        "Present corporate income tax expenses": 2644,
        "Deferred income taxes expenses": 202,
        "The interests of minority shareholders": 611,
        "Total Cost of profits": 3457,
        "Profit after tax corporate income": 9750,
        "Volume": 5600000,
        "Close of Quarter": 57.4,
        "EPS": 6493,
        "Non-adjusted EPS": 6493,
        "PE": 8.9,
        "Book Price": 40.5
      }
    },
    {
      "quarter": "Q2 2016",
      "income status": {
        "Net sales": 392905,
        "Cost of goods sold": 378263,
        "Gross Profit": 14642,
        "Financial expenses": 961,
        "Of which: Interest expense": -5145,
        "Cost of sales": 3065,
        "Enterprise cost management": 6517,
        "Total Operating Expenses": 10543,
        "Total revenue financing activities": 4708,
        "Net profit from business activities": 14200,
        "Profit": 550,
        "Profit before tax": 14751,
        "Present corporate income tax expenses": 2488,
        "Deferred income taxes expenses": 128,
        "The interests of minority shareholders": 330,
        "Total Cost of profits": 2946,
        "Profit after tax corporate income": 11805,
        "Volume": 5600000,
        "Close of Quarter": 49.0,
        "EPS": 6246,
        "Non-adjusted EPS": 6246,
        "PE": 7.9,
        "Book Price": 38.7
      }
    },
    {
      "quarter": "Q1 2016",
      "income status": {
        "Net sales": 367152,
        "Cost of goods sold": 352959,
        "Gross Profit": 14193,
        "Financial expenses": 1457,
        "Of which: Interest expense": 6181,
        "Cost of sales": 2607,
        "Enterprise cost management": 6469,
        "Total Operating Expenses": 10533,
        "Total revenue financing activities": 2430,
        "Net profit from business activities": 9500,
        "Profit": -558,
        "Profit before tax": 8942,
        "Present corporate income tax expenses": 1508,
        "Deferred income taxes expenses": "N/A",
        "The interests of minority shareholders": 300,
        "Total Cost of profits": 1808,
        "Profit after tax corporate income": 7134,
        "Volume": 5600000,
        "Close of Quarter": 48.9,
        "EPS": 6455,
        "Non-adjusted EPS": 6455,
        "PE": 7.6,
        "Book Price": 38.3
      }
    },
    {
      "quarter": "Q4 2015",
      "income status": {
        "Net sales": 475525,
        "Cost of goods sold": 471695,
        "Gross Profit": 3830,
        "Financial expenses": 2589,
        "Of which: Interest expense": 697,
        "Cost of sales": 2131,
        "Enterprise cost management": 6716,
        "Total Operating Expenses": 11436,
        "Total revenue financing activities": 5454,
        "Net profit from business activities": 5606,
        "Profit": 1001,
        "Profit before tax": 6607,
        "Present corporate income tax expenses": -1178,
        "Deferred income taxes expenses": "N/A",
        "The interests of minority shareholders": 115,
        "Total Cost of profits": -1063,
        "Profit after tax corporate income": 7671,
        "Volume": 5600000,
        "Close of Quarter": 63.8,
        "EPS": 7334,
        "Non-adjusted EPS": 7334,
        "PE": 8.7,
        "Book Price": 37
      }
    },
    {
      "quarter": "Q3 2015",
      "income status": {
        "Net sales": 486673,
        "Cost of goods sold": 469303,
        "Gross Profit": 17370,
        "Financial expenses": 3990,
        "Of which: Interest expense": 1056,
        "Cost of sales": 2414,
        "Enterprise cost management": 6392,
        "Total Operating Expenses": 12796,
        "Total revenue financing activities": 3636,
        "Net profit from business activities": 10473,
        "Profit": "N/A",
        "Profit before tax": 10473,
        "Present corporate income tax expenses": 1898,
        "Deferred income taxes expenses": "N/A",
        "The interests of minority shareholders": 210,
        "Total Cost of profits": 2108,
        "Profit after tax corporate income": 8365,
        "Volume": 5600000,
        "Close of Quarter": 59.4,
        "EPS": 9630,
        "Non-adjusted EPS": 9630,
        "PE": 6.2,
        "Book Price": 36.5
      }
    },
    {
      "quarter": "Q2 2015",
      "income status": {
        "Net sales": 487086,
        "Cost of goods sold": 466126,
        "Gross Profit": 20961,
        "Financial expenses": 2545,
        "Of which: Interest expense": 315,
        "Cost of sales": 3509,
        "Enterprise cost management": 5686,
        "Total Operating Expenses": 11740,
        "Total revenue financing activities": 2007,
        "Net profit from business activities": 17356,
        "Profit": -44,
        "Profit before tax": 17312,
        "Present corporate income tax expenses": 3901,
        "Deferred income taxes expenses": -344,
        "The interests of minority shareholders": 777,
        "Total Cost of profits": 4334,
        "Profit after tax corporate income": 12977,
        "Volume": 5600000,
        "Close of Quarter": 50.8,
        "EPS": 9635,
        "Non-adjusted EPS": 9635,
        "PE": 5.3,
        "Book Price": 35.7
      }
    },
    {
      "quarter": "Q1 2015",
      "income status": {
        "Net sales": 496220,
        "Cost of goods sold": 475522,
        "Gross Profit": 20699,
        "Financial expenses": 1847,
        "Of which: Interest expense": 360,
        "Cost of sales": 2835,
        "Enterprise cost management": 4598,
        "Total Operating Expenses": 9280,
        "Total revenue financing activities": 2222,
        "Net profit from business activities": 14689,
        "Profit": 1359,
        "Profit before tax": 16048,
        "Present corporate income tax expenses": 3211,
        "Deferred income taxes expenses": "N/A",
        "The interests of minority shareholders": 778,
        "Total Cost of profits": 3989,
        "Profit after tax corporate income": 12059,
        "Volume": 5600000,
        "Close of Quarter": 38.6,
        "EPS": 8728,
        "Non-adjusted EPS": 8728,
        "PE": 4.4,
        "Book Price": 36.5
      }
    },
    {
      "quarter": "Q4 2014",
      "income status": {
        "Net sales": 567227,
        "Cost of goods sold": 553458,
        "Gross Profit": 13769,
        "Financial expenses": -137,
        "Of which: Interest expense": 453,
        "Cost of sales": 1958,
        "Enterprise cost management": 5495,
        "Total Operating Expenses": 7316,
        "Total revenue financing activities": 8868,
        "Net profit from business activities": 19773,
        "Profit": 4944,
        "Profit before tax": 24717,
        "Present corporate income tax expenses": 3148,
        "Deferred income taxes expenses": "N/A",
        "The interests of minority shareholders": 1043,
        "Total Cost of profits": 4191,
        "Profit after tax corporate income": 20526,
        "Volume": 5600000,
        "Close of Quarter": 37.9,
        "EPS": 8228,
        "Non-adjusted EPS": 8228,
        "PE": 4.6,
        "Book Price": 34.4
      }
    },
    {
      "quarter": "Q3 2014",
      "income status": {
        "Net sales": 459343,
        "Cost of goods sold": 444343,
        "Gross Profit": 15001,
        "Financial expenses": 1296,
        "Of which: Interest expense": 443,
        "Cost of sales": 1406,
        "Enterprise cost management": 4474,
        "Total Operating Expenses": 7176,
        "Total revenue financing activities": 3293,
        "Net profit from business activities": 11976,
        "Profit": -726,
        "Profit before tax": 11250,
        "Present corporate income tax expenses": 2374,
        "Deferred income taxes expenses": "N/A",
        "The interests of minority shareholders": 483,
        "Total Cost of profits": 2857,
        "Profit after tax corporate income": 8394,
        "Volume": 5600000,
        "Close of Quarter": 32.6,
        "EPS": 7883,
        "Non-adjusted EPS": 7883,
        "PE": 4.1,
        "Book Price": 31.8
      }
    },
    {
      "quarter": "Q2 2014",
      "income status": {
        "Net sales": 343955,
        "Cost of goods sold": 332844,
        "Gross Profit": 11111,
        "Financial expenses": 1040,
        "Of which: Interest expense": -223,
        "Cost of sales": 1534,
        "Enterprise cost management": 5142,
        "Total Operating Expenses": 7716,
        "Total revenue financing activities": 4586,
        "Net profit from business activities": 8674,
        "Profit": 581,
        "Profit before tax": 9255,
        "Present corporate income tax expenses": 1094,
        "Deferred income taxes expenses": "N/A",
        "The interests of minority shareholders": 265,
        "Total Cost of profits": 1359,
        "Profit after tax corporate income": 7896,
        "Volume": 5600000,
        "Close of Quarter": 24.8,
        "EPS": 7847,
        "Non-adjusted EPS": 7847,
        "PE": 3.2,
        "Book Price": 31.5
      }
    },
    {
      "quarter": "Q1 2014",
      "income status": {
        "Net sales": 331614,
        "Cost of goods sold": 315389,
        "Gross Profit": 16225,
        "Financial expenses": 674,
        "Of which: Interest expense": 922,
        "Cost of sales": 914,
        "Enterprise cost management": 4473,
        "Total Operating Expenses": 6061,
        "Total revenue financing activities": 3974,
        "Net profit from business activities": 13847,
        "Profit": -720,
        "Profit before tax": 13127,
        "Present corporate income tax expenses": 2805,
        "Deferred income taxes expenses": "N/A",
        "The interests of minority shareholders": 1064,
        "Total Cost of profits": 3869,
        "Profit after tax corporate income": 9258,
        "Volume": 5600000,
        "Close of Quarter": 27.0,
        "EPS": 7605,
        "Non-adjusted EPS": 7605,
        "PE": 3.6,
        "Book Price": 32.7
      }
    },
    {
      "quarter": "Q4 2013",
      "income status": {
        "Net sales": 351967,
        "Cost of goods sold": 329144,
        "Gross Profit": 22823,
        "Financial expenses": 166,
        "Of which: Interest expense": 150,
        "Cost of sales": -50,
        "Enterprise cost management": 7019,
        "Total Operating Expenses": 7135,
        "Total revenue financing activities": 3665,
        "Net profit from business activities": 19352,
        "Profit": -643,
        "Profit before tax": 22239,
        "Present corporate income tax expenses": 1758,
        "Deferred income taxes expenses": "N/A",
        "The interests of minority shareholders": 1882,
        "Total Cost of profits": 3640,
        "Profit after tax corporate income": 18599,
        "Volume": 5600000,
        "Close of Quarter": 14.9,
        "EPS": 6328,
        "Non-adjusted EPS": 6328,
        "PE": 2.4,
        "Book Price": 30.5
      }
    },
    {
      "quarter": "Q3 2013",
      "income status": {
        "Net sales": 303930,
        "Cost of goods sold": 291818,
        "Gross Profit": 12113,
        "Financial expenses": 798,
        "Of which: Interest expense": 174,
        "Cost of sales": "N/A",
        "Enterprise cost management": 4121,
        "Total Operating Expenses": 4919,
        "Total revenue financing activities": 2933,
        "Net profit from business activities": 10126,
        "Profit": -756,
        "Profit before tax": 11234,
        "Present corporate income tax expenses": 2355,
        "Deferred income taxes expenses": "N/A",
        "The interests of minority shareholders": 691,
        "Total Cost of profits": 3046,
        "Profit after tax corporate income": 8188,
        "Volume": 5600000,
        "Close of Quarter": 9.7,
        "EPS": 3924,
        "Non-adjusted EPS": 3924,
        "PE": 2.5,
        "Book Price": 26.7
      }
    },
    {
      "quarter": "Q2 2013",
      "income status": {
        "Net sales": 302400,
        "Cost of goods sold": 296762,
        "Gross Profit": 5638,
        "Financial expenses": 2596,
        "Of which: Interest expense": 200,
        "Cost of sales": "N/A",
        "Enterprise cost management": 4165,
        "Total Operating Expenses": 6761,
        "Total revenue financing activities": 7417,
        "Net profit from business activities": 6294,
        "Profit": 52,
        "Profit before tax": 6972,
        "Present corporate income tax expenses": 362,
        "Deferred income taxes expenses": "N/A",
        "The interests of minority shareholders": 67,
        "Total Cost of profits": 429,
        "Profit after tax corporate income": 6543,
        "Volume": 5600000,
        "Close of Quarter": 11.2,
        "EPS": 2120,
        "Non-adjusted EPS": 2120,
        "PE": 5.3,
        "Book Price": 25.3
      }
    },
    {
      "quarter": "Q1 2013",
      "income status": {
        "Net sales": 276536,
        "Cost of goods sold": 272556,
        "Gross Profit": 3980,
        "Financial expenses": 1715,
        "Of which: Interest expense": 398,
        "Cost of sales": "N/A",
        "Enterprise cost management": 3583,
        "Total Operating Expenses": 5298,
        "Total revenue financing activities": 2359,
        "Net profit from business activities": 1040,
        "Profit": 38,
        "Profit before tax": 2698,
        "Present corporate income tax expenses": 653,
        "Deferred income taxes expenses": "N/A",
        "The interests of minority shareholders": -61,
        "Total Cost of profits": 592,
        "Profit after tax corporate income": 2105,
        "Volume": 5600000,
        "Close of Quarter": 10.8,
        "EPS": 1625,
        "Non-adjusted EPS": 1625,
        "PE": 6.7,
        "Book Price": 24.7
      }
    },
    {
      "quarter": "Q4 2012",
      "income status": {
        "Net sales": 322138,
        "Cost of goods sold": 316250,
        "Gross Profit": 5888,
        "Financial expenses": 2246,
        "Of which: Interest expense": 457,
        "Cost of sales": "N/A",
        "Enterprise cost management": 4606,
        "Total Operating Expenses": 6852,
        "Total revenue financing activities": 3974,
        "Net profit from business activities": 3009,
        "Profit": 205,
        "Profit before tax": 6451,
        "Present corporate income tax expenses": 1414,
        "Deferred income taxes expenses": "N/A",
        "The interests of minority shareholders": -101,
        "Total Cost of profits": 1313,
        "Profit after tax corporate income": 5138,
        "Volume": 5600000,
        "Close of Quarter": 11.6,
        "EPS": 1608,
        "Non-adjusted EPS": 1608,
        "PE": 7.2,
        "Book Price": 24.3
      }
    },
    {
      "quarter": "Q3 2012",
      "income status": {
        "Net sales": 239428,
        "Cost of goods sold": 238180,
        "Gross Profit": 1248,
        "Financial expenses": 1051,
        "Of which: Interest expense": 349,
        "Cost of sales": "N/A",
        "Enterprise cost management": 4210,
        "Total Operating Expenses": 5261,
        "Total revenue financing activities": 2186,
        "Net profit from business activities": -1826,
        "Profit": -470,
        "Profit before tax": -1325,
        "Present corporate income tax expenses": 1041,
        "Deferred income taxes expenses": "N/A",
        "The interests of minority shareholders": -454,
        "Total Cost of profits": 587,
        "Profit after tax corporate income": -1912,
        "Volume": 5600000,
        "Close of Quarter": 19.6,
        "EPS": 1622,
        "Non-adjusted EPS": 1622,
        "PE": 12.1,
        "Book Price": 23.3
      }
    },
    {
      "quarter": "Q2 2012",
      "income status": {
        "Net sales": 234602,
        "Cost of goods sold": 230105,
        "Gross Profit": 4497,
        "Financial expenses": 1282,
        "Of which: Interest expense": 340,
        "Cost of sales": 19,
        "Enterprise cost management": 4365,
        "Total Operating Expenses": 5666,
        "Total revenue financing activities": 5798,
        "Net profit from business activities": 4629,
        "Profit": -330,
        "Profit before tax": 4048,
        "Present corporate income tax expenses": 279,
        "Deferred income taxes expenses": "N/A",
        "The interests of minority shareholders": -3,
        "Total Cost of profits": 276,
        "Profit after tax corporate income": 3771,
        "Volume": 5600000,
        "Close of Quarter": 24.0,
        "EPS": 3673,
        "Non-adjusted EPS": 3673,
        "PE": 6.6,
        "Book Price": 24
      }
    },
    {
      "quarter": "Q1 2012",
      "income status": {
        "Net sales": 164845,
        "Cost of goods sold": 160385,
        "Gross Profit": 4460,
        "Financial expenses": 525,
        "Of which: Interest expense": 78,
        "Cost of sales": "N/A",
        "Enterprise cost management": 3205,
        "Total Operating Expenses": 3730,
        "Total revenue financing activities": 2770,
        "Net profit from business activities": 3500,
        "Profit": "N/A",
        "Profit before tax": 3037,
        "Present corporate income tax expenses": 1083,
        "Deferred income taxes expenses": "N/A",
        "The interests of minority shareholders": -56,
        "Total Cost of profits": 1027,
        "Profit after tax corporate income": 2010,
        "Volume": 5600000,
        "Close of Quarter": 24.5,
        "EPS": 3974,
        "Non-adjusted EPS": 3974,
        "PE": 6.2,
        "Book Price": 25.6
      }
    },
    {
      "quarter": "Q4 2011",
      "income status": {
        "Net sales": 157926,
        "Cost of goods sold": 151732,
        "Gross Profit": 6194,
        "Financial expenses": 402,
        "Of which: Interest expense": "N/A",
        "Cost of sales": "N/A",
        "Enterprise cost management": 5767,
        "Total Operating Expenses": 6169,
        "Total revenue financing activities": 2130,
        "Net profit from business activities": 2154,
        "Profit": 11,
        "Profit before tax": 6334,
        "Present corporate income tax expenses": 1292,
        "Deferred income taxes expenses": "N/A",
        "The interests of minority shareholders": -171,
        "Total Cost of profits": 1121,
        "Profit after tax corporate income": 5213,
        "Volume": 5600000,
        "Close of Quarter": 16.1,
        "EPS": 5329,
        "Non-adjusted EPS": 5329,
        "PE": 3.0,
        "Book Price": 25.6
      }
    },
    {
      "quarter": "Q3 2011",
      "income status": {
        "Net sales": 180589,
        "Cost of goods sold": 170067,
        "Gross Profit": 10522,
        "Financial expenses": 334,
        "Of which: Interest expense": "N/A",
        "Cost of sales": "N/A",
        "Enterprise cost management": 4187,
        "Total Operating Expenses": 4521,
        "Total revenue financing activities": 5852,
        "Net profit from business activities": 11853,
        "Profit": -20,
        "Profit before tax": 31670,
        "Present corporate income tax expenses": 2238,
        "Deferred income taxes expenses": "N/A",
        "The interests of minority shareholders": 437,
        "Total Cost of profits": 2675,
        "Profit after tax corporate income": 9574,
        "Volume": 5600000,
        "Close of Quarter": 19.4,
        "EPS": 5007,
        "Non-adjusted EPS": 5007,
        "PE": 3.9,
        "Book Price": 25.6
      }
    },
    {
      "quarter": "Q2 2011",
      "income status": {
        "Net sales": 169254,
        "Cost of goods sold": 162344,
        "Gross Profit": 6911,
        "Financial expenses": 1210,
        "Of which: Interest expense": "N/A",
        "Cost of sales": "N/A",
        "Enterprise cost management": 5818,
        "Total Operating Expenses": 7028,
        "Total revenue financing activities": 4291,
        "Net profit from business activities": 4174,
        "Profit": "N/A",
        "Profit before tax": 5870,
        "Present corporate income tax expenses": 211,
        "Deferred income taxes expenses": "N/A",
        "The interests of minority shareholders": 200,
        "Total Cost of profits": 411,
        "Profit after tax corporate income": 5459,
        "Volume": 5600000,
        "Close of Quarter": 19.4,
        "EPS": 7071,
        "Non-adjusted EPS": 7071,
        "PE": 2.7,
        "Book Price": 24.9
      }
    },
    {
      "quarter": "Q1 2011",
      "income status": {
        "Net sales": 138493,
        "Cost of goods sold": 126458,
        "Gross Profit": 12035,
        "Financial expenses": 3142,
        "Of which: Interest expense": "N/A",
        "Cost of sales": "N/A",
        "Enterprise cost management": 3260,
        "Total Operating Expenses": 6402,
        "Total revenue financing activities": 7391,
        "Net profit from business activities": 13024,
        "Profit": "N/A",
        "Profit before tax": 12353,
        "Present corporate income tax expenses": 2476,
        "Deferred income taxes expenses": "N/A",
        "The interests of minority shareholders": 278,
        "Total Cost of profits": 2754,
        "Profit after tax corporate income": 9599,
        "Volume": 5600000,
        "Close of Quarter": 27.6,
        "EPS": 9556,
        "Non-adjusted EPS": 9556,
        "PE": 2.9,
        "Book Price": 24.1
      }
    }
  ]
}