{
  "ticker": "HT1",
  "data": [
    {
      "quarter": "Q4 2016",
      "income status": {
        "Net sales": 2194751,
        "Cost of goods sold": 1840561,
        "Gross Profit": 354190,
        "Financial expenses": 72989,
        "Of which: Interest expense": 83097,
        "Cost of sales": 34659,
        "Enterprise cost management": 75616,
        "Total Operating Expenses": 183264,
        "Total revenue financing activities": 36045,
        "Net profit from business activities": 206971,
        "Profit": 23906,
        "Profit before tax": 230876,
        "Present corporate income tax expenses": 46175,
        "Deferred income taxes expenses": 576,
        "The interests of minority shareholders": "N/A",
        "Total Cost of profits": 46751,
        "Profit after tax corporate income": 184125,
        "Volume": 381541911,
        "Close of Quarter": 20.5,
        "EPS": 2131,
        "Non-adjusted EPS": 2131,
        "PE": 9.6,
        "Book Price": 13.6
      }
    },
    {
      "quarter": "Q3 2016",
      "income status": {
        "Net sales": 2113937,
        "Cost of goods sold": 1638046,
        "Gross Profit": 475891,
        "Financial expenses": 100592,
        "Of which: Interest expense": 86146,
        "Cost of sales": 36321,
        "Enterprise cost management": 42697,
        "Total Operating Expenses": 179610,
        "Total revenue financing activities": 16476,
        "Net profit from business activities": 312756,
        "Profit": 9700,
        "Profit before tax": 322456,
        "Present corporate income tax expenses": 64491,
        "Deferred income taxes expenses": -23,
        "The interests of minority shareholders": "N/A",
        "Total Cost of profits": 64468,
        "Profit after tax corporate income": 257988,
        "Volume": 317952000,
        "Close of Quarter": 23.3,
        "EPS": 2221.7,
        "Non-adjusted EPS": 2666,
        "PE": 8.8,
        "Book Price": 12.9
      }
    },
    {
      "quarter": "Q2 2016",
      "income status": {
        "Net sales": 2184328,
        "Cost of goods sold": 1759207,
        "Gross Profit": 425121,
        "Financial expenses": 65925,
        "Of which: Interest expense": 89651,
        "Cost of sales": 35826,
        "Enterprise cost management": 46682,
        "Total Operating Expenses": 148433,
        "Total revenue financing activities": 14998,
        "Net profit from business activities": 291686,
        "Profit": 10420,
        "Profit before tax": 302105,
        "Present corporate income tax expenses": 60421,
        "Deferred income taxes expenses": 1333,
        "The interests of minority shareholders": "N/A",
        "Total Cost of profits": 61754,
        "Profit after tax corporate income": 240351,
        "Volume": 317952000,
        "Close of Quarter": 24.3,
        "EPS": 1905.8,
        "Non-adjusted EPS": 2287,
        "PE": 10.6,
        "Book Price": 12.3
      }
    },
    {
      "quarter": "Q1 2016",
      "income status": {
        "Net sales": 1743669,
        "Cost of goods sold": 1375507,
        "Gross Profit": 368162,
        "Financial expenses": 138274,
        "Of which: Interest expense": 88469,
        "Cost of sales": 30839,
        "Enterprise cost management": 47548,
        "Total Operating Expenses": 216661,
        "Total revenue financing activities": 11726,
        "Net profit from business activities": 163228,
        "Profit": 263,
        "Profit before tax": 163490,
        "Present corporate income tax expenses": 32698,
        "Deferred income taxes expenses": 95,
        "The interests of minority shareholders": "N/A",
        "Total Cost of profits": 32793,
        "Profit after tax corporate income": 130697,
        "Volume": 317952000,
        "Close of Quarter": 21.5,
        "EPS": 1660,
        "Non-adjusted EPS": 1992,
        "PE": 10.8,
        "Book Price": 11.9
      }
    },
    {
      "quarter": "Q4 2015",
      "income status": {
        "Net sales": 2036675,
        "Cost of goods sold": 1575090,
        "Gross Profit": 461585,
        "Financial expenses": 125297,
        "Of which: Interest expense": 93953,
        "Cost of sales": 25909,
        "Enterprise cost management": 96409,
        "Total Operating Expenses": 247615,
        "Total revenue financing activities": 58997,
        "Net profit from business activities": 272968,
        "Profit": 8985,
        "Profit before tax": 281953,
        "Present corporate income tax expenses": 63470,
        "Deferred income taxes expenses": "N/A",
        "The interests of minority shareholders": "N/A",
        "Total Cost of profits": 63470,
        "Profit after tax corporate income": 218483,
        "Volume": 317952000,
        "Close of Quarter": 22.3,
        "EPS": 1974.2,
        "Non-adjusted EPS": 2369,
        "PE": 9.4,
        "Book Price": 11.7
      }
    },
    {
      "quarter": "Q3 2015",
      "income status": {
        "Net sales": 1909007,
        "Cost of goods sold": 1468476,
        "Gross Profit": 440531,
        "Financial expenses": 109373,
        "Of which: Interest expense": 101454,
        "Cost of sales": 20744,
        "Enterprise cost management": 61807,
        "Total Operating Expenses": 191924,
        "Total revenue financing activities": -72180,
        "Net profit from business activities": 176426,
        "Profit": 205,
        "Profit before tax": 176631,
        "Present corporate income tax expenses": 38859,
        "Deferred income taxes expenses": "N/A",
        "The interests of minority shareholders": "N/A",
        "Total Cost of profits": 38859,
        "Profit after tax corporate income": 137772,
        "Volume": 317952000,
        "Close of Quarter": 18.3,
        "EPS": 1971.7,
        "Non-adjusted EPS": 2366,
        "PE": 7.8,
        "Book Price": 11.1
      }
    },
    {
      "quarter": "Q2 2015",
      "income status": {
        "Net sales": 2062957,
        "Cost of goods sold": 1629477,
        "Gross Profit": 433480,
        "Financial expenses": 112149,
        "Of which: Interest expense": 108308,
        "Cost of sales": -11834,
        "Enterprise cost management": 64742,
        "Total Operating Expenses": 165057,
        "Total revenue financing activities": -79398,
        "Net profit from business activities": 189026,
        "Profit": -1246,
        "Profit before tax": 187780,
        "Present corporate income tax expenses": 41312,
        "Deferred income taxes expenses": "N/A",
        "The interests of minority shareholders": "N/A",
        "Total Cost of profits": 41312,
        "Profit after tax corporate income": 146469,
        "Volume": 317952000,
        "Close of Quarter": 19,
        "EPS": 1814.2,
        "Non-adjusted EPS": 2177,
        "PE": 8.7,
        "Book Price": 10.7
      }
    },
    {
      "quarter": "Q1 2015",
      "income status": {
        "Net sales": 1599810,
        "Cost of goods sold": 1244727,
        "Gross Profit": 355083,
        "Financial expenses": 116922,
        "Of which: Interest expense": 112942,
        "Cost of sales": 50770,
        "Enterprise cost management": 58652,
        "Total Operating Expenses": 226344,
        "Total revenue financing activities": 191553,
        "Net profit from business activities": 320292,
        "Profit": 682,
        "Profit before tax": 320974,
        "Present corporate income tax expenses": 70614,
        "Deferred income taxes expenses": "N/A",
        "The interests of minority shareholders": "N/A",
        "Total Cost of profits": 70614,
        "Profit after tax corporate income": 250360,
        "Volume": 317952000,
        "Close of Quarter": 17.3,
        "EPS": 1460,
        "Non-adjusted EPS": 1752,
        "PE": 9.9,
        "Book Price": 10.4
      }
    },
    {
      "quarter": "Q4 2014",
      "income status": {
        "Net sales": 1853195,
        "Cost of goods sold": 1406391,
        "Gross Profit": 446804,
        "Financial expenses": 124162,
        "Of which: Interest expense": 120017,
        "Cost of sales": 103654,
        "Enterprise cost management": 42986,
        "Total Operating Expenses": 270802,
        "Total revenue financing activities": 102544,
        "Net profit from business activities": 278547,
        "Profit": 482,
        "Profit before tax": 279029,
        "Present corporate income tax expenses": 61386,
        "Deferred income taxes expenses": "N/A",
        "The interests of minority shareholders": "N/A",
        "Total Cost of profits": 61386,
        "Profit after tax corporate income": 217642,
        "Volume": 317952000,
        "Close of Quarter": 14.5,
        "EPS": 809.2,
        "Non-adjusted EPS": 971,
        "PE": 14.9,
        "Book Price": 9.8
      }
    },
    {
      "quarter": "Q3 2014",
      "income status": {
        "Net sales": 1599186,
        "Cost of goods sold": 1339954,
        "Gross Profit": 259232,
        "Financial expenses": 212947,
        "Of which: Interest expense": 125839,
        "Cost of sales": 81355,
        "Enterprise cost management": 40930,
        "Total Operating Expenses": 335232,
        "Total revenue financing activities": 176294,
        "Net profit from business activities": 100295,
        "Profit": -647,
        "Profit before tax": 99648,
        "Present corporate income tax expenses": 21922,
        "Deferred income taxes expenses": "N/A",
        "The interests of minority shareholders": "N/A",
        "Total Cost of profits": 21922,
        "Profit after tax corporate income": 77725,
        "Volume": 317952000,
        "Close of Quarter": 12.4,
        "EPS": 429.2,
        "Non-adjusted EPS": 515,
        "PE": 24.1,
        "Book Price": 9.2
      }
    },
    {
      "quarter": "Q2 2014",
      "income status": {
        "Net sales": 1727360,
        "Cost of goods sold": 1440798,
        "Gross Profit": 286562,
        "Financial expenses": 153158,
        "Of which: Interest expense": 133297,
        "Cost of sales": 75937,
        "Enterprise cost management": 50694,
        "Total Operating Expenses": 279789,
        "Total revenue financing activities": 7159,
        "Net profit from business activities": 13933,
        "Profit": 537,
        "Profit before tax": 14471,
        "Present corporate income tax expenses": 3184,
        "Deferred income taxes expenses": "N/A",
        "The interests of minority shareholders": "N/A",
        "Total Cost of profits": 3184,
        "Profit after tax corporate income": 11287,
        "Volume": 317952000,
        "Close of Quarter": 11.5,
        "EPS": 35.8,
        "Non-adjusted EPS": 43,
        "PE": 267.4,
        "Book Price": 8.7
      }
    },
    {
      "quarter": "Q1 2014",
      "income status": {
        "Net sales": 1578345,
        "Cost of goods sold": 1237245,
        "Gross Profit": 341101,
        "Financial expenses": 255429,
        "Of which: Interest expense": 143556,
        "Cost of sales": 60157,
        "Enterprise cost management": 29608,
        "Total Operating Expenses": 345194,
        "Total revenue financing activities": 5609,
        "Net profit from business activities": 1516,
        "Profit": 1033,
        "Profit before tax": 2549,
        "Present corporate income tax expenses": 561,
        "Deferred income taxes expenses": "N/A",
        "The interests of minority shareholders": "N/A",
        "Total Cost of profits": 561,
        "Profit after tax corporate income": 1988,
        "Volume": 317952000,
        "Close of Quarter": 9.9,
        "EPS": 8.3,
        "Non-adjusted EPS": 10,
        "PE": 992,
        "Book Price": 8.7
      }
    },
    {
      "quarter": "Q4 2013",
      "income status": {
        "Net sales": 1766036,
        "Cost of goods sold": 1325593,
        "Gross Profit": 440443,
        "Financial expenses": 227409,
        "Of which: Interest expense": 168759,
        "Cost of sales": 122402,
        "Enterprise cost management": 29717,
        "Total Operating Expenses": 379528,
        "Total revenue financing activities": 6402,
        "Net profit from business activities": 67317,
        "Profit": 8428,
        "Profit before tax": 75745,
        "Present corporate income tax expenses": 2849,
        "Deferred income taxes expenses": "N/A",
        "The interests of minority shareholders": "N/A",
        "Total Cost of profits": 2849,
        "Profit after tax corporate income": 72896,
        "Volume": 197952000,
        "Close of Quarter": 4.2,
        "EPS": 5.2,
        "Non-adjusted EPS": 10,
        "PE": 417,
        "Book Price": 8.4
      }
    },
    {
      "quarter": "Q3 2013",
      "income status": {
        "Net sales": 1580928,
        "Cost of goods sold": 1267971,
        "Gross Profit": 312957,
        "Financial expenses": 296787,
        "Of which: Interest expense": 177821,
        "Cost of sales": 63803,
        "Enterprise cost management": 30319,
        "Total Operating Expenses": 390909,
        "Total revenue financing activities": 4617,
        "Net profit from business activities": -73335,
        "Profit": 755,
        "Profit before tax": -72579,
        "Present corporate income tax expenses": "N/A",
        "Deferred income taxes expenses": "N/A",
        "The interests of minority shareholders": "N/A",
        "Total Cost of profits": 0,
        "Profit after tax corporate income": -72579,
        "Volume": 197952000,
        "Close of Quarter": 4.2,
        "EPS": -104.3,
        "Non-adjusted EPS": -201,
        "PE": -20.8,
        "Book Price": 5.0
      }
    },
    {
      "quarter": "Q2 2013",
      "income status": {
        "Net sales": 1870182,
        "Cost of goods sold": 1428523,
        "Gross Profit": 441659,
        "Financial expenses": 260073,
        "Of which: Interest expense": -647161,
        "Cost of sales": 96707,
        "Enterprise cost management": 28187,
        "Total Operating Expenses": 384967,
        "Total revenue financing activities": -55806,
        "Net profit from business activities": 885,
        "Profit": 434,
        "Profit before tax": 1320,
        "Present corporate income tax expenses": 330,
        "Deferred income taxes expenses": "N/A",
        "The interests of minority shareholders": "N/A",
        "Total Cost of profits": 330,
        "Profit after tax corporate income": 990,
        "Volume": 197952000,
        "Close of Quarter": 4.2,
        "EPS": 7.8,
        "Non-adjusted EPS": 15,
        "PE": 278,
        "Book Price": 5.1
      }
    },
    {
      "quarter": "Q1 2013",
      "income status": {
        "Net sales": 1151601,
        "Cost of goods sold": 917044,
        "Gross Profit": 234557,
        "Financial expenses": 255843,
        "Of which: Interest expense": 220468,
        "Cost of sales": 19302,
        "Enterprise cost management": 25204,
        "Total Operating Expenses": 300349,
        "Total revenue financing activities": 66016,
        "Net profit from business activities": 224,
        "Profit": 671,
        "Profit before tax": 895,
        "Present corporate income tax expenses": 224,
        "Deferred income taxes expenses": "N/A",
        "The interests of minority shareholders": "N/A",
        "Total Cost of profits": 224,
        "Profit after tax corporate income": 671,
        "Volume": 197952000,
        "Close of Quarter": 4.2,
        "EPS": 5.2,
        "Non-adjusted EPS": 10,
        "PE": 417,
        "Book Price": 5.0
      }
    },
    {
      "quarter": "Q4 2012",
      "income status": {
        "Net sales": 1548828,
        "Cost of goods sold": 1211846,
        "Gross Profit": 336981,
        "Financial expenses": 252413,
        "Of which: Interest expense": 229364,
        "Cost of sales": 85126,
        "Enterprise cost management": 30934,
        "Total Operating Expenses": 368473,
        "Total revenue financing activities": 47008,
        "Net profit from business activities": 15516,
        "Profit": 15953,
        "Profit before tax": 31469,
        "Present corporate income tax expenses": 414,
        "Deferred income taxes expenses": "N/A",
        "The interests of minority shareholders": "N/A",
        "Total Cost of profits": 414,
        "Profit after tax corporate income": 31055,
        "Volume": 197952000,
        "Close of Quarter": 3.4,
        "EPS": 3.1,
        "Non-adjusted EPS": 6,
        "PE": 570,
        "Book Price": 4.9
      }
    },
    {
      "quarter": "Q3 2012",
      "income status": {
        "Net sales": 1425579,
        "Cost of goods sold": 1121785,
        "Gross Profit": 303794,
        "Financial expenses": 207831,
        "Of which: Interest expense": 177009,
        "Cost of sales": 112436,
        "Enterprise cost management": 25460,
        "Total Operating Expenses": 345727,
        "Total revenue financing activities": 6391,
        "Net profit from business activities": -35541,
        "Profit": 5730,
        "Profit before tax": -29812,
        "Present corporate income tax expenses": "N/A",
        "Deferred income taxes expenses": "N/A",
        "The interests of minority shareholders": "N/A",
        "Total Cost of profits": 0,
        "Profit after tax corporate income": -29812,
        "Volume": 197952000,
        "Close of Quarter": 3.7,
        "EPS": -78.3,
        "Non-adjusted EPS": -151,
        "PE": -24.3,
        "Book Price": 5.0
      }
    },
    {
      "quarter": "Q1 2012",
      "income status": {
        "Net sales": 1160668,
        "Cost of goods sold": 874729,
        "Gross Profit": 285939,
        "Financial expenses": 233815,
        "Of which: Interest expense": 215197,
        "Cost of sales": 27325,
        "Enterprise cost management": 25632,
        "Total Operating Expenses": 286772,
        "Total revenue financing activities": 1268,
        "Net profit from business activities": 435,
        "Profit": -435,
        "Profit before tax": "N/A",
        "Present corporate income tax expenses": "N/A",
        "Deferred income taxes expenses": "N/A",
        "The interests of minority shareholders": "N/A",
        "Total Cost of profits": 0,
        "Profit after tax corporate income": 0,
        "Volume": 197952000,
        "Close of Quarter": 3.8,
        "EPS": 147.9,
        "Non-adjusted EPS": 285,
        "PE": 13.4,
        "Book Price": 4.6
      }
    },
    {
      "quarter": "Q4 2011",
      "income status": {
        "Net sales": 1345662,
        "Cost of goods sold": 956351,
        "Gross Profit": 389311,
        "Financial expenses": 275723,
        "Of which: Interest expense": 275723,
        "Cost of sales": 71233,
        "Enterprise cost management": 41179,
        "Total Operating Expenses": 388135,
        "Total revenue financing activities": 1180,
        "Net profit from business activities": 2356,
        "Profit": -2356,
        "Profit before tax": "N/A",
        "Present corporate income tax expenses": "N/A",
        "Deferred income taxes expenses": "N/A",
        "The interests of minority shareholders": "N/A",
        "Total Cost of profits": 0,
        "Profit after tax corporate income": 0,
        "Volume": 197952000,
        "Close of Quarter": 2.4,
        "EPS": 1.0,
        "Non-adjusted EPS": 2,
        "PE": 1210,
        "Book Price": 4.7
      }
    },
    {
      "quarter": "Q3 2011",
      "income status": {
        "Net sales": 1245028,
        "Cost of goods sold": 899801,
        "Gross Profit": 345227,
        "Financial expenses": 262430,
        "Of which: Interest expense": 200664,
        "Cost of sales": 58641,
        "Enterprise cost management": 29013,
        "Total Operating Expenses": 350084,
        "Total revenue financing activities": 5829,
        "Net profit from business activities": 972,
        "Profit": -972,
        "Profit before tax": "N/A",
        "Present corporate income tax expenses": "N/A",
        "Deferred income taxes expenses": "N/A",
        "The interests of minority shareholders": "N/A",
        "Total Cost of profits": 0,
        "Profit after tax corporate income": 0,
        "Volume": 197952000,
        "Close of Quarter": 3.6,
        "EPS": -66.9,
        "Non-adjusted EPS": -129,
        "PE": -27.8,
        "Book Price": 4.3
      }
    },
    {
      "quarter": "Q2 2011",
      "income status": {
        "Net sales": 1484778,
        "Cost of goods sold": 1047290,
        "Gross Profit": 437488,
        "Financial expenses": 249227,
        "Of which: Interest expense": 193146,
        "Cost of sales": 98499,
        "Enterprise cost management": 34805,
        "Total Operating Expenses": 382531,
        "Total revenue financing activities": 5079,
        "Net profit from business activities": 60034,
        "Profit": -3402,
        "Profit before tax": 56632,
        "Present corporate income tax expenses": 142,
        "Deferred income taxes expenses": "N/A",
        "The interests of minority shareholders": "N/A",
        "Total Cost of profits": 142,
        "Profit after tax corporate income": 56490,
        "Volume": 197952000,
        "Close of Quarter": 4.3,
        "EPS": -125.6,
        "Non-adjusted EPS": -242,
        "PE": -17.9,
        "Book Price": 3.7
      }
    },
    {
      "quarter": "Q1 2011",
      "income status": {
        "Net sales": 1205182,
        "Cost of goods sold": 914824,
        "Gross Profit": 290357,
        "Financial expenses": 240433,
        "Of which: Interest expense": 202054,
        "Cost of sales": 79673,
        "Enterprise cost management": 33674,
        "Total Operating Expenses": 353780,
        "Total revenue financing activities": 3606,
        "Net profit from business activities": -59817,
        "Profit": 3753,
        "Profit before tax": -56064,
        "Present corporate income tax expenses": "N/A",
        "Deferred income taxes expenses": "N/A",
        "The interests of minority shareholders": "N/A",
        "Total Cost of profits": 0,
        "Profit after tax corporate income": -56064,
        "Volume": 197952000,
        "Close of Quarter": 7.2,
        "EPS": -50.8,
        "Non-adjusted EPS": -98,
        "PE": -73.3,
        "Book Price": 3.8
      }
    }
  ]
}