{
  "ticker": "LTC",
  "data": [
    {
      "quarter": "Q4 2016",
      "income status": {
        "Net sales": 73712,
        "Cost of goods sold": 69321,
        "Gross Profit": 4391,
        "Financial expenses": 517,
        "Of which: Interest expense": 232,
        "Cost of sales": 104,
        "Enterprise cost management": 3596,
        "Total Operating Expenses": 4217,
        "Total revenue financing activities": 64,
        "Net profit from business activities": 239,
        "Profit": "N/A",
        "Profit before tax": 239,
        "Present corporate income tax expenses": 49,
        "Deferred income taxes expenses": "N/A",
        "The interests of minority shareholders": 1,
        "Total Cost of profits": 50,
        "Profit after tax corporate income": 189,
        "Volume": 4586000,
        "Close of Quarter": 5.2,
        "EPS": 126,
        "Non-adjusted EPS": 126,
        "PE": 41.3,
        "Book Price": 22.5
      }
    },
    {
      "quarter": "Q3 2016",
      "income status": {
        "Net sales": 14362,
        "Cost of goods sold": 12266,
        "Gross Profit": 2096,
        "Financial expenses": 248,
        "Of which: Interest expense": 169,
        "Cost of sales": 79,
        "Enterprise cost management": 1579,
        "Total Operating Expenses": 1906,
        "Total revenue financing activities": 1,
        "Net profit from business activities": 192,
        "Profit": -71,
        "Profit before tax": 121,
        "Present corporate income tax expenses": 24,
        "Deferred income taxes expenses": "N/A",
        "The interests of minority shareholders": 1,
        "Total Cost of profits": 25,
        "Profit after tax corporate income": 96,
        "Volume": 4586000,
        "Close of Quarter": 5.7,
        "EPS": 422,
        "Non-adjusted EPS": 422,
        "PE": 13.5,
        "Book Price": 21
      }
    },
    {
      "quarter": "Q2 2016",
      "income status": {
        "Net sales": 20785,
        "Cost of goods sold": 19631,
        "Gross Profit": 1154,
        "Financial expenses": -421,
        "Of which: Interest expense": -445,
        "Cost of sales": 234,
        "Enterprise cost management": 1083,
        "Total Operating Expenses": 896,
        "Total revenue financing activities": 1,
        "Net profit from business activities": 259,
        "Profit": 82,
        "Profit before tax": 340,
        "Present corporate income tax expenses": 109,
        "Deferred income taxes expenses": "N/A",
        "The interests of minority shareholders": 113,
        "Total Cost of profits": 222,
        "Profit after tax corporate income": 119,
        "Volume": 4586000,
        "Close of Quarter": 6.4,
        "EPS": 479,
        "Non-adjusted EPS": 479,
        "PE": 13.4,
        "Book Price": 20.9
      }
    },
    {
      "quarter": "Q1 2016",
      "income status": {
        "Net sales": 27590,
        "Cost of goods sold": 24707,
        "Gross Profit": 2884,
        "Financial expenses": 943,
        "Of which: Interest expense": 943,
        "Cost of sales": 53,
        "Enterprise cost management": 1494,
        "Total Operating Expenses": 2490,
        "Total revenue financing activities": 12,
        "Net profit from business activities": 406,
        "Profit": -150,
        "Profit before tax": 256,
        "Present corporate income tax expenses": 29,
        "Deferred income taxes expenses": "N/A",
        "The interests of minority shareholders": 55,
        "Total Cost of profits": 84,
        "Profit after tax corporate income": 172,
        "Volume": 4586000,
        "Close of Quarter": 5.1,
        "EPS": 476,
        "Non-adjusted EPS": 476,
        "PE": 10.7,
        "Book Price": 20.9
      }
    },
    {
      "quarter": "Q4 2015",
      "income status": {
        "Net sales": 96428,
        "Cost of goods sold": 89237,
        "Gross Profit": 7191,
        "Financial expenses": 1962,
        "Of which: Interest expense": 1941,
        "Cost of sales": 267,
        "Enterprise cost management": 3446,
        "Total Operating Expenses": 5675,
        "Total revenue financing activities": 255,
        "Net profit from business activities": 1771,
        "Profit": 282,
        "Profit before tax": 2053,
        "Present corporate income tax expenses": 378,
        "Deferred income taxes expenses": "N/A",
        "The interests of minority shareholders": 126,
        "Total Cost of profits": 504,
        "Profit after tax corporate income": 1549,
        "Volume": 4586000,
        "Close of Quarter": 4.1,
        "EPS": 457,
        "Non-adjusted EPS": 457,
        "PE": 9.0,
        "Book Price": 21.2
      }
    },
    {
      "quarter": "Q3 2015",
      "income status": {
        "Net sales": 46641,
        "Cost of goods sold": 43340,
        "Gross Profit": 3300,
        "Financial expenses": 624,
        "Of which: Interest expense": 602,
        "Cost of sales": 233,
        "Enterprise cost management": 1716,
        "Total Operating Expenses": 2573,
        "Total revenue financing activities": 82,
        "Net profit from business activities": 809,
        "Profit": -25,
        "Profit before tax": 784,
        "Present corporate income tax expenses": 233,
        "Deferred income taxes expenses": "N/A",
        "The interests of minority shareholders": 197,
        "Total Cost of profits": 430,
        "Profit after tax corporate income": 355,
        "Volume": 4586000,
        "Close of Quarter": 5,
        "EPS": 990,
        "Non-adjusted EPS": 990,
        "PE": 5.1,
        "Book Price": 20.8
      }
    },
    {
      "quarter": "Q2 2015",
      "income status": {
        "Net sales": 26933,
        "Cost of goods sold": 22986,
        "Gross Profit": 3948,
        "Financial expenses": 791,
        "Of which: Interest expense": 786,
        "Cost of sales": 205,
        "Enterprise cost management": 2671,
        "Total Operating Expenses": 3667,
        "Total revenue financing activities": 72,
        "Net profit from business activities": 353,
        "Profit": -22,
        "Profit before tax": 331,
        "Present corporate income tax expenses": 83,
        "Deferred income taxes expenses": "N/A",
        "The interests of minority shareholders": 139,
        "Total Cost of profits": 222,
        "Profit after tax corporate income": 109,
        "Volume": 4586000,
        "Close of Quarter": 5.8,
        "EPS": 341,
        "Non-adjusted EPS": 341,
        "PE": 17.0,
        "Book Price": 20.6
      }
    },
    {
      "quarter": "Q1 2015",
      "income status": {
        "Net sales": 21823,
        "Cost of goods sold": 19935,
        "Gross Profit": 1888,
        "Financial expenses": 234,
        "Of which: Interest expense": 203,
        "Cost of sales": 113,
        "Enterprise cost management": 1455,
        "Total Operating Expenses": 1802,
        "Total revenue financing activities": 86,
        "Net profit from business activities": 172,
        "Profit": -16,
        "Profit before tax": 156,
        "Present corporate income tax expenses": 34,
        "Deferred income taxes expenses": "N/A",
        "The interests of minority shareholders": 38,
        "Total Cost of profits": 72,
        "Profit after tax corporate income": 84,
        "Volume": 4586000,
        "Close of Quarter": 6.9,
        "EPS": 366,
        "Non-adjusted EPS": 366,
        "PE": 18.9,
        "Book Price": 20.5
      }
    },
    {
      "quarter": "Q4 2014",
      "income status": {
        "Net sales": 67692,
        "Cost of goods sold": 62756,
        "Gross Profit": 4937,
        "Financial expenses": 1369,
        "Of which: Interest expense": 1369,
        "Cost of sales": 212,
        "Enterprise cost management": 2708,
        "Total Operating Expenses": 4289,
        "Total revenue financing activities": 2285,
        "Net profit from business activities": 2932,
        "Profit": 2940,
        "Profit before tax": 5872,
        "Present corporate income tax expenses": 810,
        "Deferred income taxes expenses": "N/A",
        "The interests of minority shareholders": 1069,
        "Total Cost of profits": 1879,
        "Profit after tax corporate income": 3993,
        "Volume": 4586000,
        "Close of Quarter": 7.1,
        "EPS": 483,
        "Non-adjusted EPS": 483,
        "PE": 14.7,
        "Book Price": 21.2
      }
    },
    {
      "quarter": "Q3 2014",
      "income status": {
        "Net sales": 38686,
        "Cost of goods sold": 36967,
        "Gross Profit": 1719,
        "Financial expenses": 1197,
        "Of which: Interest expense": 1154,
        "Cost of sales": 780,
        "Enterprise cost management": 2966,
        "Total Operating Expenses": 4943,
        "Total revenue financing activities": 131,
        "Net profit from business activities": -3092,
        "Profit": -1176,
        "Profit before tax": -4268,
        "Present corporate income tax expenses": 341,
        "Deferred income taxes expenses": "N/A",
        "The interests of minority shareholders": -1986,
        "Total Cost of profits": -1645,
        "Profit after tax corporate income": -2623,
        "Volume": 4586000,
        "Close of Quarter": 8.7,
        "EPS": 323,
        "Non-adjusted EPS": 323,
        "PE": 26.9,
        "Book Price": 20.2
      }
    },
    {
      "quarter": "Q2 2014",
      "income status": {
        "Net sales": 51604,
        "Cost of goods sold": 46528,
        "Gross Profit": 5076,
        "Financial expenses": 1152,
        "Of which: Interest expense": 1152,
        "Cost of sales": 234,
        "Enterprise cost management": 3219,
        "Total Operating Expenses": 4605,
        "Total revenue financing activities": 79,
        "Net profit from business activities": 550,
        "Profit": -82,
        "Profit before tax": 469,
        "Present corporate income tax expenses": 66,
        "Deferred income taxes expenses": "N/A",
        "The interests of minority shareholders": 178,
        "Total Cost of profits": 244,
        "Profit after tax corporate income": 225,
        "Volume": 4586000,
        "Close of Quarter": 8.4,
        "EPS": 1124,
        "Non-adjusted EPS": 1124,
        "PE": 7.5,
        "Book Price": 21.3
      }
    },
    {
      "quarter": "Q1 2014",
      "income status": {
        "Net sales": 25028,
        "Cost of goods sold": 22349,
        "Gross Profit": 2679,
        "Financial expenses": 677,
        "Of which: Interest expense": 634,
        "Cost of sales": 31,
        "Enterprise cost management": 1236,
        "Total Operating Expenses": 1944,
        "Total revenue financing activities": 80,
        "Net profit from business activities": 815,
        "Profit": "N/A",
        "Profit before tax": 815,
        "Present corporate income tax expenses": 180,
        "Deferred income taxes expenses": "N/A",
        "The interests of minority shareholders": 13,
        "Total Cost of profits": 193,
        "Profit after tax corporate income": 621,
        "Volume": 4586000,
        "Close of Quarter": 10.8,
        "EPS": 1199,
        "Non-adjusted EPS": 1199,
        "PE": 9.0,
        "Book Price": 22.4
      }
    },
    {
      "quarter": "Q4 2013",
      "income status": {
        "Net sales": 115655,
        "Cost of goods sold": 100943,
        "Gross Profit": 14712,
        "Financial expenses": 2682,
        "Of which: Interest expense": 2682,
        "Cost of sales": 238,
        "Enterprise cost management": 4997,
        "Total Operating Expenses": 7917,
        "Total revenue financing activities": 1,
        "Net profit from business activities": 6795,
        "Profit": -1237,
        "Profit before tax": 5558,
        "Present corporate income tax expenses": 1979,
        "Deferred income taxes expenses": "N/A",
        "The interests of minority shareholders": 323,
        "Total Cost of profits": 2302,
        "Profit after tax corporate income": 3256,
        "Volume": 4586000,
        "Close of Quarter": 6.0,
        "EPS": 1129,
        "Non-adjusted EPS": 1129,
        "PE": 5.3,
        "Book Price": 18.4
      }
    },
    {
      "quarter": "Q3 2013",
      "income status": {
        "Net sales": 37570,
        "Cost of goods sold": 33757,
        "Gross Profit": 3813,
        "Financial expenses": 794,
        "Of which: Interest expense": 794,
        "Cost of sales": 170,
        "Enterprise cost management": 1218,
        "Total Operating Expenses": 2182,
        "Total revenue financing activities": 6,
        "Net profit from business activities": 1638,
        "Profit": -48,
        "Profit before tax": 1590,
        "Present corporate income tax expenses": 271,
        "Deferred income taxes expenses": "N/A",
        "The interests of minority shareholders": 268,
        "Total Cost of profits": 539,
        "Profit after tax corporate income": 1052,
        "Volume": 4586000,
        "Close of Quarter": 5.7,
        "EPS": 798,
        "Non-adjusted EPS": 798,
        "PE": 7.2,
        "Book Price": 17.5
      }
    },
    {
      "quarter": "Q2 2013",
      "income status": {
        "Net sales": 20315,
        "Cost of goods sold": 17042,
        "Gross Profit": 3273,
        "Financial expenses": 341,
        "Of which: Interest expense": -2016,
        "Cost of sales": 58,
        "Enterprise cost management": 2071,
        "Total Operating Expenses": 2470,
        "Total revenue financing activities": 28,
        "Net profit from business activities": 831,
        "Profit": -48,
        "Profit before tax": 783,
        "Present corporate income tax expenses": 195,
        "Deferred income taxes expenses": "N/A",
        "The interests of minority shareholders": 17,
        "Total Cost of profits": 212,
        "Profit after tax corporate income": 571,
        "Volume": 4586000,
        "Close of Quarter": 5.1,
        "EPS": 765,
        "Non-adjusted EPS": 765,
        "PE": 6.7,
        "Book Price": 16.9
      }
    },
    {
      "quarter": "Q1 2013",
      "income status": {
        "Net sales": 6512,
        "Cost of goods sold": 5320,
        "Gross Profit": 1192,
        "Financial expenses": 44,
        "Of which: Interest expense": 44,
        "Cost of sales": "N/A",
        "Enterprise cost management": 826,
        "Total Operating Expenses": 870,
        "Total revenue financing activities": 74,
        "Net profit from business activities": 397,
        "Profit": "N/A",
        "Profit before tax": 397,
        "Present corporate income tax expenses": 99,
        "Deferred income taxes expenses": "N/A",
        "The interests of minority shareholders": "N/A",
        "Total Cost of profits": 99,
        "Profit after tax corporate income": 298,
        "Volume": 4586000,
        "Close of Quarter": 4.1,
        "EPS": 693,
        "Non-adjusted EPS": 693,
        "PE": 5.9,
        "Book Price": 17.4
      }
    },
    {
      "quarter": "Q4 2012",
      "income status": {
        "Net sales": 71120,
        "Cost of goods sold": 62061,
        "Gross Profit": 9058,
        "Financial expenses": 1729,
        "Of which: Interest expense": 1161,
        "Cost of sales": 96,
        "Enterprise cost management": 4181,
        "Total Operating Expenses": 6006,
        "Total revenue financing activities": 79,
        "Net profit from business activities": 3131,
        "Profit": -4,
        "Profit before tax": 3127,
        "Present corporate income tax expenses": 888,
        "Deferred income taxes expenses": "N/A",
        "The interests of minority shareholders": 500,
        "Total Cost of profits": 1388,
        "Profit after tax corporate income": 1739,
        "Volume": 4586000,
        "Close of Quarter": 3.6,
        "EPS": 650,
        "Non-adjusted EPS": 650,
        "PE": 5.6,
        "Book Price": 17.9
      }
    },
    {
      "quarter": "Q3 2012",
      "income status": {
        "Net sales": 23468,
        "Cost of goods sold": 21632,
        "Gross Profit": 1836,
        "Financial expenses": 377,
        "Of which: Interest expense": 257,
        "Cost of sales": 39,
        "Enterprise cost management": 474,
        "Total Operating Expenses": 890,
        "Total revenue financing activities": 7,
        "Net profit from business activities": 954,
        "Profit": "N/A",
        "Profit before tax": 954,
        "Present corporate income tax expenses": 55,
        "Deferred income taxes expenses": "N/A",
        "The interests of minority shareholders": "N/A",
        "Total Cost of profits": 55,
        "Profit after tax corporate income": 899,
        "Volume": 4586000,
        "Close of Quarter": 3.3,
        "EPS": 436,
        "Non-adjusted EPS": 436,
        "PE": 7.6,
        "Book Price": 17.3
      }
    },
    {
      "quarter": "Q2 2012",
      "income status": {
        "Net sales": 4913,
        "Cost of goods sold": 4248,
        "Gross Profit": 665,
        "Financial expenses": 133,
        "Of which: Interest expense": 201,
        "Cost of sales": 72,
        "Enterprise cost management": 258,
        "Total Operating Expenses": 463,
        "Total revenue financing activities": 17,
        "Net profit from business activities": 220,
        "Profit": "N/A",
        "Profit before tax": 220,
        "Present corporate income tax expenses": 53,
        "Deferred income taxes expenses": "N/A",
        "The interests of minority shareholders": -75,
        "Total Cost of profits": -22,
        "Profit after tax corporate income": 242,
        "Volume": 4586000,
        "Close of Quarter": 5.0,
        "EPS": 294,
        "Non-adjusted EPS": 294,
        "PE": 16.8,
        "Book Price": 17.1
      }
    },
    {
      "quarter": "Q1 2012",
      "income status": {
        "Net sales": 3033,
        "Cost of goods sold": 1853,
        "Gross Profit": 1179,
        "Financial expenses": 89,
        "Of which: Interest expense": "N/A",
        "Cost of sales": 51,
        "Enterprise cost management": 817,
        "Total Operating Expenses": 957,
        "Total revenue financing activities": 15,
        "Net profit from business activities": 239,
        "Profit": "N/A",
        "Profit before tax": 239,
        "Present corporate income tax expenses": 59,
        "Deferred income taxes expenses": "N/A",
        "The interests of minority shareholders": 80,
        "Total Cost of profits": 139,
        "Profit after tax corporate income": 100,
        "Volume": 3880000,
        "Close of Quarter": 5.4,
        "EPS": 456.9,
        "Non-adjusted EPS": 540,
        "PE": 9.9,
        "Book Price": 17.2
      }
    },
    {
      "quarter": "Q4 2011",
      "income status": {
        "Net sales": 42634,
        "Cost of goods sold": 38816,
        "Gross Profit": 3819,
        "Financial expenses": 478,
        "Of which: Interest expense": "N/A",
        "Cost of sales": 161,
        "Enterprise cost management": 2100,
        "Total Operating Expenses": 2739,
        "Total revenue financing activities": 10,
        "Net profit from business activities": 1089,
        "Profit": "N/A",
        "Profit before tax": 1089,
        "Present corporate income tax expenses": 332,
        "Deferred income taxes expenses": "N/A",
        "The interests of minority shareholders": "N/A",
        "Total Cost of profits": 332,
        "Profit after tax corporate income": 757,
        "Volume": 3880000,
        "Close of Quarter": 4.3,
        "EPS": 376.5,
        "Non-adjusted EPS": 445,
        "PE": 9.7,
        "Book Price": 15.6
      }
    },
    {
      "quarter": "Q3 2011",
      "income status": {
        "Net sales": 7740,
        "Cost of goods sold": 6403,
        "Gross Profit": 1337,
        "Financial expenses": 63,
        "Of which: Interest expense": "N/A",
        "Cost of sales": 214,
        "Enterprise cost management": 726,
        "Total Operating Expenses": 1003,
        "Total revenue financing activities": 10,
        "Net profit from business activities": 343,
        "Profit": "N/A",
        "Profit before tax": 726,
        "Present corporate income tax expenses": 76,
        "Deferred income taxes expenses": "N/A",
        "The interests of minority shareholders": 17,
        "Total Cost of profits": 93,
        "Profit after tax corporate income": 250,
        "Volume": 3880000,
        "Close of Quarter": 6.5,
        "EPS": 672.6,
        "Non-adjusted EPS": 795,
        "PE": 8.1,
        "Book Price": 15.6
      }
    },
    {
      "quarter": "Q2 2011",
      "income status": {
        "Net sales": 9828,
        "Cost of goods sold": 7967,
        "Gross Profit": 1861,
        "Financial expenses": 75,
        "Of which: Interest expense": 75,
        "Cost of sales": 62,
        "Enterprise cost management": 748,
        "Total Operating Expenses": 885,
        "Total revenue financing activities": 15,
        "Net profit from business activities": 991,
        "Profit": -1,
        "Profit before tax": 990,
        "Present corporate income tax expenses": "N/A",
        "Deferred income taxes expenses": "N/A",
        "The interests of minority shareholders": "N/A",
        "Total Cost of profits": 0,
        "Profit after tax corporate income": 990,
        "Volume": 2500000,
        "Close of Quarter": 5.7,
        "EPS": 990.0,
        "Non-adjusted EPS": 1816,
        "PE": 3.2,
        "Book Price": 15.4
      }
    },
    {
      "quarter": "Q1 2011",
      "income status": {
        "Net sales": 3825,
        "Cost of goods sold": 3176,
        "Gross Profit": 648,
        "Financial expenses": 356,
        "Of which: Interest expense": 356,
        "Cost of sales": 62,
        "Enterprise cost management": 768,
        "Total Operating Expenses": 1186,
        "Total revenue financing activities": 14,
        "Net profit from business activities": -523,
        "Profit": "N/A",
        "Profit before tax": -523,
        "Present corporate income tax expenses": "N/A",
        "Deferred income taxes expenses": "N/A",
        "The interests of minority shareholders": -252,
        "Total Cost of profits": -252,
        "Profit after tax corporate income": -271,
        "Volume": 2500000,
        "Close of Quarter": 9.9,
        "EPS": 886.9,
        "Non-adjusted EPS": 1627,
        "PE": 6.1,
        "Book Price": 14.0
      }
    }
  ]
}