{
  "ticker": "THG",
  "data": [
    {
      "quarter": "Q4 2016",
      "income status": {
        "Net sales": 211168,
        "Cost of goods sold": 163886,
        "Gross Profit": 47281,
        "Financial expenses": 1151,
        "Of which: Interest expense": 1151,
        "Cost of sales": 15123,
        "Enterprise cost management": 5777,
        "Total Operating Expenses": 22051,
        "Total revenue financing activities": 2708,
        "Net profit from business activities": 27955,
        "Profit": -848,
        "Profit before tax": 27107,
        "Present corporate income tax expenses": 2934,
        "Deferred income taxes expenses": 586,
        "The interests of minority shareholders": 177,
        "Total Cost of profits": 3697,
        "Profit after tax corporate income": 23410,
        "Volume": 11999907,
        "Close of Quarter": 52.5,
        "EPS": 7162,
        "Non-adjusted EPS": 7162,
        "PE": 7.3,
        "Book Price": 22.9
      }
    },
    {
      "quarter": "Q3 2016",
      "income status": {
        "Net sales": 237145,
        "Cost of goods sold": 185251,
        "Gross Profit": 51894,
        "Financial expenses": 1138,
        "Of which: Interest expense": 1138,
        "Cost of sales": 13698,
        "Enterprise cost management": 9322,
        "Total Operating Expenses": 24158,
        "Total revenue financing activities": 832,
        "Net profit from business activities": 28584,
        "Profit": 239,
        "Profit before tax": 28823,
        "Present corporate income tax expenses": 4012,
        "Deferred income taxes expenses": -578,
        "The interests of minority shareholders": 293,
        "Total Cost of profits": 3727,
        "Profit after tax corporate income": 25097,
        "Volume": 10000000,
        "Close of Quarter": 53.5,
        "EPS": 6661.7,
        "Non-adjusted EPS": 7994,
        "PE": 6.7,
        "Book Price": 19.8
      }
    },
    {
      "quarter": "Q2 2016",
      "income status": {
        "Net sales": 246663,
        "Cost of goods sold": 195450,
        "Gross Profit": 51213,
        "Financial expenses": 1359,
        "Of which: Interest expense": 1359,
        "Cost of sales": 16845,
        "Enterprise cost management": 6652,
        "Total Operating Expenses": 24856,
        "Total revenue financing activities": 1134,
        "Net profit from business activities": 27512,
        "Profit": -221,
        "Profit before tax": 27291,
        "Present corporate income tax expenses": 3235,
        "Deferred income taxes expenses": -289,
        "The interests of minority shareholders": -319,
        "Total Cost of profits": 2627,
        "Profit after tax corporate income": 24664,
        "Volume": 10000000,
        "Close of Quarter": 42.2,
        "EPS": 5701.7,
        "Non-adjusted EPS": 6842,
        "PE": 6.2,
        "Book Price": 17.6
      }
    },
    {
      "quarter": "Q1 2016",
      "income status": {
        "Net sales": 134106,
        "Cost of goods sold": 98571,
        "Gross Profit": 35535,
        "Financial expenses": 1205,
        "Of which: Interest expense": 1205,
        "Cost of sales": 12913,
        "Enterprise cost management": 7411,
        "Total Operating Expenses": 21529,
        "Total revenue financing activities": 877,
        "Net profit from business activities": 14866,
        "Profit": -395,
        "Profit before tax": 14472,
        "Present corporate income tax expenses": 2042,
        "Deferred income taxes expenses": -345,
        "The interests of minority shareholders": -4,
        "Total Cost of profits": 1693,
        "Profit after tax corporate income": 12778,
        "Volume": 10000000,
        "Close of Quarter": 31.9,
        "EPS": 4960.9,
        "Non-adjusted EPS": 5953,
        "PE": 5.4,
        "Book Price": 18.2
      }
    },
    {
      "quarter": "Q4 2015",
      "income status": {
        "Net sales": 225879,
        "Cost of goods sold": 179320,
        "Gross Profit": 46559,
        "Financial expenses": 921,
        "Of which: Interest expense": 921,
        "Cost of sales": 18097,
        "Enterprise cost management": 8891,
        "Total Operating Expenses": 27909,
        "Total revenue financing activities": 983,
        "Net profit from business activities": 19662,
        "Profit": 888,
        "Profit before tax": 20550,
        "Present corporate income tax expenses": 2781,
        "Deferred income taxes expenses": 194,
        "The interests of minority shareholders": 173,
        "Total Cost of profits": 3148,
        "Profit after tax corporate income": 17402,
        "Volume": 10000000,
        "Close of Quarter": 25.6,
        "EPS": 4765.9,
        "Non-adjusted EPS": 5719,
        "PE": 4.5,
        "Book Price": 17.2
      }
    },
    {
      "quarter": "Q3 2015",
      "income status": {
        "Net sales": 171059,
        "Cost of goods sold": 135112,
        "Gross Profit": 35947,
        "Financial expenses": 701,
        "Of which: Interest expense": 701,
        "Cost of sales": 13678,
        "Enterprise cost management": 7280,
        "Total Operating Expenses": 21659,
        "Total revenue financing activities": 507,
        "Net profit from business activities": 14809,
        "Profit": -23,
        "Profit before tax": 14785,
        "Present corporate income tax expenses": 1237,
        "Deferred income taxes expenses": 34,
        "The interests of minority shareholders": -61,
        "Total Cost of profits": 1210,
        "Profit after tax corporate income": 13576,
        "Volume": 10000000,
        "Close of Quarter": 17.1,
        "EPS": 4055.9,
        "Non-adjusted EPS": 4867,
        "PE": 3.5,
        "Book Price": 15.8
      }
    },
    {
      "quarter": "Q2 2015",
      "income status": {
        "Net sales": 177651,
        "Cost of goods sold": 137299,
        "Gross Profit": 40352,
        "Financial expenses": 831,
        "Of which: Interest expense": 822,
        "Cost of sales": 14596,
        "Enterprise cost management": 9261,
        "Total Operating Expenses": 24688,
        "Total revenue financing activities": 1167,
        "Net profit from business activities": 16854,
        "Profit": -444,
        "Profit before tax": 16410,
        "Present corporate income tax expenses": 1007,
        "Deferred income taxes expenses": -408,
        "The interests of minority shareholders": 40,
        "Total Cost of profits": 639,
        "Profit after tax corporate income": 15771,
        "Volume": 10000000,
        "Close of Quarter": 13.0,
        "EPS": 3278.4,
        "Non-adjusted EPS": 3934,
        "PE": 3.3,
        "Book Price": 14.6
      }
    },
    {
      "quarter": "Q1 2015",
      "income status": {
        "Net sales": 125038,
        "Cost of goods sold": 96929,
        "Gross Profit": 28110,
        "Financial expenses": 914,
        "Of which: Interest expense": 914,
        "Cost of sales": 12040,
        "Enterprise cost management": 4599,
        "Total Operating Expenses": 17553,
        "Total revenue financing activities": 424,
        "Net profit from business activities": 10974,
        "Profit": 1186,
        "Profit before tax": 12161,
        "Present corporate income tax expenses": 1660,
        "Deferred income taxes expenses": 164,
        "The interests of minority shareholders": -101,
        "Total Cost of profits": 1723,
        "Profit after tax corporate income": 10438,
        "Volume": 10000000,
        "Close of Quarter": 10.8,
        "EPS": 2125.0,
        "Non-adjusted EPS": 2550,
        "PE": 4.2,
        "Book Price": 14.5
      }
    },
    {
      "quarter": "Q4 2014",
      "income status": {
        "Net sales": 186160,
        "Cost of goods sold": 158451,
        "Gross Profit": 27709,
        "Financial expenses": 1197,
        "Of which: Interest expense": 1197,
        "Cost of sales": 15195,
        "Enterprise cost management": 7253,
        "Total Operating Expenses": 23645,
        "Total revenue financing activities": 527,
        "Net profit from business activities": 4600,
        "Profit": 5892,
        "Profit before tax": 10492,
        "Present corporate income tax expenses": 2094,
        "Deferred income taxes expenses": -458,
        "The interests of minority shareholders": -32,
        "Total Cost of profits": 1604,
        "Profit after tax corporate income": 8888,
        "Volume": 10000000,
        "Close of Quarter": 10.8,
        "EPS": 1417.5,
        "Non-adjusted EPS": 1701,
        "PE": 6.3,
        "Book Price": 13.6
      }
    },
    {
      "quarter": "Q3 2014",
      "income status": {
        "Net sales": 111569,
        "Cost of goods sold": 90125,
        "Gross Profit": 21444,
        "Financial expenses": 1222,
        "Of which: Interest expense": 1222,
        "Cost of sales": 10265,
        "Enterprise cost management": 5547,
        "Total Operating Expenses": 17034,
        "Total revenue financing activities": 108,
        "Net profit from business activities": 4512,
        "Profit": 84,
        "Profit before tax": 4596,
        "Present corporate income tax expenses": 461,
        "Deferred income taxes expenses": -90,
        "The interests of minority shareholders": -15,
        "Total Cost of profits": 356,
        "Profit after tax corporate income": 4241,
        "Volume": 10000000,
        "Close of Quarter": 8.1,
        "EPS": 1397.5,
        "Non-adjusted EPS": 1677,
        "PE": 4.9,
        "Book Price": 12.8
      }
    },
    {
      "quarter": "Q2 2014",
      "income status": {
        "Net sales": 136954,
        "Cost of goods sold": 116068,
        "Gross Profit": 20885,
        "Financial expenses": 1327,
        "Of which: Interest expense": 1321,
        "Cost of sales": 11572,
        "Enterprise cost management": 6838,
        "Total Operating Expenses": 19737,
        "Total revenue financing activities": 272,
        "Net profit from business activities": 1444,
        "Profit": 96,
        "Profit before tax": 1540,
        "Present corporate income tax expenses": 145,
        "Deferred income taxes expenses": -824,
        "The interests of minority shareholders": 283,
        "Total Cost of profits": -396,
        "Profit after tax corporate income": 1936,
        "Volume": 10000000,
        "Close of Quarter": 6.7,
        "EPS": 1521.7,
        "Non-adjusted EPS": 1826,
        "PE": 3.7,
        "Book Price": 12.5
      }
    },
    {
      "quarter": "Q1 2014",
      "income status": {
        "Net sales": 90366,
        "Cost of goods sold": 72741,
        "Gross Profit": 17625,
        "Financial expenses": 1193,
        "Of which: Interest expense": 1193,
        "Cost of sales": 8355,
        "Enterprise cost management": 5662,
        "Total Operating Expenses": 15210,
        "Total revenue financing activities": 368,
        "Net profit from business activities": 2764,
        "Profit": -367,
        "Profit before tax": 2397,
        "Present corporate income tax expenses": 733,
        "Deferred income taxes expenses": -73,
        "The interests of minority shareholders": -206,
        "Total Cost of profits": 454,
        "Profit after tax corporate income": 1943,
        "Volume": 10000000,
        "Close of Quarter": 6.3,
        "EPS": 1194.2,
        "Non-adjusted EPS": 1433,
        "PE": 4.4,
        "Book Price": 13.4
      }
    },
    {
      "quarter": "Q4 2013",
      "income status": {
        "Net sales": 173570,
        "Cost of goods sold": 148176,
        "Gross Profit": 25395,
        "Financial expenses": 1643,
        "Of which: Interest expense": 1643,
        "Cost of sales": 10158,
        "Enterprise cost management": 8045,
        "Total Operating Expenses": 19846,
        "Total revenue financing activities": 421,
        "Net profit from business activities": 5969,
        "Profit": 1022,
        "Profit before tax": 7006,
        "Present corporate income tax expenses": -1670,
        "Deferred income taxes expenses": -177,
        "The interests of minority shareholders": 208,
        "Total Cost of profits": -1639,
        "Profit after tax corporate income": 8645,
        "Volume": 8000000,
        "Close of Quarter": 5.4,
        "EPS": 1240.0,
        "Non-adjusted EPS": 1860,
        "PE": 2.9,
        "Book Price": 12.9
      }
    },
    {
      "quarter": "Q3 2013",
      "income status": {
        "Net sales": 87090,
        "Cost of goods sold": 60341,
        "Gross Profit": 26749,
        "Financial expenses": 1453,
        "Of which: Interest expense": 1454,
        "Cost of sales": 6956,
        "Enterprise cost management": 6725,
        "Total Operating Expenses": 15134,
        "Total revenue financing activities": 101,
        "Net profit from business activities": 11717,
        "Profit": 369,
        "Profit before tax": 12094,
        "Present corporate income tax expenses": 3034,
        "Deferred income taxes expenses": 3317,
        "The interests of minority shareholders": 9,
        "Total Cost of profits": 6360,
        "Profit after tax corporate income": 5734,
        "Volume": 8000000,
        "Close of Quarter": 4.1,
        "EPS": 1196.7,
        "Non-adjusted EPS": 1795,
        "PE": 2.3,
        "Book Price": 12.2
      }
    },
    {
      "quarter": "Q2 2013",
      "income status": {
        "Net sales": 109603,
        "Cost of goods sold": 96406,
        "Gross Profit": 13197,
        "Financial expenses": 2169,
        "Of which: Interest expense": 2167,
        "Cost of sales": 8022,
        "Enterprise cost management": 7991,
        "Total Operating Expenses": 18182,
        "Total revenue financing activities": 337,
        "Net profit from business activities": -4648,
        "Profit": 1940,
        "Profit before tax": -2727,
        "Present corporate income tax expenses": 993,
        "Deferred income taxes expenses": -1493,
        "The interests of minority shareholders": -231,
        "Total Cost of profits": -731,
        "Profit after tax corporate income": -1996,
        "Volume": 8000000,
        "Close of Quarter": 4.8,
        "EPS": 731.3,
        "Non-adjusted EPS": 1097,
        "PE": 4.4,
        "Book Price": 11.7
      }
    },
    {
      "quarter": "Q1 2013",
      "income status": {
        "Net sales": 62458,
        "Cost of goods sold": 46388,
        "Gross Profit": 16070,
        "Financial expenses": 1751,
        "Of which: Interest expense": 1751,
        "Cost of sales": 7957,
        "Enterprise cost management": 4221,
        "Total Operating Expenses": 13929,
        "Total revenue financing activities": 540,
        "Net profit from business activities": 2680,
        "Profit": 238,
        "Profit before tax": 2930,
        "Present corporate income tax expenses": 514,
        "Deferred income taxes expenses": -82,
        "The interests of minority shareholders": "N/A",
        "Total Cost of profits": 432,
        "Profit after tax corporate income": 2498,
        "Volume": 8000000,
        "Close of Quarter": 3.8,
        "EPS": 1594.0,
        "Non-adjusted EPS": 2391,
        "PE": 1.6,
        "Book Price": 13.1
      }
    },
    {
      "quarter": "Q4 2012",
      "income status": {
        "Net sales": 151495,
        "Cost of goods sold": 127235,
        "Gross Profit": 24260,
        "Financial expenses": 2667,
        "Of which: Interest expense": 2667,
        "Cost of sales": 12362,
        "Enterprise cost management": 11450,
        "Total Operating Expenses": 26479,
        "Total revenue financing activities": 707,
        "Net profit from business activities": -1511,
        "Profit": 4306,
        "Profit before tax": 2808,
        "Present corporate income tax expenses": -3700,
        "Deferred income taxes expenses": -1611,
        "The interests of minority shareholders": "N/A",
        "Total Cost of profits": -5311,
        "Profit after tax corporate income": 8120,
        "Volume": 8000000,
        "Close of Quarter": 3.1,
        "EPS": 1514.0,
        "Non-adjusted EPS": 2271,
        "PE": 1.4,
        "Book Price": 12.6
      }
    },
    {
      "quarter": "Q3 2012",
      "income status": {
        "Net sales": 123186,
        "Cost of goods sold": 98462,
        "Gross Profit": 24725,
        "Financial expenses": 3018,
        "Of which: Interest expense": "N/A",
        "Cost of sales": 11018,
        "Enterprise cost management": 5961,
        "Total Operating Expenses": 19997,
        "Total revenue financing activities": 448,
        "Net profit from business activities": 5176,
        "Profit": 208,
        "Profit before tax": 5384,
        "Present corporate income tax expenses": 1144,
        "Deferred income taxes expenses": 4089,
        "The interests of minority shareholders": "N/A",
        "Total Cost of profits": 5233,
        "Profit after tax corporate income": 152,
        "Volume": 8000000,
        "Close of Quarter": 3.2,
        "EPS": 1484.0,
        "Non-adjusted EPS": 2226,
        "PE": 1.5,
        "Book Price": 12.5
      }
    },
    {
      "quarter": "Q2 2012",
      "income status": {
        "Net sales": 137275,
        "Cost of goods sold": 105257,
        "Gross Profit": 32018,
        "Financial expenses": 2941,
        "Of which: Interest expense": 2941,
        "Cost of sales": 7089,
        "Enterprise cost management": 9960,
        "Total Operating Expenses": 19990,
        "Total revenue financing activities": -77,
        "Net profit from business activities": 11952,
        "Profit": 2015,
        "Profit before tax": 13984,
        "Present corporate income tax expenses": 8407,
        "Deferred income taxes expenses": -2265,
        "The interests of minority shareholders": -520,
        "Total Cost of profits": 5622,
        "Profit after tax corporate income": 8361,
        "Volume": 8000000,
        "Close of Quarter": 4.4,
        "EPS": 1698.0,
        "Non-adjusted EPS": 2547,
        "PE": 1.7,
        "Book Price": 12.6
      }
    },
    {
      "quarter": "Q1 2012",
      "income status": {
        "Net sales": 58421,
        "Cost of goods sold": 44272,
        "Gross Profit": 14149,
        "Financial expenses": 3045,
        "Of which: Interest expense": 3045,
        "Cost of sales": 7342,
        "Enterprise cost management": 4022,
        "Total Operating Expenses": 14409,
        "Total revenue financing activities": 295,
        "Net profit from business activities": 36,
        "Profit": 1647,
        "Profit before tax": 1682,
        "Present corporate income tax expenses": 560,
        "Deferred income taxes expenses": -137,
        "The interests of minority shareholders": -271,
        "Total Cost of profits": 152,
        "Profit after tax corporate income": 1531,
        "Volume": 8000000,
        "Close of Quarter": 4.2,
        "EPS": 1568.0,
        "Non-adjusted EPS": 2352,
        "PE": 1.8,
        "Book Price": 12.7
      }
    },
    {
      "quarter": "Q4 2011",
      "income status": {
        "Net sales": 109385,
        "Cost of goods sold": 85753,
        "Gross Profit": 23633,
        "Financial expenses": 3998,
        "Of which: Interest expense": 2850,
        "Cost of sales": 7409,
        "Enterprise cost management": 4905,
        "Total Operating Expenses": 16312,
        "Total revenue financing activities": 183,
        "Net profit from business activities": 7503,
        "Profit": -3,
        "Profit before tax": 22899,
        "Present corporate income tax expenses": 609,
        "Deferred income taxes expenses": -846,
        "The interests of minority shareholders": "N/A",
        "Total Cost of profits": -237,
        "Profit after tax corporate income": 7764,
        "Volume": 8000000,
        "Close of Quarter": 3.2,
        "EPS": 1854.0,
        "Non-adjusted EPS": 2781,
        "PE": 1.2,
        "Book Price": 12.7
      }
    },
    {
      "quarter": "Q3 2011",
      "income status": {
        "Net sales": 86071,
        "Cost of goods sold": 64305,
        "Gross Profit": 21765,
        "Financial expenses": 4107,
        "Of which: Interest expense": 4107,
        "Cost of sales": 9095,
        "Enterprise cost management": 4539,
        "Total Operating Expenses": 17741,
        "Total revenue financing activities": 118,
        "Net profit from business activities": 4143,
        "Profit": -611,
        "Profit before tax": 15694,
        "Present corporate income tax expenses": 1070,
        "Deferred income taxes expenses": -346,
        "The interests of minority shareholders": 118,
        "Total Cost of profits": 842,
        "Profit after tax corporate income": 2723,
        "Volume": 8000000,
        "Close of Quarter": 3.3,
        "EPS": 2498.0,
        "Non-adjusted EPS": 3747,
        "PE": 0.9,
        "Book Price": 12.5
      }
    },
    {
      "quarter": "Q2 2011",
      "income status": {
        "Net sales": 159662,
        "Cost of goods sold": 128510,
        "Gross Profit": 31152,
        "Financial expenses": 3990,
        "Of which: Interest expense": 3989,
        "Cost of sales": 10765,
        "Enterprise cost management": 8930,
        "Total Operating Expenses": 23685,
        "Total revenue financing activities": 788,
        "Net profit from business activities": 5483,
        "Profit": 2079,
        "Profit before tax": 10481,
        "Present corporate income tax expenses": 1352,
        "Deferred income taxes expenses": 612,
        "The interests of minority shareholders": 860,
        "Total Cost of profits": 2824,
        "Profit after tax corporate income": 6797,
        "Volume": 8000000,
        "Close of Quarter": "N/A",
        "EPS": 2919.4,
        "Non-adjusted EPS": 4379,
        "PE": "N/A",
        "Book Price": 12.6
      }
    },
    {
      "quarter": "Q1 2011",
      "income status": {
        "Net sales": 85383,
        "Cost of goods sold": 62946,
        "Gross Profit": 22437,
        "Financial expenses": 3782,
        "Of which: Interest expense": 3782,
        "Cost of sales": 7226,
        "Enterprise cost management": 5158,
        "Total Operating Expenses": 16166,
        "Total revenue financing activities": 691,
        "Net profit from business activities": 6962,
        "Profit": -253,
        "Profit before tax": 6709,
        "Present corporate income tax expenses": 793,
        "Deferred income taxes expenses": 824,
        "The interests of minority shareholders": 128,
        "Total Cost of profits": 1745,
        "Profit after tax corporate income": 4963,
        "Volume": 8000000,
        "Close of Quarter": "N/A",
        "EPS": 2617.4,
        "Non-adjusted EPS": 3926,
        "PE": "N/A",
        "Book Price": 11.9
      }
    }
  ]
}