{
  "ticker": "NDX",
  "data": [
    {
      "quarter": "Q4 2016",
      "income status": {
        "Net sales": 35108,
        "Cost of goods sold": 31460,
        "Gross Profit": 3648,
        "Financial expenses": 2930,
        "Of which: Interest expense": 645,
        "Cost of sales": 448,
        "Enterprise cost management": 594,
        "Total Operating Expenses": 3972,
        "Total revenue financing activities": 288,
        "Net profit from business activities": -37,
        "Profit": 110,
        "Profit before tax": 74,
        "Present corporate income tax expenses": 28,
        "Deferred income taxes expenses": "N/A",
        "The interests of minority shareholders": "N/A",
        "Total Cost of profits": 28,
        "Profit after tax corporate income": 45,
        "Volume": 4859793,
        "Close of Quarter": 9.9,
        "EPS": 1919,
        "Non-adjusted EPS": 1919,
        "PE": 5.2,
        "Book Price": 12.5
      }
    },
    {
      "quarter": "Q3 2016",
      "income status": {
        "Net sales": 57657,
        "Cost of goods sold": 51349,
        "Gross Profit": 6308,
        "Financial expenses": 1149,
        "Of which: Interest expense": 524,
        "Cost of sales": 493,
        "Enterprise cost management": 482,
        "Total Operating Expenses": 2124,
        "Total revenue financing activities": 271,
        "Net profit from business activities": 4455,
        "Profit": 215,
        "Profit before tax": 4670,
        "Present corporate income tax expenses": 941,
        "Deferred income taxes expenses": "N/A",
        "The interests of minority shareholders": "N/A",
        "Total Cost of profits": 941,
        "Profit after tax corporate income": 3728,
        "Volume": 4859793,
        "Close of Quarter": 9.3,
        "EPS": 2401,
        "Non-adjusted EPS": 2401,
        "PE": 3.9,
        "Book Price": 12.5
      }
    },
    {
      "quarter": "Q2 2016",
      "income status": {
        "Net sales": 50356,
        "Cost of goods sold": 43779,
        "Gross Profit": 6577,
        "Financial expenses": 1709,
        "Of which: Interest expense": 325,
        "Cost of sales": 613,
        "Enterprise cost management": 479,
        "Total Operating Expenses": 2801,
        "Total revenue financing activities": 146,
        "Net profit from business activities": 3921,
        "Profit": 85,
        "Profit before tax": 4006,
        "Present corporate income tax expenses": 821,
        "Deferred income taxes expenses": "N/A",
        "The interests of minority shareholders": "N/A",
        "Total Cost of profits": 821,
        "Profit after tax corporate income": 3186,
        "Volume": 4859793,
        "Close of Quarter": 8.6,
        "EPS": 2400,
        "Non-adjusted EPS": 2400,
        "PE": 3.6,
        "Book Price": 12.3
      }
    },
    {
      "quarter": "Q1 2016",
      "income status": {
        "Net sales": 26665,
        "Cost of goods sold": 21198,
        "Gross Profit": 5467,
        "Financial expenses": 2033,
        "Of which: Interest expense": 675,
        "Cost of sales": 410,
        "Enterprise cost management": 589,
        "Total Operating Expenses": 3032,
        "Total revenue financing activities": 532,
        "Net profit from business activities": 2967,
        "Profit": 17,
        "Profit before tax": 2984,
        "Present corporate income tax expenses": 616,
        "Deferred income taxes expenses": "N/A",
        "The interests of minority shareholders": "N/A",
        "Total Cost of profits": 616,
        "Profit after tax corporate income": 2368,
        "Volume": 4859793,
        "Close of Quarter": 7.0,
        "EPS": 2121,
        "Non-adjusted EPS": 2121,
        "PE": 3.3,
        "Book Price": 12
      }
    },
    {
      "quarter": "Q4 2015",
      "income status": {
        "Net sales": 32717,
        "Cost of goods sold": 27965,
        "Gross Profit": 4752,
        "Financial expenses": 1242,
        "Of which: Interest expense": 473,
        "Cost of sales": 352,
        "Enterprise cost management": 540,
        "Total Operating Expenses": 2134,
        "Total revenue financing activities": 515,
        "Net profit from business activities": 3133,
        "Profit": -40,
        "Profit before tax": 3093,
        "Present corporate income tax expenses": 709,
        "Deferred income taxes expenses": "N/A",
        "The interests of minority shareholders": "N/A",
        "Total Cost of profits": 709,
        "Profit after tax corporate income": 2384,
        "Volume": 4408376,
        "Close of Quarter": 7.7,
        "EPS": 1817.9,
        "Non-adjusted EPS": 2004,
        "PE": 3.8,
        "Book Price": 10.6
      }
    },
    {
      "quarter": "Q3 2015",
      "income status": {
        "Net sales": 30876,
        "Cost of goods sold": 26508,
        "Gross Profit": 4368,
        "Financial expenses": 1355,
        "Of which: Interest expense": 462,
        "Cost of sales": 492,
        "Enterprise cost management": 538,
        "Total Operating Expenses": 2385,
        "Total revenue financing activities": 377,
        "Net profit from business activities": 2360,
        "Profit": 2462,
        "Profit before tax": 4822,
        "Present corporate income tax expenses": 1095,
        "Deferred income taxes expenses": "N/A",
        "The interests of minority shareholders": "N/A",
        "Total Cost of profits": 1095,
        "Profit after tax corporate income": 3727,
        "Volume": 4408376,
        "Close of Quarter": 8.1,
        "EPS": 1916.7,
        "Non-adjusted EPS": 2113,
        "PE": 3.8,
        "Book Price": 10.9
      }
    },
    {
      "quarter": "Q2 2015",
      "income status": {
        "Net sales": 24091,
        "Cost of goods sold": 21172,
        "Gross Profit": 2919,
        "Financial expenses": 1003,
        "Of which: Interest expense": 883,
        "Cost of sales": 275,
        "Enterprise cost management": 350,
        "Total Operating Expenses": 1628,
        "Total revenue financing activities": 1040,
        "Net profit from business activities": 2331,
        "Profit": 33,
        "Profit before tax": 2364,
        "Present corporate income tax expenses": 536,
        "Deferred income taxes expenses": "N/A",
        "The interests of minority shareholders": "N/A",
        "Total Cost of profits": 536,
        "Profit after tax corporate income": 1829,
        "Volume": 4408376,
        "Close of Quarter": 6.3,
        "EPS": 1388.8,
        "Non-adjusted EPS": 1531,
        "PE": 4.1,
        "Book Price": 10.1
      }
    },
    {
      "quarter": "Q1 2015",
      "income status": {
        "Net sales": 33368,
        "Cost of goods sold": 31744,
        "Gross Profit": 1624,
        "Financial expenses": 251,
        "Of which: Interest expense": 251,
        "Cost of sales": 99,
        "Enterprise cost management": 379,
        "Total Operating Expenses": 729,
        "Total revenue financing activities": 250,
        "Net profit from business activities": 1147,
        "Profit": "N/A",
        "Profit before tax": 1147,
        "Present corporate income tax expenses": 253,
        "Deferred income taxes expenses": "N/A",
        "The interests of minority shareholders": "N/A",
        "Total Cost of profits": 253,
        "Profit after tax corporate income": 894,
        "Volume": 4408376,
        "Close of Quarter": 5.9,
        "EPS": 1120.3,
        "Non-adjusted EPS": 1235,
        "PE": 4.8,
        "Book Price": 10.6
      }
    },
    {
      "quarter": "Q4 2014",
      "income status": {
        "Net sales": 42938,
        "Cost of goods sold": 38838,
        "Gross Profit": 4100,
        "Financial expenses": 370,
        "Of which: Interest expense": 370,
        "Cost of sales": 109,
        "Enterprise cost management": 290,
        "Total Operating Expenses": 769,
        "Total revenue financing activities": 336,
        "Net profit from business activities": 3667,
        "Profit": 5,
        "Profit before tax": 3672,
        "Present corporate income tax expenses": 808,
        "Deferred income taxes expenses": "N/A",
        "The interests of minority shareholders": "N/A",
        "Total Cost of profits": 808,
        "Profit after tax corporate income": 2864,
        "Volume": 4408376,
        "Close of Quarter": 6.7,
        "EPS": 1034.1,
        "Non-adjusted EPS": 1140,
        "PE": 5.9,
        "Book Price": 10.5
      }
    },
    {
      "quarter": "Q3 2014",
      "income status": {
        "Net sales": 22956,
        "Cost of goods sold": 20941,
        "Gross Profit": 2015,
        "Financial expenses": 525,
        "Of which: Interest expense": 525,
        "Cost of sales": 45,
        "Enterprise cost management": 388,
        "Total Operating Expenses": 958,
        "Total revenue financing activities": 393,
        "Net profit from business activities": 1449,
        "Profit": 39,
        "Profit before tax": 1488,
        "Present corporate income tax expenses": 328,
        "Deferred income taxes expenses": "N/A",
        "The interests of minority shareholders": "N/A",
        "Total Cost of profits": 328,
        "Profit after tax corporate income": 1161,
        "Volume": 4120000,
        "Close of Quarter": 5.1,
        "EPS": 573.9,
        "Non-adjusted EPS": 677,
        "PE": 7.5,
        "Book Price": 9.9
      }
    },
    {
      "quarter": "Q2 2014",
      "income status": {
        "Net sales": 17259,
        "Cost of goods sold": 15833,
        "Gross Profit": 1426,
        "Financial expenses": 557,
        "Of which: Interest expense": 557,
        "Cost of sales": 13,
        "Enterprise cost management": 552,
        "Total Operating Expenses": 1122,
        "Total revenue financing activities": 358,
        "Net profit from business activities": 662,
        "Profit": 13,
        "Profit before tax": 675,
        "Present corporate income tax expenses": 148,
        "Deferred income taxes expenses": "N/A",
        "The interests of minority shareholders": "N/A",
        "Total Cost of profits": 148,
        "Profit after tax corporate income": 526,
        "Volume": 4120000,
        "Close of Quarter": 4.4,
        "EPS": 447.6,
        "Non-adjusted EPS": 528,
        "PE": 8.3,
        "Book Price": 9.8
      }
    },
    {
      "quarter": "Q1 2014",
      "income status": {
        "Net sales": 15152,
        "Cost of goods sold": 13935,
        "Gross Profit": 1217,
        "Financial expenses": 593,
        "Of which: Interest expense": 593,
        "Cost of sales": 31,
        "Enterprise cost management": 358,
        "Total Operating Expenses": 982,
        "Total revenue financing activities": 360,
        "Net profit from business activities": 596,
        "Profit": 14,
        "Profit before tax": 610,
        "Present corporate income tax expenses": 134,
        "Deferred income taxes expenses": "N/A",
        "The interests of minority shareholders": "N/A",
        "Total Cost of profits": 134,
        "Profit after tax corporate income": 476,
        "Volume": 4120000,
        "Close of Quarter": 5.1,
        "EPS": 681.6,
        "Non-adjusted EPS": 804,
        "PE": 6.3,
        "Book Price": 9.7
      }
    },
    {
      "quarter": "Q4 2013",
      "income status": {
        "Net sales": 49549,
        "Cost of goods sold": 46582,
        "Gross Profit": 2968,
        "Financial expenses": 1791,
        "Of which: Interest expense": 1791,
        "Cost of sales": 47,
        "Enterprise cost management": 468,
        "Total Operating Expenses": 2306,
        "Total revenue financing activities": 204,
        "Net profit from business activities": 865,
        "Profit": -13,
        "Profit before tax": 853,
        "Present corporate income tax expenses": 226,
        "Deferred income taxes expenses": "N/A",
        "The interests of minority shareholders": "N/A",
        "Total Cost of profits": 226,
        "Profit after tax corporate income": 626,
        "Volume": 4120000,
        "Close of Quarter": 5.7,
        "EPS": 778.3,
        "Non-adjusted EPS": 918,
        "PE": 6.2,
        "Book Price": 9.6
      }
    },
    {
      "quarter": "Q3 2013",
      "income status": {
        "Net sales": 20619,
        "Cost of goods sold": 18874,
        "Gross Profit": 1745,
        "Financial expenses": 876,
        "Of which: Interest expense": 876,
        "Cost of sales": 66,
        "Enterprise cost management": 410,
        "Total Operating Expenses": 1352,
        "Total revenue financing activities": 368,
        "Net profit from business activities": 760,
        "Profit": -31,
        "Profit before tax": 729,
        "Present corporate income tax expenses": 182,
        "Deferred income taxes expenses": "N/A",
        "The interests of minority shareholders": "N/A",
        "Total Cost of profits": 182,
        "Profit after tax corporate income": 547,
        "Volume": 4120000,
        "Close of Quarter": 3.9,
        "EPS": 649.4,
        "Non-adjusted EPS": 766,
        "PE": 5.0,
        "Book Price": 9.5
      }
    },
    {
      "quarter": "Q2 2013",
      "income status": {
        "Net sales": 38517,
        "Cost of goods sold": 35258,
        "Gross Profit": 3259,
        "Financial expenses": 1602,
        "Of which: Interest expense": 1602,
        "Cost of sales": 1,
        "Enterprise cost management": 704,
        "Total Operating Expenses": 2307,
        "Total revenue financing activities": 1429,
        "Net profit from business activities": 2382,
        "Profit": -113,
        "Profit before tax": 2269,
        "Present corporate income tax expenses": 604,
        "Deferred income taxes expenses": "N/A",
        "The interests of minority shareholders": "N/A",
        "Total Cost of profits": 604,
        "Profit after tax corporate income": 1665,
        "Volume": 4120000,
        "Close of Quarter": "N/A",
        "EPS": 536.6,
        "Non-adjusted EPS": 633,
        "PE": "N/A",
        "Book Price": 9.3
      }
    },
    {
      "quarter": "Q1 2013",
      "income status": {
        "Net sales": 24178,
        "Cost of goods sold": 22366,
        "Gross Profit": 1811,
        "Financial expenses": 442,
        "Of which: Interest expense": 442,
        "Cost of sales": "N/A",
        "Enterprise cost management": 392,
        "Total Operating Expenses": 834,
        "Total revenue financing activities": 263,
        "Net profit from business activities": 1241,
        "Profit": 17,
        "Profit before tax": 1258,
        "Present corporate income tax expenses": 314,
        "Deferred income taxes expenses": "N/A",
        "The interests of minority shareholders": "N/A",
        "Total Cost of profits": 314,
        "Profit after tax corporate income": 943,
        "Volume": 4120000,
        "Close of Quarter": "N/A",
        "EPS": 194.1,
        "Non-adjusted EPS": 229,
        "PE": "N/A",
        "Book Price": 9.8
      }
    }
  ]
}