{
  "ticker": "NFC",
  "data": [
    {
      "quarter": "Q4 2016",
      "income status": {
        "Net sales": 123545,
        "Cost of goods sold": 102993,
        "Gross Profit": 20551,
        "Financial expenses": 19,
        "Of which: Interest expense": "N/A",
        "Cost of sales": 9490,
        "Enterprise cost management": 6561,
        "Total Operating Expenses": 16070,
        "Total revenue financing activities": 163,
        "Net profit from business activities": 4644,
        "Profit": 424,
        "Profit before tax": 5068,
        "Present corporate income tax expenses": 1021,
        "Deferred income taxes expenses": "N/A",
        "The interests of minority shareholders": "N/A",
        "Total Cost of profits": 1021,
        "Profit after tax corporate income": 4047,
        "Volume": 15731260,
        "Close of Quarter": 16.8,
        "EPS": 1230,
        "Non-adjusted EPS": 1230,
        "PE": 13.7,
        "Book Price": 11.7
      }
    },
    {
      "quarter": "Q3 2016",
      "income status": {
        "Net sales": 75587,
        "Cost of goods sold": 60901,
        "Gross Profit": 14686,
        "Financial expenses": 20,
        "Of which: Interest expense": "N/A",
        "Cost of sales": 8483,
        "Enterprise cost management": 4514,
        "Total Operating Expenses": 13017,
        "Total revenue financing activities": 314,
        "Net profit from business activities": 1983,
        "Profit": -53,
        "Profit before tax": 1930,
        "Present corporate income tax expenses": 426,
        "Deferred income taxes expenses": "N/A",
        "The interests of minority shareholders": "N/A",
        "Total Cost of profits": 426,
        "Profit after tax corporate income": 1503,
        "Volume": 15731260,
        "Close of Quarter": 15.9,
        "EPS": 1194,
        "Non-adjusted EPS": 1194,
        "PE": 13.3,
        "Book Price": 12.2
      }
    },
    {
      "quarter": "Q2 2016",
      "income status": {
        "Net sales": 189635,
        "Cost of goods sold": 154527,
        "Gross Profit": 35109,
        "Financial expenses": 142,
        "Of which: Interest expense": 80,
        "Cost of sales": 21571,
        "Enterprise cost management": 4476,
        "Total Operating Expenses": 26189,
        "Total revenue financing activities": 14,
        "Net profit from business activities": 8934,
        "Profit": 316,
        "Profit before tax": 9250,
        "Present corporate income tax expenses": 1858,
        "Deferred income taxes expenses": "N/A",
        "The interests of minority shareholders": "N/A",
        "Total Cost of profits": 1858,
        "Profit after tax corporate income": 7392,
        "Volume": 10487551,
        "Close of Quarter": 15.4,
        "EPS": 1120.7,
        "Non-adjusted EPS": 1681,
        "PE": 9.2,
        "Book Price": 12.1
      }
    },
    {
      "quarter": "Q1 2016",
      "income status": {
        "Net sales": 157395,
        "Cost of goods sold": 129271,
        "Gross Profit": 28125,
        "Financial expenses": 1290,
        "Of which: Interest expense": 468,
        "Cost of sales": 12110,
        "Enterprise cost management": 7124,
        "Total Operating Expenses": 20524,
        "Total revenue financing activities": 6,
        "Net profit from business activities": 7607,
        "Profit": 415,
        "Profit before tax": 8022,
        "Present corporate income tax expenses": 1612,
        "Deferred income taxes expenses": "N/A",
        "The interests of minority shareholders": "N/A",
        "Total Cost of profits": 1612,
        "Profit after tax corporate income": 6410,
        "Volume": 10487551,
        "Close of Quarter": 12.4,
        "EPS": 948,
        "Non-adjusted EPS": 1422,
        "PE": 8.8,
        "Book Price": 12.9
      }
    },
    {
      "quarter": "Q4 2015",
      "income status": {
        "Net sales": 134081,
        "Cost of goods sold": 109755,
        "Gross Profit": 24327,
        "Financial expenses": 2840,
        "Of which: Interest expense": 1781,
        "Cost of sales": 12321,
        "Enterprise cost management": 5284,
        "Total Operating Expenses": 20445,
        "Total revenue financing activities": 5,
        "Net profit from business activities": 3887,
        "Profit": 579,
        "Profit before tax": 4466,
        "Present corporate income tax expenses": 991,
        "Deferred income taxes expenses": "N/A",
        "The interests of minority shareholders": "N/A",
        "Total Cost of profits": 991,
        "Profit after tax corporate income": 3475,
        "Volume": 10487551,
        "Close of Quarter": 10.7,
        "EPS": 1121.3,
        "Non-adjusted EPS": 1682,
        "PE": 6.4,
        "Book Price": 12.6
      }
    },
    {
      "quarter": "Q3 2015",
      "income status": {
        "Net sales": 63643,
        "Cost of goods sold": 50513,
        "Gross Profit": 13130,
        "Financial expenses": 831,
        "Of which: Interest expense": 145,
        "Cost of sales": 7907,
        "Enterprise cost management": 4093,
        "Total Operating Expenses": 12831,
        "Total revenue financing activities": 6,
        "Net profit from business activities": 304,
        "Profit": 160,
        "Profit before tax": 464,
        "Present corporate income tax expenses": 109,
        "Deferred income taxes expenses": "N/A",
        "The interests of minority shareholders": "N/A",
        "Total Cost of profits": 109,
        "Profit after tax corporate income": 355,
        "Volume": 10487551,
        "Close of Quarter": 11.9,
        "EPS": 1523.3,
        "Non-adjusted EPS": 2285,
        "PE": 5.2,
        "Book Price": 12.4
      }
    },
    {
      "quarter": "Q2 2015",
      "income status": {
        "Net sales": 191119,
        "Cost of goods sold": 156554,
        "Gross Profit": 34565,
        "Financial expenses": 2266,
        "Of which: Interest expense": 1199,
        "Cost of sales": 21591,
        "Enterprise cost management": 4808,
        "Total Operating Expenses": 28665,
        "Total revenue financing activities": 13,
        "Net profit from business activities": 5912,
        "Profit": 136,
        "Profit before tax": 6048,
        "Present corporate income tax expenses": 1379,
        "Deferred income taxes expenses": "N/A",
        "The interests of minority shareholders": "N/A",
        "Total Cost of profits": 1379,
        "Profit after tax corporate income": 4669,
        "Volume": 10487551,
        "Close of Quarter": 14.4,
        "EPS": 2052.7,
        "Non-adjusted EPS": 3079,
        "PE": 4.7,
        "Book Price": 12.3
      }
    },
    {
      "quarter": "Q1 2015",
      "income status": {
        "Net sales": 143690,
        "Cost of goods sold": 110872,
        "Gross Profit": 32818,
        "Financial expenses": 2589,
        "Of which: Interest expense": 1066,
        "Cost of sales": 13764,
        "Enterprise cost management": 4925,
        "Total Operating Expenses": 21278,
        "Total revenue financing activities": 10,
        "Net profit from business activities": 11550,
        "Profit": 167,
        "Profit before tax": 11718,
        "Present corporate income tax expenses": 2578,
        "Deferred income taxes expenses": "N/A",
        "The interests of minority shareholders": "N/A",
        "Total Cost of profits": 2578,
        "Profit after tax corporate income": 9140,
        "Volume": 10487551,
        "Close of Quarter": 16.3,
        "EPS": 2644.0,
        "Non-adjusted EPS": 3966,
        "PE": 4.1,
        "Book Price": 13.7
      }
    },
    {
      "quarter": "Q4 2014",
      "income status": {
        "Net sales": 172911,
        "Cost of goods sold": 136277,
        "Gross Profit": 36633,
        "Financial expenses": 2052,
        "Of which: Interest expense": 1139,
        "Cost of sales": 17902,
        "Enterprise cost management": 4625,
        "Total Operating Expenses": 24579,
        "Total revenue financing activities": 10,
        "Net profit from business activities": 12064,
        "Profit": 244,
        "Profit before tax": 12307,
        "Present corporate income tax expenses": 2503,
        "Deferred income taxes expenses": "N/A",
        "The interests of minority shareholders": "N/A",
        "Total Cost of profits": 2503,
        "Profit after tax corporate income": 9805,
        "Volume": 10487551,
        "Close of Quarter": 17.5,
        "EPS": 2318.0,
        "Non-adjusted EPS": 3477,
        "PE": 5.0,
        "Book Price": 13.4
      }
    },
    {
      "quarter": "Q3 2014",
      "income status": {
        "Net sales": 91014,
        "Cost of goods sold": 66362,
        "Gross Profit": 24652,
        "Financial expenses": 2096,
        "Of which: Interest expense": 486,
        "Cost of sales": 8904,
        "Enterprise cost management": 3974,
        "Total Operating Expenses": 14974,
        "Total revenue financing activities": 575,
        "Net profit from business activities": 10252,
        "Profit": 591,
        "Profit before tax": 10842,
        "Present corporate income tax expenses": 2168,
        "Deferred income taxes expenses": "N/A",
        "The interests of minority shareholders": "N/A",
        "Total Cost of profits": 2168,
        "Profit after tax corporate income": 8674,
        "Volume": 10487551,
        "Close of Quarter": 17.6,
        "EPS": 1942.0,
        "Non-adjusted EPS": 2913,
        "PE": 6.0,
        "Book Price": 12.7
      }
    },
    {
      "quarter": "Q2 2014",
      "income status": {
        "Net sales": 267016,
        "Cost of goods sold": 206042,
        "Gross Profit": 60974,
        "Financial expenses": 2296,
        "Of which: Interest expense": 688,
        "Cost of sales": 40659,
        "Enterprise cost management": 6176,
        "Total Operating Expenses": 49131,
        "Total revenue financing activities": 491,
        "Net profit from business activities": 12334,
        "Profit": 315,
        "Profit before tax": 12649,
        "Present corporate income tax expenses": 2538,
        "Deferred income taxes expenses": "N/A",
        "The interests of minority shareholders": -3860,
        "Total Cost of profits": -1322,
        "Profit after tax corporate income": 13971,
        "Volume": 10487551,
        "Close of Quarter": 19.1,
        "EPS": 1908.0,
        "Non-adjusted EPS": 2862,
        "PE": 6.7,
        "Book Price": 12.2
      }
    },
    {
      "quarter": "Q1 2014",
      "income status": {
        "Net sales": 151993,
        "Cost of goods sold": 124497,
        "Gross Profit": 27496,
        "Financial expenses": 2615,
        "Of which: Interest expense": 718,
        "Cost of sales": 11496,
        "Enterprise cost management": 4033,
        "Total Operating Expenses": 18144,
        "Total revenue financing activities": 320,
        "Net profit from business activities": 9672,
        "Profit": 179,
        "Profit before tax": 9851,
        "Present corporate income tax expenses": 1973,
        "Deferred income taxes expenses": "N/A",
        "The interests of minority shareholders": 3860,
        "Total Cost of profits": 5833,
        "Profit after tax corporate income": 4018,
        "Volume": 10487551,
        "Close of Quarter": 21.1,
        "EPS": 1020,
        "Non-adjusted EPS": 1530,
        "PE": 13.8,
        "Book Price": 13.3
      }
    },
    {
      "quarter": "Q3 2013",
      "income status": {
        "Net sales": 72889,
        "Cost of goods sold": 53214,
        "Gross Profit": 19675,
        "Financial expenses": 1284,
        "Of which: Interest expense": 1273,
        "Cost of sales": 10620,
        "Enterprise cost management": 4330,
        "Total Operating Expenses": 16234,
        "Total revenue financing activities": 934,
        "Net profit from business activities": 4375,
        "Profit": 481,
        "Profit before tax": 4856,
        "Present corporate income tax expenses": 971,
        "Deferred income taxes expenses": "N/A",
        "The interests of minority shareholders": "N/A",
        "Total Cost of profits": 971,
        "Profit after tax corporate income": 3885,
        "Volume": 10487551,
        "Close of Quarter": "N/A",
        "EPS": 764.7,
        "Non-adjusted EPS": 1147,
        "PE": "N/A",
        "Book Price": 12.7
      }
    },
    {
      "quarter": "Q1 2013",
      "income status": {
        "Net sales": 209096,
        "Cost of goods sold": 162622,
        "Gross Profit": 46474,
        "Financial expenses": 2084,
        "Of which: Interest expense": 2060,
        "Cost of sales": 20814,
        "Enterprise cost management": 4771,
        "Total Operating Expenses": 27669,
        "Total revenue financing activities": 927,
        "Net profit from business activities": 19732,
        "Profit": 222,
        "Profit before tax": 19954,
        "Present corporate income tax expenses": 3991,
        "Deferred income taxes expenses": "N/A",
        "The interests of minority shareholders": 7822,
        "Total Cost of profits": 11813,
        "Profit after tax corporate income": 8141,
        "Volume": 10487551,
        "Close of Quarter": "N/A",
        "EPS": 517.3,
        "Non-adjusted EPS": 776,
        "PE": "N/A",
        "Book Price": "N/A"
      }
    }
  ]
}