{
  "ticker": "FLC",
  "data": [
    {
      "quarter": "Q4 2016",
      "income status": {
        "Net sales": 1576522,
        "Cost of goods sold": 1136839,
        "Gross Profit": 439683,
        "Financial expenses": 95652,
        "Of which: Interest expense": 104613,
        "Cost of sales": 34475,
        "Enterprise cost management": 252297,
        "Total Operating Expenses": 382424,
        "Total revenue financing activities": 412167,
        "Net profit from business activities": 461589,
        "Profit": -12595,
        "Profit before tax": 448995,
        "Present corporate income tax expenses": 113757,
        "Deferred income taxes expenses": 2149,
        "The interests of minority shareholders": 8628,
        "Total Cost of profits": 124534,
        "Profit after tax corporate income": 324461,
        "Volume": 638038737,
        "Close of Quarter": 5.2,
        "EPS": 1535,
        "Non-adjusted EPS": 1535,
        "PE": 3.4,
        "Book Price": 13.2
      }
    },
    {
      "quarter": "Q3 2016",
      "income status": {
        "Net sales": 1099218,
        "Cost of goods sold": 803316,
        "Gross Profit": 295902,
        "Financial expenses": 64213,
        "Of which: Interest expense": 52441,
        "Cost of sales": 39664,
        "Enterprise cost management": 91478,
        "Total Operating Expenses": 195355,
        "Total revenue financing activities": 55740,
        "Net profit from business activities": 155896,
        "Profit": -33885,
        "Profit before tax": 122011,
        "Present corporate income tax expenses": 37336,
        "Deferred income taxes expenses": 871,
        "The interests of minority shareholders": -2187,
        "Total Cost of profits": 36020,
        "Profit after tax corporate income": 85991,
        "Volume": 638038737,
        "Close of Quarter": 5.1,
        "EPS": 1456,
        "Non-adjusted EPS": 1456,
        "PE": 3.5,
        "Book Price": 12.6
      }
    },
    {
      "quarter": "Q2 2016",
      "income status": {
        "Net sales": 2170770,
        "Cost of goods sold": 1468642,
        "Gross Profit": 702128,
        "Financial expenses": 57726,
        "Of which: Interest expense": 41191,
        "Cost of sales": 33333,
        "Enterprise cost management": 122383,
        "Total Operating Expenses": 213442,
        "Total revenue financing activities": 25842,
        "Net profit from business activities": 517744,
        "Profit": -483,
        "Profit before tax": 517260,
        "Present corporate income tax expenses": 107419,
        "Deferred income taxes expenses": 2775,
        "The interests of minority shareholders": -45793,
        "Total Cost of profits": 64401,
        "Profit after tax corporate income": 452860,
        "Volume": 529871533,
        "Close of Quarter": 5.9,
        "EPS": 1695.8,
        "Non-adjusted EPS": 2042,
        "PE": 2.9,
        "Book Price": 10.8
      }
    },
    {
      "quarter": "Q1 2016",
      "income status": {
        "Net sales": 1437824,
        "Cost of goods sold": 1172497,
        "Gross Profit": 265327,
        "Financial expenses": 26674,
        "Of which: Interest expense": 10030,
        "Cost of sales": 11572,
        "Enterprise cost management": 48716,
        "Total Operating Expenses": 86962,
        "Total revenue financing activities": 24876,
        "Net profit from business activities": 206173,
        "Profit": -872,
        "Profit before tax": 205301,
        "Present corporate income tax expenses": 42558,
        "Deferred income taxes expenses": -501,
        "The interests of minority shareholders": 47305,
        "Total Cost of profits": 89362,
        "Profit after tax corporate income": 115939,
        "Volume": 529871533,
        "Close of Quarter": 6.4,
        "EPS": 1369.4,
        "Non-adjusted EPS": 1649,
        "PE": 3.9,
        "Book Price": 10.1
      }
    },
    {
      "quarter": "Q4 2015",
      "income status": {
        "Net sales": 1871448,
        "Cost of goods sold": 1659420,
        "Gross Profit": 212028,
        "Financial expenses": -15096,
        "Of which: Interest expense": 2062,
        "Cost of sales": 38153,
        "Enterprise cost management": 63052,
        "Total Operating Expenses": 86109,
        "Total revenue financing activities": 228742,
        "Net profit from business activities": 359292,
        "Profit": -197,
        "Profit before tax": 359095,
        "Present corporate income tax expenses": 80844,
        "Deferred income taxes expenses": 4118,
        "The interests of minority shareholders": 16,
        "Total Cost of profits": 84978,
        "Profit after tax corporate income": 274117,
        "Volume": 529871533,
        "Close of Quarter": 7.9,
        "EPS": 1333.7,
        "Non-adjusted EPS": 1606,
        "PE": 4.9,
        "Book Price": 9.8
      }
    },
    {
      "quarter": "Q3 2015",
      "income status": {
        "Net sales": 1389608,
        "Cost of goods sold": 1157546,
        "Gross Profit": 232062,
        "Financial expenses": 18819,
        "Of which: Interest expense": 140,
        "Cost of sales": 5148,
        "Enterprise cost management": 31296,
        "Total Operating Expenses": 55263,
        "Total revenue financing activities": 120055,
        "Net profit from business activities": 301620,
        "Profit": -1455,
        "Profit before tax": 300165,
        "Present corporate income tax expenses": 61318,
        "Deferred income taxes expenses": "N/A",
        "The interests of minority shareholders": 20,
        "Total Cost of profits": 61338,
        "Profit after tax corporate income": 238827,
        "Volume": 529871533,
        "Close of Quarter": 6.4,
        "EPS": 1055.5,
        "Non-adjusted EPS": 1271,
        "PE": 5.0,
        "Book Price": 9.3
      }
    },
    {
      "quarter": "Q2 2015",
      "income status": {
        "Net sales": 1350678,
        "Cost of goods sold": 1187806,
        "Gross Profit": 162872,
        "Financial expenses": 19583,
        "Of which: Interest expense": 3273,
        "Cost of sales": 1213,
        "Enterprise cost management": 31232,
        "Total Operating Expenses": 52028,
        "Total revenue financing activities": 188623,
        "Net profit from business activities": 327701,
        "Profit": 7,
        "Profit before tax": 327707,
        "Present corporate income tax expenses": 87483,
        "Deferred income taxes expenses": -4398,
        "The interests of minority shareholders": 9,
        "Total Cost of profits": 83094,
        "Profit after tax corporate income": 244613,
        "Volume": 529871533,
        "Close of Quarter": 8.6,
        "EPS": 829.6,
        "Non-adjusted EPS": 999,
        "PE": 8.6,
        "Book Price": 9.0
      }
    },
    {
      "quarter": "Q1 2015",
      "income status": {
        "Net sales": 651825,
        "Cost of goods sold": 561159,
        "Gross Profit": 90666,
        "Financial expenses": 14649,
        "Of which: Interest expense": 13169,
        "Cost of sales": 1931,
        "Enterprise cost management": 21268,
        "Total Operating Expenses": 37848,
        "Total revenue financing activities": 67057,
        "Net profit from business activities": 121759,
        "Profit": -633,
        "Profit before tax": 121125,
        "Present corporate income tax expenses": 27348,
        "Deferred income taxes expenses": "N/A",
        "The interests of minority shareholders": 293,
        "Total Cost of profits": 27641,
        "Profit after tax corporate income": 93484,
        "Volume": 374893882,
        "Close of Quarter": 9.3,
        "EPS": 594.6,
        "Non-adjusted EPS": 1012,
        "PE": 9.2,
        "Book Price": 7.2
      }
    },
    {
      "quarter": "Q4 2014",
      "income status": {
        "Net sales": 1002815,
        "Cost of goods sold": 907169,
        "Gross Profit": 95646,
        "Financial expenses": 119289,
        "Of which: Interest expense": 32809,
        "Cost of sales": 499,
        "Enterprise cost management": 17655,
        "Total Operating Expenses": 137443,
        "Total revenue financing activities": 173086,
        "Net profit from business activities": 136941,
        "Profit": -19619,
        "Profit before tax": 117322,
        "Present corporate income tax expenses": 20148,
        "Deferred income taxes expenses": 113,
        "The interests of minority shareholders": 315,
        "Total Cost of profits": 20576,
        "Profit after tax corporate income": 96746,
        "Volume": 314893882,
        "Close of Quarter": 9.1,
        "EPS": 502.9,
        "Non-adjusted EPS": 1019,
        "PE": 8.9,
        "Book Price": 6.1
      }
    },
    {
      "quarter": "Q3 2014",
      "income status": {
        "Net sales": 505340,
        "Cost of goods sold": 465108,
        "Gross Profit": 40232,
        "Financial expenses": 25989,
        "Of which: Interest expense": 253,
        "Cost of sales": 962,
        "Enterprise cost management": 16161,
        "Total Operating Expenses": 43112,
        "Total revenue financing activities": 141450,
        "Net profit from business activities": 129260,
        "Profit": -4029,
        "Profit before tax": 125231,
        "Present corporate income tax expenses": 30653,
        "Deferred income taxes expenses": "N/A",
        "The interests of minority shareholders": -23,
        "Total Cost of profits": 30630,
        "Profit after tax corporate income": 94601,
        "Volume": 314893882,
        "Close of Quarter": 9.8,
        "EPS": 430.4,
        "Non-adjusted EPS": 872,
        "PE": 11.2,
        "Book Price": 6.0
      }
    },
    {
      "quarter": "Q2 2014",
      "income status": {
        "Net sales": 316608,
        "Cost of goods sold": 302189,
        "Gross Profit": 14419,
        "Financial expenses": 55308,
        "Of which: Interest expense": 15135,
        "Cost of sales": 1938,
        "Enterprise cost management": 11385,
        "Total Operating Expenses": 68631,
        "Total revenue financing activities": 173799,
        "Net profit from business activities": 126595,
        "Profit": -3192,
        "Profit before tax": 123403,
        "Present corporate income tax expenses": 28834,
        "Deferred income taxes expenses": -113,
        "The interests of minority shareholders": 1,
        "Total Cost of profits": 28722,
        "Profit after tax corporate income": 94681,
        "Volume": 154360000,
        "Close of Quarter": 8.3,
        "EPS": 323.2,
        "Non-adjusted EPS": 1336,
        "PE": 6.2,
        "Book Price": 3.4
      }
    },
    {
      "quarter": "Q1 2014",
      "income status": {
        "Net sales": 360296,
        "Cost of goods sold": 338391,
        "Gross Profit": 21905,
        "Financial expenses": 4749,
        "Of which: Interest expense": 440,
        "Cost of sales": 1212,
        "Enterprise cost management": 8383,
        "Total Operating Expenses": 14344,
        "Total revenue financing activities": 28088,
        "Net profit from business activities": 39301,
        "Profit": 4519,
        "Profit before tax": 43820,
        "Present corporate income tax expenses": 4385,
        "Deferred income taxes expenses": "N/A",
        "The interests of minority shareholders": 4481,
        "Total Cost of profits": 8866,
        "Profit after tax corporate income": 34953,
        "Volume": 154360000,
        "Close of Quarter": 9.8,
        "EPS": 204.0,
        "Non-adjusted EPS": 843,
        "PE": 11.6,
        "Book Price": 2.9
      }
    },
    {
      "quarter": "Q4 2013",
      "income status": {
        "Net sales": 748379,
        "Cost of goods sold": 685807,
        "Gross Profit": 62572,
        "Financial expenses": 562,
        "Of which: Interest expense": 366,
        "Cost of sales": 2798,
        "Enterprise cost management": 11808,
        "Total Operating Expenses": 15168,
        "Total revenue financing activities": 26832,
        "Net profit from business activities": 74236,
        "Profit": -5510,
        "Profit before tax": 70012,
        "Present corporate income tax expenses": 19560,
        "Deferred income taxes expenses": "N/A",
        "The interests of minority shareholders": -35,
        "Total Cost of profits": 19525,
        "Profit after tax corporate income": 50487,
        "Volume": 77180000,
        "Close of Quarter": 6.4,
        "EPS": 151.2,
        "Non-adjusted EPS": 1250,
        "PE": 5.1,
        "Book Price": 2.0
      }
    },
    {
      "quarter": "Q3 2013",
      "income status": {
        "Net sales": 348396,
        "Cost of goods sold": 296982,
        "Gross Profit": 51415,
        "Financial expenses": 3326,
        "Of which: Interest expense": 638,
        "Cost of sales": 1308,
        "Enterprise cost management": 16321,
        "Total Operating Expenses": 20955,
        "Total revenue financing activities": 5823,
        "Net profit from business activities": 36282,
        "Profit": -541,
        "Profit before tax": 37949,
        "Present corporate income tax expenses": 11770,
        "Deferred income taxes expenses": "N/A",
        "The interests of minority shareholders": 15,
        "Total Cost of profits": 11785,
        "Profit after tax corporate income": 26164,
        "Volume": 77180000,
        "Close of Quarter": 3.5,
        "EPS": 119.8,
        "Non-adjusted EPS": 990,
        "PE": 3.5,
        "Book Price": 2.0
      }
    },
    {
      "quarter": "Q2 2013",
      "income status": {
        "Net sales": 438312,
        "Cost of goods sold": 423191,
        "Gross Profit": 15121,
        "Financial expenses": 9179,
        "Of which: Interest expense": 3803,
        "Cost of sales": 7,
        "Enterprise cost management": 7225,
        "Total Operating Expenses": 16411,
        "Total revenue financing activities": 13635,
        "Net profit from business activities": 12346,
        "Profit": 12872,
        "Profit before tax": 25673,
        "Present corporate income tax expenses": 7091,
        "Deferred income taxes expenses": "N/A",
        "The interests of minority shareholders": 18,
        "Total Cost of profits": 7109,
        "Profit after tax corporate income": 18564,
        "Volume": 77180000,
        "Close of Quarter": 4.4,
        "EPS": 80.0,
        "Non-adjusted EPS": 661,
        "PE": 6.6,
        "Book Price": 1.9
      }
    },
    {
      "quarter": "Q1 2013",
      "income status": {
        "Net sales": 212284,
        "Cost of goods sold": 208655,
        "Gross Profit": 3630,
        "Financial expenses": 7580,
        "Of which: Interest expense": 4162,
        "Cost of sales": 38,
        "Enterprise cost management": 4329,
        "Total Operating Expenses": 11947,
        "Total revenue financing activities": 9450,
        "Net profit from business activities": 1133,
        "Profit": -113,
        "Profit before tax": 1580,
        "Present corporate income tax expenses": 299,
        "Deferred income taxes expenses": "N/A",
        "The interests of minority shareholders": 3,
        "Total Cost of profits": 302,
        "Profit after tax corporate income": 1278,
        "Volume": 77180000,
        "Close of Quarter": 4.4,
        "EPS": 59.2,
        "Non-adjusted EPS": 489,
        "PE": 8.9,
        "Book Price": 1.9
      }
    },
    {
      "quarter": "Q4 2012",
      "income status": {
        "Net sales": 1155511,
        "Cost of goods sold": 1119805,
        "Gross Profit": 35706,
        "Financial expenses": 68146,
        "Of which: Interest expense": 5636,
        "Cost of sales": 106,
        "Enterprise cost management": 5500,
        "Total Operating Expenses": 73752,
        "Total revenue financing activities": 67253,
        "Net profit from business activities": 29207,
        "Profit": 354,
        "Profit before tax": 31028,
        "Present corporate income tax expenses": 609,
        "Deferred income taxes expenses": "N/A",
        "The interests of minority shareholders": 44,
        "Total Cost of profits": 653,
        "Profit after tax corporate income": 30375,
        "Volume": 77180000,
        "Close of Quarter": 4.7,
        "EPS": 57.5,
        "Non-adjusted EPS": 475,
        "PE": 9.9,
        "Book Price": 1.9
      }
    },
    {
      "quarter": "Q3 2012",
      "income status": {
        "Net sales": 186967,
        "Cost of goods sold": 184333,
        "Gross Profit": 2634,
        "Financial expenses": 5416,
        "Of which: Interest expense": 1241,
        "Cost of sales": 321,
        "Enterprise cost management": 8566,
        "Total Operating Expenses": 14303,
        "Total revenue financing activities": 14158,
        "Net profit from business activities": 2489,
        "Profit": -85,
        "Profit before tax": 1647,
        "Present corporate income tax expenses": 924,
        "Deferred income taxes expenses": "N/A",
        "The interests of minority shareholders": -77,
        "Total Cost of profits": 847,
        "Profit after tax corporate income": 800,
        "Volume": 77180000,
        "Close of Quarter": 3.4,
        "EPS": 27.2,
        "Non-adjusted EPS": 225,
        "PE": 15.2,
        "Book Price": 1.8
      }
    },
    {
      "quarter": "Q2 2012",
      "income status": {
        "Net sales": 177690,
        "Cost of goods sold": 174998,
        "Gross Profit": 2693,
        "Financial expenses": 2384,
        "Of which: Interest expense": 210,
        "Cost of sales": 299,
        "Enterprise cost management": 7570,
        "Total Operating Expenses": 10253,
        "Total revenue financing activities": 8848,
        "Net profit from business activities": 1287,
        "Profit": -96,
        "Profit before tax": 5825,
        "Present corporate income tax expenses": 585,
        "Deferred income taxes expenses": "N/A",
        "The interests of minority shareholders": -50,
        "Total Cost of profits": 535,
        "Profit after tax corporate income": 5290,
        "Volume": 17000000,
        "Close of Quarter": 8.2,
        "EPS": 26.0,
        "Non-adjusted EPS": 977,
        "PE": 8.4,
        "Book Price": 1.8
      }
    },
    {
      "quarter": "Q1 2012",
      "income status": {
        "Net sales": 34028,
        "Cost of goods sold": 32107,
        "Gross Profit": 1921,
        "Financial expenses": 5244,
        "Of which: Interest expense": 5228,
        "Cost of sales": 337,
        "Enterprise cost management": 5246,
        "Total Operating Expenses": 10827,
        "Total revenue financing activities": 9599,
        "Net profit from business activities": 692,
        "Profit": 1,
        "Profit before tax": 537,
        "Present corporate income tax expenses": 271,
        "Deferred income taxes expenses": "N/A",
        "The interests of minority shareholders": 62,
        "Total Cost of profits": 333,
        "Profit after tax corporate income": 203,
        "Volume": 17000000,
        "Close of Quarter": 16.1,
        "EPS": 14.1,
        "Non-adjusted EPS": 529,
        "PE": 30.5,
        "Book Price": 0.4
      }
    },
    {
      "quarter": "Q4 2011",
      "income status": {
        "Net sales": 76328,
        "Cost of goods sold": 72494,
        "Gross Profit": 3834,
        "Financial expenses": 13213,
        "Of which: Interest expense": 13610,
        "Cost of sales": 806,
        "Enterprise cost management": 6835,
        "Total Operating Expenses": 20854,
        "Total revenue financing activities": 28358,
        "Net profit from business activities": 11338,
        "Profit": -149,
        "Profit before tax": 14147,
        "Present corporate income tax expenses": 3107,
        "Deferred income taxes expenses": "N/A",
        "The interests of minority shareholders": -40,
        "Total Cost of profits": 3067,
        "Profit after tax corporate income": 11080,
        "Volume": 17000000,
        "Close of Quarter": 13.1,
        "EPS": 18.3,
        "Non-adjusted EPS": 686,
        "PE": 19.0,
        "Book Price": 0.4
      }
    },
    {
      "quarter": "Q3 2011",
      "income status": {
        "Net sales": 12450,
        "Cost of goods sold": 9855,
        "Gross Profit": 2595,
        "Financial expenses": 97,
        "Of which: Interest expense": 97,
        "Cost of sales": "N/A",
        "Enterprise cost management": 5059,
        "Total Operating Expenses": 5156,
        "Total revenue financing activities": 3140,
        "Net profit from business activities": 580,
        "Profit": 1,
        "Profit before tax": 3348,
        "Present corporate income tax expenses": 649,
        "Deferred income taxes expenses": "N/A",
        "The interests of minority shareholders": 55,
        "Total Cost of profits": 704,
        "Profit after tax corporate income": 35,
        "Volume": 10000000,
        "Close of Quarter": "N/A",
        "EPS": -0.9,
        "Non-adjusted EPS": -58,
        "PE": "N/A",
        "Book Price": 0.4
      }
    },
    {
      "quarter": "Q2 2011",
      "income status": {
        "Net sales": 25416,
        "Cost of goods sold": 23518,
        "Gross Profit": 1898,
        "Financial expenses": "N/A",
        "Of which: Interest expense": "N/A",
        "Cost of sales": 4,
        "Enterprise cost management": 4452,
        "Total Operating Expenses": 4456,
        "Total revenue financing activities": 3472,
        "Net profit from business activities": 913,
        "Profit": 128,
        "Profit before tax": -1801,
        "Present corporate income tax expenses": 494,
        "Deferred income taxes expenses": "N/A",
        "The interests of minority shareholders": 38,
        "Total Cost of profits": 532,
        "Profit after tax corporate income": -2333,
        "Volume": 10000000,
        "Close of Quarter": "N/A",
        "EPS": 9.8,
        "Non-adjusted EPS": 624,
        "PE": "N/A",
        "Book Price": 0.3
      }
    },
    {
      "quarter": "Q1 2011",
      "income status": {
        "Net sales": 22008,
        "Cost of goods sold": 20065,
        "Gross Profit": 1943,
        "Financial expenses": 561,
        "Of which: Interest expense": 164,
        "Cost of sales": "N/A",
        "Enterprise cost management": 4138,
        "Total Operating Expenses": 4699,
        "Total revenue financing activities": 6602,
        "Net profit from business activities": 3846,
        "Profit": 3,
        "Profit before tax": 3849,
        "Present corporate income tax expenses": 964,
        "Deferred income taxes expenses": "N/A",
        "The interests of minority shareholders": 2,
        "Total Cost of profits": 966,
        "Profit after tax corporate income": 2883,
        "Volume": 10000000,
        "Close of Quarter": "N/A",
        "EPS": 14.1,
        "Non-adjusted EPS": 901,
        "PE": "N/A",
        "Book Price": "N/A"
      }
    }
  ]
}