{
  "ticker": "CDN",
  "data": [
    {
      "quarter": "Q4 2016",
      "income status": {
        "Net sales": 147549,
        "Cost of goods sold": 99760,
        "Gross Profit": 47789,
        "Financial expenses": -11938,
        "Of which: Interest expense": 514,
        "Cost of sales": 1567,
        "Enterprise cost management": 25264,
        "Total Operating Expenses": 14893,
        "Total revenue financing activities": 4850,
        "Net profit from business activities": 37746,
        "Profit": 285,
        "Profit before tax": 38031,
        "Present corporate income tax expenses": 8256,
        "Deferred income taxes expenses": "N/A",
        "The interests of minority shareholders": "N/A",
        "Total Cost of profits": 8256,
        "Profit after tax corporate income": 29775,
        "Volume": 66000000,
        "Close of Quarter": 24.0,
        "EPS": 1930,
        "Non-adjusted EPS": 1930,
        "PE": 12.4,
        "Book Price": 12.4
      }
    },
    {
      "quarter": "Q3 2016",
      "income status": {
        "Net sales": 136211,
        "Cost of goods sold": 89115,
        "Gross Profit": 47096,
        "Financial expenses": 2504,
        "Of which: Interest expense": 707,
        "Cost of sales": 301,
        "Enterprise cost management": 14705,
        "Total Operating Expenses": 17510,
        "Total revenue financing activities": 6953,
        "Net profit from business activities": 36538,
        "Profit": 80,
        "Profit before tax": 36618,
        "Present corporate income tax expenses": 9433,
        "Deferred income taxes expenses": "N/A",
        "The interests of minority shareholders": "N/A",
        "Total Cost of profits": 9433,
        "Profit after tax corporate income": 27185,
        "Volume": 66000000,
        "Close of Quarter": 25.9,
        "EPS": 2257,
        "Non-adjusted EPS": 2257,
        "PE": 11.5,
        "Book Price": 12.5
      }
    },
    {
      "quarter": "Q2 2016",
      "income status": {
        "Net sales": 115473,
        "Cost of goods sold": 81731,
        "Gross Profit": 33742,
        "Financial expenses": 9492,
        "Of which: Interest expense": 459,
        "Cost of sales": -195,
        "Enterprise cost management": 5679,
        "Total Operating Expenses": 14976,
        "Total revenue financing activities": 28190,
        "Net profit from business activities": 46956,
        "Profit": 131,
        "Profit before tax": 47087,
        "Present corporate income tax expenses": 6878,
        "Deferred income taxes expenses": -10,
        "The interests of minority shareholders": -7553,
        "Total Cost of profits": -685,
        "Profit after tax corporate income": 47772,
        "Volume": 66000000,
        "Close of Quarter": 22,
        "EPS": 2240,
        "Non-adjusted EPS": 2240,
        "PE": 9.8,
        "Book Price": 12.1
      }
    },
    {
      "quarter": "Q1 2016",
      "income status": {
        "Net sales": 154059,
        "Cost of goods sold": 88370,
        "Gross Profit": 65689,
        "Financial expenses": 8449,
        "Of which: Interest expense": 693,
        "Cost of sales": 385,
        "Enterprise cost management": 18227,
        "Total Operating Expenses": 27061,
        "Total revenue financing activities": -547,
        "Net profit from business activities": 38081,
        "Profit": 249,
        "Profit before tax": 38330,
        "Present corporate income tax expenses": 8109,
        "Deferred income taxes expenses": 10,
        "The interests of minority shareholders": 7553,
        "Total Cost of profits": 15672,
        "Profit after tax corporate income": 22658,
        "Volume": 66000000,
        "Close of Quarter": 24.2,
        "EPS": 1917,
        "Non-adjusted EPS": 1917,
        "PE": 12.6,
        "Book Price": 12.8
      }
    },
    {
      "quarter": "Q4 2015",
      "income status": {
        "Net sales": 148153,
        "Cost of goods sold": 108443,
        "Gross Profit": 39710,
        "Financial expenses": 2123,
        "Of which: Interest expense": -7,
        "Cost of sales": 1351,
        "Enterprise cost management": 5390,
        "Total Operating Expenses": 8864,
        "Total revenue financing activities": 36857,
        "Net profit from business activities": 67704,
        "Profit": 138,
        "Profit before tax": 67842,
        "Present corporate income tax expenses": 14311,
        "Deferred income taxes expenses": "N/A",
        "The interests of minority shareholders": 2194,
        "Total Cost of profits": 16505,
        "Profit after tax corporate income": 51336,
        "Volume": 66000000,
        "Close of Quarter": "N/A",
        "EPS": 1842,
        "Non-adjusted EPS": 1842,
        "PE": "N/A",
        "Book Price": 12.4
      }
    },
    {
      "quarter": "Q3 2015",
      "income status": {
        "Net sales": 145051,
        "Cost of goods sold": 86409,
        "Gross Profit": 58642,
        "Financial expenses": 509,
        "Of which: Interest expense": 497,
        "Cost of sales": 492,
        "Enterprise cost management": 22897,
        "Total Operating Expenses": 23898,
        "Total revenue financing activities": 2362,
        "Net profit from business activities": 36037,
        "Profit": 797,
        "Profit before tax": 36835,
        "Present corporate income tax expenses": 8675,
        "Deferred income taxes expenses": "N/A",
        "The interests of minority shareholders": 2086,
        "Total Cost of profits": 10761,
        "Profit after tax corporate income": 26074,
        "Volume": 66000000,
        "Close of Quarter": "N/A",
        "EPS": 1064,
        "Non-adjusted EPS": 1064,
        "PE": "N/A",
        "Book Price": 11.9
      }
    },
    {
      "quarter": "Q2 2015",
      "income status": {
        "Net sales": 160707,
        "Cost of goods sold": 100620,
        "Gross Profit": 60086,
        "Financial expenses": 572,
        "Of which: Interest expense": 1113,
        "Cost of sales": 740,
        "Enterprise cost management": 23269,
        "Total Operating Expenses": 24581,
        "Total revenue financing activities": 2900,
        "Net profit from business activities": 35811,
        "Profit": 278,
        "Profit before tax": 36088,
        "Present corporate income tax expenses": 8286,
        "Deferred income taxes expenses": 14,
        "The interests of minority shareholders": 1358,
        "Total Cost of profits": 9658,
        "Profit after tax corporate income": 26430,
        "Volume": 66000000,
        "Close of Quarter": "N/A",
        "EPS": 669,
        "Non-adjusted EPS": 669,
        "PE": "N/A",
        "Book Price": 11.5
      }
    },
    {
      "quarter": "Q1 2015",
      "income status": {
        "Net sales": 120375,
        "Cost of goods sold": 79349,
        "Gross Profit": 41026,
        "Financial expenses": 628,
        "Of which: Interest expense": "N/A",
        "Cost of sales": 659,
        "Enterprise cost management": 16961,
        "Total Operating Expenses": 18248,
        "Total revenue financing activities": 626,
        "Net profit from business activities": 24396,
        "Profit": 520,
        "Profit before tax": 24916,
        "Present corporate income tax expenses": 5493,
        "Deferred income taxes expenses": "N/A",
        "The interests of minority shareholders": 1696,
        "Total Cost of profits": 7189,
        "Profit after tax corporate income": 17728,
        "Volume": 66000000,
        "Close of Quarter": "N/A",
        "EPS": 269,
        "Non-adjusted EPS": 269,
        "PE": "N/A",
        "Book Price": 11.5
      }
    }
  ]
}