{
  "ticker": "BSC",
  "data": [
    {
      "quarter": "Q4 2016",
      "income status": {
        "Net sales": 6370,
        "Cost of goods sold": 2682,
        "Gross Profit": 3688,
        "Financial expenses": 1116,
        "Of which: Interest expense": "N/A",
        "Cost of sales": 516,
        "Enterprise cost management": 2466,
        "Total Operating Expenses": 4098,
        "Total revenue financing activities": 441,
        "Net profit from business activities": 31,
        "Profit": 523,
        "Profit before tax": 554,
        "Present corporate income tax expenses": -71,
        "Deferred income taxes expenses": 261,
        "The interests of minority shareholders": "N/A",
        "Total Cost of profits": 190,
        "Profit after tax corporate income": 364,
        "Volume": 3150747,
        "Close of Quarter": 30.1,
        "EPS": 522,
        "Non-adjusted EPS": 522,
        "PE": 57.7,
        "Book Price": 11.4
      }
    },
    {
      "quarter": "Q3 2016",
      "income status": {
        "Net sales": 27508,
        "Cost of goods sold": 23825,
        "Gross Profit": 3683,
        "Financial expenses": 805,
        "Of which: Interest expense": "N/A",
        "Cost of sales": 507,
        "Enterprise cost management": 2862,
        "Total Operating Expenses": 4174,
        "Total revenue financing activities": 345,
        "Net profit from business activities": -146,
        "Profit": 745,
        "Profit before tax": 599,
        "Present corporate income tax expenses": 94,
        "Deferred income taxes expenses": -71,
        "The interests of minority shareholders": "N/A",
        "Total Cost of profits": 23,
        "Profit after tax corporate income": 576,
        "Volume": 3150747,
        "Close of Quarter": 33.4,
        "EPS": 427,
        "Non-adjusted EPS": 427,
        "PE": 78.2,
        "Book Price": 11.3
      }
    },
    {
      "quarter": "Q2 2016",
      "income status": {
        "Net sales": 6924,
        "Cost of goods sold": 3867,
        "Gross Profit": 3057,
        "Financial expenses": 631,
        "Of which: Interest expense": "N/A",
        "Cost of sales": 142,
        "Enterprise cost management": 2078,
        "Total Operating Expenses": 2851,
        "Total revenue financing activities": 217,
        "Net profit from business activities": 424,
        "Profit": 50,
        "Profit before tax": 474,
        "Present corporate income tax expenses": "N/A",
        "Deferred income taxes expenses": 52,
        "The interests of minority shareholders": "N/A",
        "Total Cost of profits": 52,
        "Profit after tax corporate income": 421,
        "Volume": 3150747,
        "Close of Quarter": 10.1,
        "EPS": 399,
        "Non-adjusted EPS": 399,
        "PE": 25.3,
        "Book Price": 11.1
      }
    },
    {
      "quarter": "Q1 2016",
      "income status": {
        "Net sales": 6784,
        "Cost of goods sold": 2528,
        "Gross Profit": 4256,
        "Financial expenses": 719,
        "Of which: Interest expense": "N/A",
        "Cost of sales": 1017,
        "Enterprise cost management": 2252,
        "Total Operating Expenses": 3988,
        "Total revenue financing activities": 261,
        "Net profit from business activities": 529,
        "Profit": "N/A",
        "Profit before tax": 529,
        "Present corporate income tax expenses": "N/A",
        "Deferred income taxes expenses": 245,
        "The interests of minority shareholders": "N/A",
        "Total Cost of profits": 245,
        "Profit after tax corporate income": 284,
        "Volume": 3150747,
        "Close of Quarter": 19.1,
        "EPS": 562,
        "Non-adjusted EPS": 562,
        "PE": 34.0,
        "Book Price": 12.2
      }
    },
    {
      "quarter": "Q4 2015",
      "income status": {
        "Net sales": 6230,
        "Cost of goods sold": 3143,
        "Gross Profit": 3087,
        "Financial expenses": 560,
        "Of which: Interest expense": "N/A",
        "Cost of sales": 338,
        "Enterprise cost management": 2620,
        "Total Operating Expenses": 3518,
        "Total revenue financing activities": 883,
        "Net profit from business activities": 452,
        "Profit": -356,
        "Profit before tax": 96,
        "Present corporate income tax expenses": 182,
        "Deferred income taxes expenses": -152,
        "The interests of minority shareholders": "N/A",
        "Total Cost of profits": 30,
        "Profit after tax corporate income": 65,
        "Volume": 3150747,
        "Close of Quarter": 14.4,
        "EPS": 617,
        "Non-adjusted EPS": 617,
        "PE": 23.4,
        "Book Price": 12.6
      }
    },
    {
      "quarter": "Q3 2015",
      "income status": {
        "Net sales": 6242,
        "Cost of goods sold": 2988,
        "Gross Profit": 3254,
        "Financial expenses": 570,
        "Of which: Interest expense": "N/A",
        "Cost of sales": 690,
        "Enterprise cost management": 2307,
        "Total Operating Expenses": 3567,
        "Total revenue financing activities": 1183,
        "Net profit from business activities": 870,
        "Profit": -244,
        "Profit before tax": 625,
        "Present corporate income tax expenses": 284,
        "Deferred income taxes expenses": -146,
        "The interests of minority shareholders": "N/A",
        "Total Cost of profits": 138,
        "Profit after tax corporate income": 488,
        "Volume": 3150747,
        "Close of Quarter": 9.3,
        "EPS": 2647,
        "Non-adjusted EPS": 2647,
        "PE": 3.5,
        "Book Price": 12.6
      }
    },
    {
      "quarter": "Q2 2015",
      "income status": {
        "Net sales": 6530,
        "Cost of goods sold": 2686,
        "Gross Profit": 3845,
        "Financial expenses": 700,
        "Of which: Interest expense": "N/A",
        "Cost of sales": 840,
        "Enterprise cost management": 2563,
        "Total Operating Expenses": 4103,
        "Total revenue financing activities": 1246,
        "Net profit from business activities": 988,
        "Profit": 222,
        "Profit before tax": 1210,
        "Present corporate income tax expenses": 305,
        "Deferred income taxes expenses": -29,
        "The interests of minority shareholders": "N/A",
        "Total Cost of profits": 276,
        "Profit after tax corporate income": 934,
        "Volume": 3150747,
        "Close of Quarter": 7.6,
        "EPS": 2489,
        "Non-adjusted EPS": 2489,
        "PE": 3.1,
        "Book Price": 12.5
      }
    },
    {
      "quarter": "Q1 2015",
      "income status": {
        "Net sales": 7151,
        "Cost of goods sold": 3544,
        "Gross Profit": 3607,
        "Financial expenses": 634,
        "Of which: Interest expense": "N/A",
        "Cost of sales": 942,
        "Enterprise cost management": 3120,
        "Total Operating Expenses": 4696,
        "Total revenue financing activities": 1765,
        "Net profit from business activities": 675,
        "Profit": -90,
        "Profit before tax": 585,
        "Present corporate income tax expenses": 192,
        "Deferred income taxes expenses": -63,
        "The interests of minority shareholders": "N/A",
        "Total Cost of profits": 129,
        "Profit after tax corporate income": 456,
        "Volume": 3150747,
        "Close of Quarter": 7.2,
        "EPS": 2369,
        "Non-adjusted EPS": 2369,
        "PE": 3.0,
        "Book Price": 12.7
      }
    },
    {
      "quarter": "Q4 2014",
      "income status": {
        "Net sales": 7307,
        "Cost of goods sold": 3839,
        "Gross Profit": 3468,
        "Financial expenses": 4,
        "Of which: Interest expense": "N/A",
        "Cost of sales": 978,
        "Enterprise cost management": 2843,
        "Total Operating Expenses": 3825,
        "Total revenue financing activities": 228,
        "Net profit from business activities": -128,
        "Profit": 8415,
        "Profit before tax": 8287,
        "Present corporate income tax expenses": 1816,
        "Deferred income taxes expenses": 9,
        "The interests of minority shareholders": "N/A",
        "Total Cost of profits": 1825,
        "Profit after tax corporate income": 6462,
        "Volume": 3150747,
        "Close of Quarter": 5.3,
        "EPS": 2304,
        "Non-adjusted EPS": 2304,
        "PE": 2.3,
        "Book Price": 12.8
      }
    },
    {
      "quarter": "Q3 2014",
      "income status": {
        "Net sales": 7326,
        "Cost of goods sold": 3534,
        "Gross Profit": 3793,
        "Financial expenses": "N/A",
        "Of which: Interest expense": "N/A",
        "Cost of sales": 981,
        "Enterprise cost management": 2399,
        "Total Operating Expenses": 3380,
        "Total revenue financing activities": 167,
        "Net profit from business activities": 580,
        "Profit": -106,
        "Profit before tax": 473,
        "Present corporate income tax expenses": 515,
        "Deferred income taxes expenses": -32,
        "The interests of minority shareholders": "N/A",
        "Total Cost of profits": 483,
        "Profit after tax corporate income": -10,
        "Volume": 3150747,
        "Close of Quarter": 6.2,
        "EPS": 375,
        "Non-adjusted EPS": 375,
        "PE": 16.6,
        "Book Price": 10.7
      }
    },
    {
      "quarter": "Q2 2014",
      "income status": {
        "Net sales": 7084,
        "Cost of goods sold": 3850,
        "Gross Profit": 3234,
        "Financial expenses": 125,
        "Of which: Interest expense": "N/A",
        "Cost of sales": 1095,
        "Enterprise cost management": 2171,
        "Total Operating Expenses": 3391,
        "Total revenue financing activities": 158,
        "Net profit from business activities": 1,
        "Profit": 711,
        "Profit before tax": 712,
        "Present corporate income tax expenses": 189,
        "Deferred income taxes expenses": -32,
        "The interests of minority shareholders": "N/A",
        "Total Cost of profits": 157,
        "Profit after tax corporate income": 555,
        "Volume": 3150747,
        "Close of Quarter": 6.5,
        "EPS": 485,
        "Non-adjusted EPS": 485,
        "PE": 13.4,
        "Book Price": 10.7
      }
    },
    {
      "quarter": "Q1 2014",
      "income status": {
        "Net sales": 6184,
        "Cost of goods sold": 3279,
        "Gross Profit": 2905,
        "Financial expenses": "N/A",
        "Of which: Interest expense": "N/A",
        "Cost of sales": 1008,
        "Enterprise cost management": 2147,
        "Total Operating Expenses": 3155,
        "Total revenue financing activities": 158,
        "Net profit from business activities": -91,
        "Profit": 415,
        "Profit before tax": 324,
        "Present corporate income tax expenses": -32,
        "Deferred income taxes expenses": 105,
        "The interests of minority shareholders": "N/A",
        "Total Cost of profits": 73,
        "Profit after tax corporate income": 251,
        "Volume": 3150747,
        "Close of Quarter": 6.1,
        "EPS": 615,
        "Non-adjusted EPS": 615,
        "PE": 10.0,
        "Book Price": 11
      }
    },
    {
      "quarter": "Q4 2013",
      "income status": {
        "Net sales": 6321,
        "Cost of goods sold": 3110,
        "Gross Profit": 3211,
        "Financial expenses": -52,
        "Of which: Interest expense": "N/A",
        "Cost of sales": 1067,
        "Enterprise cost management": 2127,
        "Total Operating Expenses": 3142,
        "Total revenue financing activities": 218,
        "Net profit from business activities": 287,
        "Profit": 368,
        "Profit before tax": 655,
        "Present corporate income tax expenses": 149,
        "Deferred income taxes expenses": 119,
        "The interests of minority shareholders": "N/A",
        "Total Cost of profits": 268,
        "Profit after tax corporate income": 386,
        "Volume": 3150747,
        "Close of Quarter": 5.3,
        "EPS": 542,
        "Non-adjusted EPS": 542,
        "PE": 9.8,
        "Book Price": 11
      }
    },
    {
      "quarter": "Q3 2013",
      "income status": {
        "Net sales": 6232,
        "Cost of goods sold": 3387,
        "Gross Profit": 2845,
        "Financial expenses": "N/A",
        "Of which: Interest expense": "N/A",
        "Cost of sales": 901,
        "Enterprise cost management": 2453,
        "Total Operating Expenses": 3354,
        "Total revenue financing activities": 173,
        "Net profit from business activities": -336,
        "Profit": 766,
        "Profit before tax": 430,
        "Present corporate income tax expenses": 56,
        "Deferred income taxes expenses": 39,
        "The interests of minority shareholders": "N/A",
        "Total Cost of profits": 95,
        "Profit after tax corporate income": 335,
        "Volume": 3150747,
        "Close of Quarter": 5.8,
        "EPS": 672,
        "Non-adjusted EPS": 672,
        "PE": 8.6,
        "Book Price": 10.8
      }
    },
    {
      "quarter": "Q2 2013",
      "income status": {
        "Net sales": 12015,
        "Cost of goods sold": 7003,
        "Gross Profit": 5012,
        "Financial expenses": 280,
        "Of which: Interest expense": 1,
        "Cost of sales": 1495,
        "Enterprise cost management": 3431,
        "Total Operating Expenses": 5206,
        "Total revenue financing activities": 334,
        "Net profit from business activities": 140,
        "Profit": 864,
        "Profit before tax": 1003,
        "Present corporate income tax expenses": 244,
        "Deferred income taxes expenses": -206,
        "The interests of minority shareholders": "N/A",
        "Total Cost of profits": 38,
        "Profit after tax corporate income": 965,
        "Volume": 3150747,
        "Close of Quarter": 6.4,
        "EPS": 826,
        "Non-adjusted EPS": 826,
        "PE": 7.7,
        "Book Price": 10.7
      }
    },
    {
      "quarter": "Q1 2013",
      "income status": {
        "Net sales": 2326,
        "Cost of goods sold": 1331,
        "Gross Profit": 996,
        "Financial expenses": "N/A",
        "Of which: Interest expense": "N/A",
        "Cost of sales": 274,
        "Enterprise cost management": 754,
        "Total Operating Expenses": 1028,
        "Total revenue financing activities": 68,
        "Net profit from business activities": 36,
        "Profit": 146,
        "Profit before tax": 181,
        "Present corporate income tax expenses": 283,
        "Deferred income taxes expenses": -124,
        "The interests of minority shareholders": "N/A",
        "Total Cost of profits": 159,
        "Profit after tax corporate income": 23,
        "Volume": 3150747,
        "Close of Quarter": 6.5,
        "EPS": 899,
        "Non-adjusted EPS": 899,
        "PE": 7.2,
        "Book Price": 10.6
      }
    },
    {
      "quarter": "Q4 2012",
      "income status": {
        "Net sales": 7598,
        "Cost of goods sold": 3712,
        "Gross Profit": 3885,
        "Financial expenses": 169,
        "Of which: Interest expense": 1,
        "Cost of sales": 1074,
        "Enterprise cost management": 2309,
        "Total Operating Expenses": 3552,
        "Total revenue financing activities": 261,
        "Net profit from business activities": 594,
        "Profit": 362,
        "Profit before tax": 956,
        "Present corporate income tax expenses": 316,
        "Deferred income taxes expenses": -154,
        "The interests of minority shareholders": "N/A",
        "Total Cost of profits": 162,
        "Profit after tax corporate income": 794,
        "Volume": 3150747,
        "Close of Quarter": 8.7,
        "EPS": 1100,
        "Non-adjusted EPS": 1100,
        "PE": 7.9,
        "Book Price": 11.4
      }
    },
    {
      "quarter": "Q3 2012",
      "income status": {
        "Net sales": 7136,
        "Cost of goods sold": 3519,
        "Gross Profit": 3617,
        "Financial expenses": 79,
        "Of which: Interest expense": 4,
        "Cost of sales": 958,
        "Enterprise cost management": 2486,
        "Total Operating Expenses": 3523,
        "Total revenue financing activities": 407,
        "Net profit from business activities": 501,
        "Profit": 475,
        "Profit before tax": 977,
        "Present corporate income tax expenses": 156,
        "Deferred income taxes expenses": "N/A",
        "The interests of minority shareholders": "N/A",
        "Total Cost of profits": 156,
        "Profit after tax corporate income": 821,
        "Volume": 3150747,
        "Close of Quarter": 6.0,
        "EPS": 1277,
        "Non-adjusted EPS": 1277,
        "PE": 4.7,
        "Book Price": 11.1
      }
    },
    {
      "quarter": "Q2 2012",
      "income status": {
        "Net sales": 2737,
        "Cost of goods sold": -2104,
        "Gross Profit": 4841,
        "Financial expenses": 244,
        "Of which: Interest expense": 4,
        "Cost of sales": 1303,
        "Enterprise cost management": 2706,
        "Total Operating Expenses": 4253,
        "Total revenue financing activities": 505,
        "Net profit from business activities": 1093,
        "Profit": 519,
        "Profit before tax": 1611,
        "Present corporate income tax expenses": 436,
        "Deferred income taxes expenses": -18,
        "The interests of minority shareholders": "N/A",
        "Total Cost of profits": 418,
        "Profit after tax corporate income": 1193,
        "Volume": 3150747,
        "Close of Quarter": 5.6,
        "EPS": 1323,
        "Non-adjusted EPS": 1323,
        "PE": 4.2,
        "Book Price": 10.9
      }
    },
    {
      "quarter": "Q1 2012",
      "income status": {
        "Net sales": 12137,
        "Cost of goods sold": 9538,
        "Gross Profit": 2599,
        "Financial expenses": 3,
        "Of which: Interest expense": 3,
        "Cost of sales": 723,
        "Enterprise cost management": 1457,
        "Total Operating Expenses": 2183,
        "Total revenue financing activities": 224,
        "Net profit from business activities": 641,
        "Profit": 16,
        "Profit before tax": 657,
        "Present corporate income tax expenses": "N/A",
        "Deferred income taxes expenses": "N/A",
        "The interests of minority shareholders": "N/A",
        "Total Cost of profits": 0,
        "Profit after tax corporate income": 657,
        "Volume": 3150747,
        "Close of Quarter": 5.3,
        "EPS": 1247,
        "Non-adjusted EPS": 1247,
        "PE": 4.2,
        "Book Price": 11.1
      }
    },
    {
      "quarter": "Q4 2011",
      "income status": {
        "Net sales": 17789,
        "Cost of goods sold": 13479,
        "Gross Profit": 4309,
        "Financial expenses": 65,
        "Of which: Interest expense": 5,
        "Cost of sales": 1126,
        "Enterprise cost management": 2196,
        "Total Operating Expenses": 3387,
        "Total revenue financing activities": 274,
        "Net profit from business activities": 1197,
        "Profit": 15,
        "Profit before tax": 1273,
        "Present corporate income tax expenses": -15,
        "Deferred income taxes expenses": "N/A",
        "The interests of minority shareholders": -65,
        "Total Cost of profits": -80,
        "Profit after tax corporate income": 1353,
        "Volume": 3000000,
        "Close of Quarter": 5.9,
        "EPS": 1354.9,
        "Non-adjusted EPS": 1423,
        "PE": 4.2,
        "Book Price": 11.5
      }
    },
    {
      "quarter": "Q3 2011",
      "income status": {
        "Net sales": 17855,
        "Cost of goods sold": 12824,
        "Gross Profit": 5031,
        "Financial expenses": 163,
        "Of which: Interest expense": 6,
        "Cost of sales": 1443,
        "Enterprise cost management": 2527,
        "Total Operating Expenses": 4133,
        "Total revenue financing activities": 359,
        "Net profit from business activities": 1257,
        "Profit": -71,
        "Profit before tax": 1210,
        "Present corporate income tax expenses": 268,
        "Deferred income taxes expenses": "N/A",
        "The interests of minority shareholders": -25,
        "Total Cost of profits": 243,
        "Profit after tax corporate income": 967,
        "Volume": 3000000,
        "Close of Quarter": 5.4,
        "EPS": 1217.8,
        "Non-adjusted EPS": 1279,
        "PE": 4.3,
        "Book Price": 10.7
      }
    },
    {
      "quarter": "Q2 2011",
      "income status": {
        "Net sales": 17182,
        "Cost of goods sold": 12510,
        "Gross Profit": 4672,
        "Financial expenses": 106,
        "Of which: Interest expense": -36,
        "Cost of sales": 847,
        "Enterprise cost management": 2521,
        "Total Operating Expenses": 3474,
        "Total revenue financing activities": 434,
        "Net profit from business activities": 1632,
        "Profit": -387,
        "Profit before tax": 1279,
        "Present corporate income tax expenses": 272,
        "Deferred income taxes expenses": "N/A",
        "The interests of minority shareholders": 54,
        "Total Cost of profits": 326,
        "Profit after tax corporate income": 952,
        "Volume": 3000000,
        "Close of Quarter": 5.2,
        "EPS": 912.2,
        "Non-adjusted EPS": 958,
        "PE": 5.4,
        "Book Price": 11.2
      }
    },
    {
      "quarter": "Q1 2011",
      "income status": {
        "Net sales": 15725,
        "Cost of goods sold": 11123,
        "Gross Profit": 4601,
        "Financial expenses": 50,
        "Of which: Interest expense": 50,
        "Cost of sales": 1130,
        "Enterprise cost management": 1896,
        "Total Operating Expenses": 3076,
        "Total revenue financing activities": 126,
        "Net profit from business activities": 1652,
        "Profit": -270,
        "Profit before tax": 1416,
        "Present corporate income tax expenses": 345,
        "Deferred income taxes expenses": "N/A",
        "The interests of minority shareholders": 74,
        "Total Cost of profits": 419,
        "Profit after tax corporate income": 996,
        "Volume": 3000000,
        "Close of Quarter": 6.2,
        "EPS": 1319.7,
        "Non-adjusted EPS": 1386,
        "PE": 4.5,
        "Book Price": 11.0
      }
    }
  ]
}