{
  "ticker": "DNC",
  "data": [
    {
      "quarter": "Q4 2016",
      "income status": {
        "Net sales": 51350,
        "Cost of goods sold": 45950,
        "Gross Profit": 5400,
        "Financial expenses": 193,
        "Of which: Interest expense": 177,
        "Cost of sales": "N/A",
        "Enterprise cost management": 2689,
        "Total Operating Expenses": 2882,
        "Total revenue financing activities": 20,
        "Net profit from business activities": 2538,
        "Profit": 255,
        "Profit before tax": 2792,
        "Present corporate income tax expenses": 558,
        "Deferred income taxes expenses": "N/A",
        "The interests of minority shareholders": "N/A",
        "Total Cost of profits": 558,
        "Profit after tax corporate income": 2234,
        "Volume": 2529632,
        "Close of Quarter": 37.3,
        "EPS": 3771,
        "Non-adjusted EPS": 3771,
        "PE": 9.9,
        "Book Price": 14
      }
    },
    {
      "quarter": "Q3 2016",
      "income status": {
        "Net sales": 57251,
        "Cost of goods sold": 50278,
        "Gross Profit": 6973,
        "Financial expenses": 299,
        "Of which: Interest expense": 258,
        "Cost of sales": "N/A",
        "Enterprise cost management": 1872,
        "Total Operating Expenses": 2171,
        "Total revenue financing activities": 26,
        "Net profit from business activities": 4829,
        "Profit": -104,
        "Profit before tax": 4724,
        "Present corporate income tax expenses": 945,
        "Deferred income taxes expenses": "N/A",
        "The interests of minority shareholders": "N/A",
        "Total Cost of profits": 945,
        "Profit after tax corporate income": 3779,
        "Volume": 2529632,
        "Close of Quarter": 41.4,
        "EPS": 3569,
        "Non-adjusted EPS": 3569,
        "PE": 11.6,
        "Book Price": 14.2
      }
    },
    {
      "quarter": "Q2 2016",
      "income status": {
        "Net sales": 45707,
        "Cost of goods sold": 40949,
        "Gross Profit": 4759,
        "Financial expenses": 228,
        "Of which: Interest expense": 183,
        "Cost of sales": "N/A",
        "Enterprise cost management": 1946,
        "Total Operating Expenses": 2174,
        "Total revenue financing activities": 27,
        "Net profit from business activities": 2612,
        "Profit": 175,
        "Profit before tax": 2786,
        "Present corporate income tax expenses": 573,
        "Deferred income taxes expenses": "N/A",
        "The interests of minority shareholders": "N/A",
        "Total Cost of profits": 573,
        "Profit after tax corporate income": 2213,
        "Volume": 2529632,
        "Close of Quarter": 31.8,
        "EPS": 3471,
        "Non-adjusted EPS": 3471,
        "PE": 9.2,
        "Book Price": 12.7
      }
    },
    {
      "quarter": "Q1 2016",
      "income status": {
        "Net sales": 42055,
        "Cost of goods sold": 38644,
        "Gross Profit": 3411,
        "Financial expenses": 221,
        "Of which: Interest expense": 176,
        "Cost of sales": "N/A",
        "Enterprise cost management": 1701,
        "Total Operating Expenses": 1922,
        "Total revenue financing activities": 32,
        "Net profit from business activities": 1521,
        "Profit": 119,
        "Profit before tax": 1640,
        "Present corporate income tax expenses": 328,
        "Deferred income taxes expenses": "N/A",
        "The interests of minority shareholders": "N/A",
        "Total Cost of profits": 328,
        "Profit after tax corporate income": 1312,
        "Volume": 2529632,
        "Close of Quarter": 18.1,
        "EPS": 3465,
        "Non-adjusted EPS": 3465,
        "PE": 5.2,
        "Book Price": 12.8
      }
    },
    {
      "quarter": "Q4 2015",
      "income status": {
        "Net sales": 44410,
        "Cost of goods sold": 40024,
        "Gross Profit": 4386,
        "Financial expenses": 203,
        "Of which: Interest expense": 203,
        "Cost of sales": "N/A",
        "Enterprise cost management": 2276,
        "Total Operating Expenses": 2479,
        "Total revenue financing activities": 29,
        "Net profit from business activities": 1936,
        "Profit": 275,
        "Profit before tax": 2211,
        "Present corporate income tax expenses": 486,
        "Deferred income taxes expenses": "N/A",
        "The interests of minority shareholders": "N/A",
        "Total Cost of profits": 486,
        "Profit after tax corporate income": 1725,
        "Volume": 2529632,
        "Close of Quarter": 15.6,
        "EPS": 3166,
        "Non-adjusted EPS": 3166,
        "PE": 4.9,
        "Book Price": 13.4
      }
    },
    {
      "quarter": "Q3 2015",
      "income status": {
        "Net sales": 51341,
        "Cost of goods sold": 45065,
        "Gross Profit": 6276,
        "Financial expenses": 299,
        "Of which: Interest expense": 177,
        "Cost of sales": "N/A",
        "Enterprise cost management": 1761,
        "Total Operating Expenses": 2060,
        "Total revenue financing activities": 30,
        "Net profit from business activities": 4246,
        "Profit": 278,
        "Profit before tax": 4523,
        "Present corporate income tax expenses": 993,
        "Deferred income taxes expenses": "N/A",
        "The interests of minority shareholders": "N/A",
        "Total Cost of profits": 993,
        "Profit after tax corporate income": 3530,
        "Volume": 2529632,
        "Close of Quarter": 11.1,
        "EPS": 2680,
        "Non-adjusted EPS": 2680,
        "PE": 4.2,
        "Book Price": 12.7
      }
    },
    {
      "quarter": "Q2 2015",
      "income status": {
        "Net sales": 41790,
        "Cost of goods sold": 37131,
        "Gross Profit": 4660,
        "Financial expenses": 328,
        "Of which: Interest expense": 116,
        "Cost of sales": "N/A",
        "Enterprise cost management": 1633,
        "Total Operating Expenses": 1961,
        "Total revenue financing activities": 33,
        "Net profit from business activities": 2732,
        "Profit": 121,
        "Profit before tax": 2853,
        "Present corporate income tax expenses": 655,
        "Deferred income taxes expenses": "N/A",
        "The interests of minority shareholders": "N/A",
        "Total Cost of profits": 655,
        "Profit after tax corporate income": 2198,
        "Volume": 2199697,
        "Close of Quarter": 11.4,
        "EPS": 2132.2,
        "Non-adjusted EPS": 2452,
        "PE": 4.6,
        "Book Price": 11.4
      }
    },
    {
      "quarter": "Q1 2015",
      "income status": {
        "Net sales": 36002,
        "Cost of goods sold": 33798,
        "Gross Profit": 2204,
        "Financial expenses": 329,
        "Of which: Interest expense": 329,
        "Cost of sales": "N/A",
        "Enterprise cost management": 1442,
        "Total Operating Expenses": 1771,
        "Total revenue financing activities": 35,
        "Net profit from business activities": 469,
        "Profit": 246,
        "Profit before tax": 715,
        "Present corporate income tax expenses": 157,
        "Deferred income taxes expenses": "N/A",
        "The interests of minority shareholders": "N/A",
        "Total Cost of profits": 157,
        "Profit after tax corporate income": 557,
        "Volume": 2199697,
        "Close of Quarter": 13.3,
        "EPS": 1893.1,
        "Non-adjusted EPS": 2177,
        "PE": 6.1,
        "Book Price": 11.2
      }
    },
    {
      "quarter": "Q4 2014",
      "income status": {
        "Net sales": 37860,
        "Cost of goods sold": 35212,
        "Gross Profit": 2648,
        "Financial expenses": 633,
        "Of which: Interest expense": 333,
        "Cost of sales": "N/A",
        "Enterprise cost management": 1652,
        "Total Operating Expenses": 2285,
        "Total revenue financing activities": 40,
        "Net profit from business activities": 403,
        "Profit": 315,
        "Profit before tax": 718,
        "Present corporate income tax expenses": 224,
        "Deferred income taxes expenses": "N/A",
        "The interests of minority shareholders": "N/A",
        "Total Cost of profits": 224,
        "Profit after tax corporate income": 494,
        "Volume": 2199697,
        "Close of Quarter": 12.9,
        "EPS": 1953.9,
        "Non-adjusted EPS": 2247,
        "PE": 5.8,
        "Book Price": 10.7
      }
    },
    {
      "quarter": "Q3 2014",
      "income status": {
        "Net sales": 42176,
        "Cost of goods sold": 38016,
        "Gross Profit": 4160,
        "Financial expenses": 481,
        "Of which: Interest expense": 219,
        "Cost of sales": "N/A",
        "Enterprise cost management": 1007,
        "Total Operating Expenses": 1488,
        "Total revenue financing activities": 45,
        "Net profit from business activities": 2717,
        "Profit": 33,
        "Profit before tax": 2750,
        "Present corporate income tax expenses": 605,
        "Deferred income taxes expenses": "N/A",
        "The interests of minority shareholders": "N/A",
        "Total Cost of profits": 605,
        "Profit after tax corporate income": 2145,
        "Volume": 2199697,
        "Close of Quarter": 13.8,
        "EPS": 1932.2,
        "Non-adjusted EPS": 2222,
        "PE": 6.2,
        "Book Price": 11.2
      }
    },
    {
      "quarter": "Q2 2014",
      "income status": {
        "Net sales": 34543,
        "Cost of goods sold": 30656,
        "Gross Profit": 3887,
        "Financial expenses": 247,
        "Of which: Interest expense": 366,
        "Cost of sales": "N/A",
        "Enterprise cost management": 1433,
        "Total Operating Expenses": 1680,
        "Total revenue financing activities": 48,
        "Net profit from business activities": 2255,
        "Profit": 195,
        "Profit before tax": 2450,
        "Present corporate income tax expenses": 688,
        "Deferred income taxes expenses": 51,
        "The interests of minority shareholders": 119,
        "Total Cost of profits": 858,
        "Profit after tax corporate income": 1592,
        "Volume": 2199697,
        "Close of Quarter": 6.2,
        "EPS": 1584.4,
        "Non-adjusted EPS": 1822,
        "PE": 3.4,
        "Book Price": 10.4
      }
    },
    {
      "quarter": "Q1 2014",
      "income status": {
        "Net sales": 30425,
        "Cost of goods sold": 27885,
        "Gross Profit": 2540,
        "Financial expenses": 418,
        "Of which: Interest expense": 299,
        "Cost of sales": "N/A",
        "Enterprise cost management": 1369,
        "Total Operating Expenses": 1787,
        "Total revenue financing activities": 51,
        "Net profit from business activities": 804,
        "Profit": 111,
        "Profit before tax": 915,
        "Present corporate income tax expenses": 323,
        "Deferred income taxes expenses": "N/A",
        "The interests of minority shareholders": -119,
        "Total Cost of profits": 204,
        "Profit after tax corporate income": 711,
        "Volume": 2199697,
        "Close of Quarter": 7.6,
        "EPS": 1047.8,
        "Non-adjusted EPS": 1205,
        "PE": 6.3,
        "Book Price": 10.3
      }
    },
    {
      "quarter": "Q4 2013",
      "income status": {
        "Net sales": 34299,
        "Cost of goods sold": 31337,
        "Gross Profit": 2962,
        "Financial expenses": 303,
        "Of which: Interest expense": 303,
        "Cost of sales": "N/A",
        "Enterprise cost management": 1660,
        "Total Operating Expenses": 1963,
        "Total revenue financing activities": 61,
        "Net profit from business activities": 1060,
        "Profit": -312,
        "Profit before tax": 748,
        "Present corporate income tax expenses": 308,
        "Deferred income taxes expenses": "N/A",
        "The interests of minority shareholders": "N/A",
        "Total Cost of profits": 308,
        "Profit after tax corporate income": 440,
        "Volume": 2199697,
        "Close of Quarter": 4.1,
        "EPS": 1106.1,
        "Non-adjusted EPS": 1272,
        "PE": 3.2,
        "Book Price": 10.4
      }
    },
    {
      "quarter": "Q3 2013",
      "income status": {
        "Net sales": 35107,
        "Cost of goods sold": 31128,
        "Gross Profit": 3979,
        "Financial expenses": 839,
        "Of which: Interest expense": 839,
        "Cost of sales": "N/A",
        "Enterprise cost management": 1509,
        "Total Operating Expenses": 2348,
        "Total revenue financing activities": 71,
        "Net profit from business activities": 1702,
        "Profit": -3,
        "Profit before tax": 1699,
        "Present corporate income tax expenses": 435,
        "Deferred income taxes expenses": "N/A",
        "The interests of minority shareholders": "N/A",
        "Total Cost of profits": 435,
        "Profit after tax corporate income": 1265,
        "Volume": 2199697,
        "Close of Quarter": 3.5,
        "EPS": 997.4,
        "Non-adjusted EPS": 1147,
        "PE": 3.1,
        "Book Price": 10.3
      }
    },
    {
      "quarter": "Q2 2013",
      "income status": {
        "Net sales": 30360,
        "Cost of goods sold": 27340,
        "Gross Profit": 3020,
        "Financial expenses": 266,
        "Of which: Interest expense": 266,
        "Cost of sales": "N/A",
        "Enterprise cost management": 1787,
        "Total Operating Expenses": 2053,
        "Total revenue financing activities": 74,
        "Net profit from business activities": 1042,
        "Profit": -61,
        "Profit before tax": 981,
        "Present corporate income tax expenses": 508,
        "Deferred income taxes expenses": 203,
        "The interests of minority shareholders": 34,
        "Total Cost of profits": 745,
        "Profit after tax corporate income": 235,
        "Volume": 2199697,
        "Close of Quarter": 4.7,
        "EPS": 959.1,
        "Non-adjusted EPS": 1103,
        "PE": 4.3,
        "Book Price": 9.7
      }
    },
    {
      "quarter": "Q1 2013",
      "income status": {
        "Net sales": 25988,
        "Cost of goods sold": 23527,
        "Gross Profit": 2460,
        "Financial expenses": 286,
        "Of which: Interest expense": 286,
        "Cost of sales": "N/A",
        "Enterprise cost management": 1172,
        "Total Operating Expenses": 1458,
        "Total revenue financing activities": 50,
        "Net profit from business activities": 1052,
        "Profit": 57,
        "Profit before tax": 1110,
        "Present corporate income tax expenses": 286,
        "Deferred income taxes expenses": "N/A",
        "The interests of minority shareholders": -34,
        "Total Cost of profits": 252,
        "Profit after tax corporate income": 858,
        "Volume": 2199697,
        "Close of Quarter": 4.5,
        "EPS": 1302.6,
        "Non-adjusted EPS": 1498,
        "PE": 3.0,
        "Book Price": 10.4
      }
    },
    {
      "quarter": "Q4 2012",
      "income status": {
        "Net sales": 26706,
        "Cost of goods sold": 25047,
        "Gross Profit": 1658,
        "Financial expenses": 287,
        "Of which: Interest expense": 287,
        "Cost of sales": 210,
        "Enterprise cost management": 1276,
        "Total Operating Expenses": 1773,
        "Total revenue financing activities": 203,
        "Net profit from business activities": 89,
        "Profit": 281,
        "Profit before tax": 370,
        "Present corporate income tax expenses": 204,
        "Deferred income taxes expenses": "N/A",
        "The interests of minority shareholders": "N/A",
        "Total Cost of profits": 204,
        "Profit after tax corporate income": 166,
        "Volume": 2199697,
        "Close of Quarter": 4.5,
        "EPS": 1084.4,
        "Non-adjusted EPS": 1247,
        "PE": 3.6,
        "Book Price": 10.6
      }
    },
    {
      "quarter": "Q3 2012",
      "income status": {
        "Net sales": 27971,
        "Cost of goods sold": 25219,
        "Gross Profit": 2751,
        "Financial expenses": 292,
        "Of which: Interest expense": 292,
        "Cost of sales": "N/A",
        "Enterprise cost management": 1100,
        "Total Operating Expenses": 1392,
        "Total revenue financing activities": 28,
        "Net profit from business activities": 1387,
        "Profit": 29,
        "Profit before tax": 1415,
        "Present corporate income tax expenses": 248,
        "Deferred income taxes expenses": "N/A",
        "The interests of minority shareholders": "N/A",
        "Total Cost of profits": 248,
        "Profit after tax corporate income": 1168,
        "Volume": 2199697,
        "Close of Quarter": 4.8,
        "EPS": 1240.9,
        "Non-adjusted EPS": 1427,
        "PE": 3.4,
        "Book Price": 10.5
      }
    },
    {
      "quarter": "Q2 2012",
      "income status": {
        "Net sales": 31682,
        "Cost of goods sold": 29348,
        "Gross Profit": 2334,
        "Financial expenses": 249,
        "Of which: Interest expense": 171,
        "Cost of sales": "N/A",
        "Enterprise cost management": 1079,
        "Total Operating Expenses": 1328,
        "Total revenue financing activities": 31,
        "Net profit from business activities": 1036,
        "Profit": 291,
        "Profit before tax": 1328,
        "Present corporate income tax expenses": 221,
        "Deferred income taxes expenses": 5,
        "The interests of minority shareholders": "N/A",
        "Total Cost of profits": 226,
        "Profit after tax corporate income": 1103,
        "Volume": 2199697,
        "Close of Quarter": 4.0,
        "EPS": 1132.2,
        "Non-adjusted EPS": 1302,
        "PE": 3.1,
        "Book Price": 9.7
      }
    },
    {
      "quarter": "Q1 2012",
      "income status": {
        "Net sales": 18770,
        "Cost of goods sold": 17265,
        "Gross Profit": 1505,
        "Financial expenses": 208,
        "Of which: Interest expense": 208,
        "Cost of sales": "N/A",
        "Enterprise cost management": 958,
        "Total Operating Expenses": 1166,
        "Total revenue financing activities": 31,
        "Net profit from business activities": 370,
        "Profit": 15,
        "Profit before tax": 385,
        "Present corporate income tax expenses": 120,
        "Deferred income taxes expenses": "N/A",
        "The interests of minority shareholders": -42,
        "Total Cost of profits": 78,
        "Profit after tax corporate income": 307,
        "Volume": 2199697,
        "Close of Quarter": 3.6,
        "EPS": 807.8,
        "Non-adjusted EPS": 929,
        "PE": 3.8,
        "Book Price": 10
      }
    },
    {
      "quarter": "Q4 2011",
      "income status": {
        "Net sales": 21877,
        "Cost of goods sold": 20505,
        "Gross Profit": 1372,
        "Financial expenses": 251,
        "Of which: Interest expense": 251,
        "Cost of sales": "N/A",
        "Enterprise cost management": 1037,
        "Total Operating Expenses": 1288,
        "Total revenue financing activities": 248,
        "Net profit from business activities": 333,
        "Profit": 78,
        "Profit before tax": 411,
        "Present corporate income tax expenses": -56,
        "Deferred income taxes expenses": "N/A",
        "The interests of minority shareholders": -94,
        "Total Cost of profits": -150,
        "Profit after tax corporate income": 561,
        "Volume": 2199697,
        "Close of Quarter": 2.7,
        "EPS": 808.7,
        "Non-adjusted EPS": 930,
        "PE": 2.9,
        "Book Price": 10.1
      }
    },
    {
      "quarter": "Q3 2011",
      "income status": {
        "Net sales": 24182,
        "Cost of goods sold": 21931,
        "Gross Profit": 2252,
        "Financial expenses": 305,
        "Of which: Interest expense": 305,
        "Cost of sales": "N/A",
        "Enterprise cost management": 1116,
        "Total Operating Expenses": 1421,
        "Total revenue financing activities": 264,
        "Net profit from business activities": 1095,
        "Profit": 129,
        "Profit before tax": 1224,
        "Present corporate income tax expenses": 297,
        "Deferred income taxes expenses": "N/A",
        "The interests of minority shareholders": 35,
        "Total Cost of profits": 332,
        "Profit after tax corporate income": 892,
        "Volume": 2199697,
        "Close of Quarter": 1.8,
        "EPS": 706.1,
        "Non-adjusted EPS": 812,
        "PE": 2.2,
        "Book Price": 9.9
      }
    },
    {
      "quarter": "Q2 2011",
      "income status": {
        "Net sales": 16607,
        "Cost of goods sold": 15218,
        "Gross Profit": 1389,
        "Financial expenses": 495,
        "Of which: Interest expense": 707,
        "Cost of sales": 28,
        "Enterprise cost management": 975,
        "Total Operating Expenses": 1498,
        "Total revenue financing activities": 95,
        "Net profit from business activities": -13,
        "Profit": 431,
        "Profit before tax": 418,
        "Present corporate income tax expenses": 94,
        "Deferred income taxes expenses": "N/A",
        "The interests of minority shareholders": 40,
        "Total Cost of profits": 134,
        "Profit after tax corporate income": 283,
        "Volume": 1605095,
        "Close of Quarter": 2.7,
        "EPS": 635.2,
        "Non-adjusted EPS": 1001,
        "PE": 2.7,
        "Book Price": 9.9
      }
    },
    {
      "quarter": "Q1 2011",
      "income status": {
        "Net sales": 12301,
        "Cost of goods sold": 10543,
        "Gross Profit": 1759,
        "Financial expenses": 459,
        "Of which: Interest expense": 403,
        "Cost of sales": 266,
        "Enterprise cost management": 877,
        "Total Operating Expenses": 1602,
        "Total revenue financing activities": 116,
        "Net profit from business activities": 273,
        "Profit": 14,
        "Profit before tax": 288,
        "Present corporate income tax expenses": 103,
        "Deferred income taxes expenses": "N/A",
        "The interests of minority shareholders": -125,
        "Total Cost of profits": -22,
        "Profit after tax corporate income": 310,
        "Volume": 1605095,
        "Close of Quarter": 4.8,
        "EPS": 825.5,
        "Non-adjusted EPS": 1301,
        "PE": 3.7,
        "Book Price": 8.3
      }
    }
  ]
}