{
  "ticker": "LBM",
  "data": [
    {
      "quarter": "Q4 2016",
      "income status": {
        "Net sales": 85661,
        "Cost of goods sold": 60572,
        "Gross Profit": 25089,
        "Financial expenses": "N/A",
        "Of which: Interest expense": "N/A",
        "Cost of sales": 3108,
        "Enterprise cost management": 11280,
        "Total Operating Expenses": 14388,
        "Total revenue financing activities": 387,
        "Net profit from business activities": 11088,
        "Profit": -18,
        "Profit before tax": 11070,
        "Present corporate income tax expenses": 66,
        "Deferred income taxes expenses": 2153,
        "The interests of minority shareholders": 863,
        "Total Cost of profits": 3082,
        "Profit after tax corporate income": 7988,
        "Volume": 8157500,
        "Close of Quarter": 34.3,
        "EPS": 5512,
        "Non-adjusted EPS": 5512,
        "PE": 6.2,
        "Book Price": 23.2
      }
    },
    {
      "quarter": "Q3 2016",
      "income status": {
        "Net sales": 79170,
        "Cost of goods sold": 51173,
        "Gross Profit": 27997,
        "Financial expenses": 46,
        "Of which: Interest expense": 179,
        "Cost of sales": 3119,
        "Enterprise cost management": 6879,
        "Total Operating Expenses": 10044,
        "Total revenue financing activities": 53,
        "Net profit from business activities": 18006,
        "Profit": -272,
        "Profit before tax": 17734,
        "Present corporate income tax expenses": 3610,
        "Deferred income taxes expenses": 11,
        "The interests of minority shareholders": 1944,
        "Total Cost of profits": 5565,
        "Profit after tax corporate income": 12169,
        "Volume": 8157500,
        "Close of Quarter": 50.6,
        "EPS": 5281,
        "Non-adjusted EPS": 5281,
        "PE": 9.6,
        "Book Price": 23.6
      }
    },
    {
      "quarter": "Q2 2016",
      "income status": {
        "Net sales": 99237,
        "Cost of goods sold": 65100,
        "Gross Profit": 34137,
        "Financial expenses": 141,
        "Of which: Interest expense": 141,
        "Cost of sales": 3575,
        "Enterprise cost management": 6068,
        "Total Operating Expenses": 9784,
        "Total revenue financing activities": 509,
        "Net profit from business activities": 24863,
        "Profit": 369,
        "Profit before tax": 25232,
        "Present corporate income tax expenses": 7225,
        "Deferred income taxes expenses": -2287,
        "The interests of minority shareholders": 2136,
        "Total Cost of profits": 7074,
        "Profit after tax corporate income": 18158,
        "Volume": 8157500,
        "Close of Quarter": 32.0,
        "EPS": 5043,
        "Non-adjusted EPS": 5043,
        "PE": 6.4,
        "Book Price": 21.9
      }
    },
    {
      "quarter": "Q1 2016",
      "income status": {
        "Net sales": 63304,
        "Cost of goods sold": 43475,
        "Gross Profit": 19830,
        "Financial expenses": 13,
        "Of which: Interest expense": "N/A",
        "Cost of sales": 2929,
        "Enterprise cost management": 7158,
        "Total Operating Expenses": 10100,
        "Total revenue financing activities": 164,
        "Net profit from business activities": 9893,
        "Profit": -6,
        "Profit before tax": 9888,
        "Present corporate income tax expenses": 9,
        "Deferred income taxes expenses": 2086,
        "The interests of minority shareholders": 1143,
        "Total Cost of profits": 3238,
        "Profit after tax corporate income": 6650,
        "Volume": 8157500,
        "Close of Quarter": 21.8,
        "EPS": 4064,
        "Non-adjusted EPS": 4064,
        "PE": 5.4,
        "Book Price": 19.6
      }
    },
    {
      "quarter": "Q4 2015",
      "income status": {
        "Net sales": 71423,
        "Cost of goods sold": 53622,
        "Gross Profit": 17800,
        "Financial expenses": 12,
        "Of which: Interest expense": "N/A",
        "Cost of sales": 2733,
        "Enterprise cost management": 7223,
        "Total Operating Expenses": 9968,
        "Total revenue financing activities": 99,
        "Net profit from business activities": 7930,
        "Profit": 210,
        "Profit before tax": 8141,
        "Present corporate income tax expenses": 113,
        "Deferred income taxes expenses": 1758,
        "The interests of minority shareholders": 167,
        "Total Cost of profits": 2038,
        "Profit after tax corporate income": 6103,
        "Volume": 8157500,
        "Close of Quarter": 22.4,
        "EPS": 3677,
        "Non-adjusted EPS": 3677,
        "PE": 6.1,
        "Book Price": 18.6
      }
    },
    {
      "quarter": "Q3 2015",
      "income status": {
        "Net sales": 83465,
        "Cost of goods sold": 59038,
        "Gross Profit": 24427,
        "Financial expenses": 12,
        "Of which: Interest expense": 12,
        "Cost of sales": 2968,
        "Enterprise cost management": 7432,
        "Total Operating Expenses": 10412,
        "Total revenue financing activities": 243,
        "Net profit from business activities": 14258,
        "Profit": 96,
        "Profit before tax": 14354,
        "Present corporate income tax expenses": 2841,
        "Deferred income taxes expenses": 75,
        "The interests of minority shareholders": 1212,
        "Total Cost of profits": 4128,
        "Profit after tax corporate income": 10225,
        "Volume": 8157500,
        "Close of Quarter": 15.4,
        "EPS": 3603,
        "Non-adjusted EPS": 3603,
        "PE": 4.3,
        "Book Price": 19.4
      }
    },
    {
      "quarter": "Q2 2015",
      "income status": {
        "Net sales": 91514,
        "Cost of goods sold": 65914,
        "Gross Profit": 25600,
        "Financial expenses": 20,
        "Of which: Interest expense": 19,
        "Cost of sales": 2891,
        "Enterprise cost management": 8834,
        "Total Operating Expenses": 11745,
        "Total revenue financing activities": 217,
        "Net profit from business activities": 14072,
        "Profit": 270,
        "Profit before tax": 14342,
        "Present corporate income tax expenses": 3142,
        "Deferred income taxes expenses": 1,
        "The interests of minority shareholders": 1023,
        "Total Cost of profits": 4166,
        "Profit after tax corporate income": 10175,
        "Volume": 8157500,
        "Close of Quarter": 13.4,
        "EPS": 2699,
        "Non-adjusted EPS": 2699,
        "PE": 5.0,
        "Book Price": 18.1
      }
    },
    {
      "quarter": "Q1 2015",
      "income status": {
        "Net sales": 49692,
        "Cost of goods sold": 37574,
        "Gross Profit": 12117,
        "Financial expenses": 19,
        "Of which: Interest expense": "N/A",
        "Cost of sales": 1875,
        "Enterprise cost management": 5632,
        "Total Operating Expenses": 7526,
        "Total revenue financing activities": 347,
        "Net profit from business activities": 4938,
        "Profit": -66,
        "Profit before tax": 4872,
        "Present corporate income tax expenses": 1123,
        "Deferred income taxes expenses": -3,
        "The interests of minority shareholders": 255,
        "Total Cost of profits": 1375,
        "Profit after tax corporate income": 3496,
        "Volume": 8157500,
        "Close of Quarter": 12.4,
        "EPS": 1625,
        "Non-adjusted EPS": 1625,
        "PE": 7.7,
        "Book Price": 16.7
      }
    },
    {
      "quarter": "Q4 2014",
      "income status": {
        "Net sales": 64135,
        "Cost of goods sold": 47605,
        "Gross Profit": 16531,
        "Financial expenses": 19,
        "Of which: Interest expense": "N/A",
        "Cost of sales": 2772,
        "Enterprise cost management": 6628,
        "Total Operating Expenses": 9419,
        "Total revenue financing activities": 454,
        "Net profit from business activities": 7565,
        "Profit": -210,
        "Profit before tax": 7355,
        "Present corporate income tax expenses": -126,
        "Deferred income taxes expenses": 1804,
        "The interests of minority shareholders": 181,
        "Total Cost of profits": 1859,
        "Profit after tax corporate income": 5496,
        "Volume": 8157500,
        "Close of Quarter": 10.8,
        "EPS": 1286,
        "Non-adjusted EPS": 1286,
        "PE": 8.4,
        "Book Price": 17.3
      }
    },
    {
      "quarter": "Q3 2014",
      "income status": {
        "Net sales": 46187,
        "Cost of goods sold": 35709,
        "Gross Profit": 10478,
        "Financial expenses": 22,
        "Of which: Interest expense": "N/A",
        "Cost of sales": 2131,
        "Enterprise cost management": 4299,
        "Total Operating Expenses": 6452,
        "Total revenue financing activities": 284,
        "Net profit from business activities": 4310,
        "Profit": -215,
        "Profit before tax": 4096,
        "Present corporate income tax expenses": 935,
        "Deferred income taxes expenses": 49,
        "The interests of minority shareholders": 264,
        "Total Cost of profits": 1248,
        "Profit after tax corporate income": 2848,
        "Volume": 8157500,
        "Close of Quarter": 11.4,
        "EPS": 774,
        "Non-adjusted EPS": 774,
        "PE": 14.8,
        "Book Price": 16.7
      }
    },
    {
      "quarter": "Q2 2014",
      "income status": {
        "Net sales": 54705,
        "Cost of goods sold": 44961,
        "Gross Profit": 9743,
        "Financial expenses": 5,
        "Of which: Interest expense": "N/A",
        "Cost of sales": 2232,
        "Enterprise cost management": 5494,
        "Total Operating Expenses": 7731,
        "Total revenue financing activities": 168,
        "Net profit from business activities": 2180,
        "Profit": -23,
        "Profit before tax": 2157,
        "Present corporate income tax expenses": 392,
        "Deferred income taxes expenses": 33,
        "The interests of minority shareholders": 314,
        "Total Cost of profits": 739,
        "Profit after tax corporate income": 1418,
        "Volume": 8157500,
        "Close of Quarter": 11.6,
        "EPS": 924,
        "Non-adjusted EPS": 924,
        "PE": 12.5,
        "Book Price": 16.3
      }
    },
    {
      "quarter": "Q1 2014",
      "income status": {
        "Net sales": 41703,
        "Cost of goods sold": 34013,
        "Gross Profit": 7690,
        "Financial expenses": "N/A",
        "Of which: Interest expense": "N/A",
        "Cost of sales": 2180,
        "Enterprise cost management": 4318,
        "Total Operating Expenses": 6498,
        "Total revenue financing activities": 338,
        "Net profit from business activities": 1530,
        "Profit": 34,
        "Profit before tax": 1565,
        "Present corporate income tax expenses": 355,
        "Deferred income taxes expenses": 41,
        "The interests of minority shareholders": 442,
        "Total Cost of profits": 838,
        "Profit after tax corporate income": 726,
        "Volume": 8157500,
        "Close of Quarter": 12.2,
        "EPS": 1732,
        "Non-adjusted EPS": 1732,
        "PE": 7.0,
        "Book Price": 16.2
      }
    },
    {
      "quarter": "Q4 2013",
      "income status": {
        "Net sales": 56151,
        "Cost of goods sold": 47184,
        "Gross Profit": 8967,
        "Financial expenses": 32,
        "Of which: Interest expense": "N/A",
        "Cost of sales": 2859,
        "Enterprise cost management": 5408,
        "Total Operating Expenses": 8299,
        "Total revenue financing activities": 288,
        "Net profit from business activities": 956,
        "Profit": 713,
        "Profit before tax": 1669,
        "Present corporate income tax expenses": 376,
        "Deferred income taxes expenses": 44,
        "The interests of minority shareholders": -71,
        "Total Cost of profits": 349,
        "Profit after tax corporate income": 1320,
        "Volume": 8157500,
        "Close of Quarter": 11.2,
        "EPS": 2192,
        "Non-adjusted EPS": 2192,
        "PE": 5.1,
        "Book Price": 16.1
      }
    },
    {
      "quarter": "Q3 2013",
      "income status": {
        "Net sales": 48901,
        "Cost of goods sold": 37727,
        "Gross Profit": 11174,
        "Financial expenses": "N/A",
        "Of which: Interest expense": "N/A",
        "Cost of sales": 1796,
        "Enterprise cost management": 4321,
        "Total Operating Expenses": 6117,
        "Total revenue financing activities": 395,
        "Net profit from business activities": 5451,
        "Profit": 469,
        "Profit before tax": 5920,
        "Present corporate income tax expenses": 1427,
        "Deferred income taxes expenses": 64,
        "The interests of minority shareholders": 357,
        "Total Cost of profits": 1848,
        "Profit after tax corporate income": 4072,
        "Volume": 8157500,
        "Close of Quarter": 10.8,
        "EPS": 2495,
        "Non-adjusted EPS": 2495,
        "PE": 4.3,
        "Book Price": 16.4
      }
    },
    {
      "quarter": "Q2 2013",
      "income status": {
        "Net sales": 66622,
        "Cost of goods sold": 45472,
        "Gross Profit": 21149,
        "Financial expenses": 3,
        "Of which: Interest expense": "N/A",
        "Cost of sales": 2535,
        "Enterprise cost management": 6372,
        "Total Operating Expenses": 8910,
        "Total revenue financing activities": 324,
        "Net profit from business activities": 12562,
        "Profit": -1085,
        "Profit before tax": 11477,
        "Present corporate income tax expenses": 4365,
        "Deferred income taxes expenses": -1514,
        "The interests of minority shareholders": 616,
        "Total Cost of profits": 3467,
        "Profit after tax corporate income": 8010,
        "Volume": 8157500,
        "Close of Quarter": 9.2,
        "EPS": 2690,
        "Non-adjusted EPS": 2690,
        "PE": 3.4,
        "Book Price": 15.9
      }
    },
    {
      "quarter": "Q1 2013",
      "income status": {
        "Net sales": 46542,
        "Cost of goods sold": 33218,
        "Gross Profit": 13324,
        "Financial expenses": 4,
        "Of which: Interest expense": 3,
        "Cost of sales": 2159,
        "Enterprise cost management": 5077,
        "Total Operating Expenses": 7240,
        "Total revenue financing activities": 375,
        "Net profit from business activities": 6459,
        "Profit": -59,
        "Profit before tax": 6400,
        "Present corporate income tax expenses": -42,
        "Deferred income taxes expenses": 1522,
        "The interests of minority shareholders": 437,
        "Total Cost of profits": 1917,
        "Profit after tax corporate income": 4483,
        "Volume": 8157500,
        "Close of Quarter": 7.7,
        "EPS": 1838,
        "Non-adjusted EPS": 1838,
        "PE": 4.2,
        "Book Price": 15.5
      }
    },
    {
      "quarter": "Q4 2012",
      "income status": {
        "Net sales": 56139,
        "Cost of goods sold": 39986,
        "Gross Profit": 16153,
        "Financial expenses": 212,
        "Of which: Interest expense": 206,
        "Cost of sales": 2551,
        "Enterprise cost management": 7767,
        "Total Operating Expenses": 10530,
        "Total revenue financing activities": 639,
        "Net profit from business activities": 6262,
        "Profit": -1393,
        "Profit before tax": 4869,
        "Present corporate income tax expenses": 10,
        "Deferred income taxes expenses": 885,
        "The interests of minority shareholders": 189,
        "Total Cost of profits": 1084,
        "Profit after tax corporate income": 3784,
        "Volume": 8157500,
        "Close of Quarter": 7.0,
        "EPS": 1577,
        "Non-adjusted EPS": 1577,
        "PE": 4.4,
        "Book Price": 14.9
      }
    },
    {
      "quarter": "Q3 2012",
      "income status": {
        "Net sales": 46626,
        "Cost of goods sold": 32622,
        "Gross Profit": 14004,
        "Financial expenses": 33,
        "Of which: Interest expense": "N/A",
        "Cost of sales": 1783,
        "Enterprise cost management": 4744,
        "Total Operating Expenses": 6560,
        "Total revenue financing activities": 335,
        "Net profit from business activities": 7780,
        "Profit": 135,
        "Profit before tax": 7914,
        "Present corporate income tax expenses": 1731,
        "Deferred income taxes expenses": 27,
        "The interests of minority shareholders": 488,
        "Total Cost of profits": 2246,
        "Profit after tax corporate income": 5668,
        "Volume": 8157500,
        "Close of Quarter": 6.1,
        "EPS": 1091,
        "Non-adjusted EPS": 1091,
        "PE": 5.6,
        "Book Price": 15.1
      }
    },
    {
      "quarter": "Q2 2012",
      "income status": {
        "Net sales": 54702,
        "Cost of goods sold": 45617,
        "Gross Profit": 9085,
        "Financial expenses": 396,
        "Of which: Interest expense": 92,
        "Cost of sales": -893,
        "Enterprise cost management": 9561,
        "Total Operating Expenses": 9064,
        "Total revenue financing activities": 613,
        "Net profit from business activities": 634,
        "Profit": 873,
        "Profit before tax": 1459,
        "Present corporate income tax expenses": 197,
        "Deferred income taxes expenses": -131,
        "The interests of minority shareholders": 336,
        "Total Cost of profits": 402,
        "Profit after tax corporate income": 1057,
        "Volume": 8157500,
        "Close of Quarter": 6.0,
        "EPS": 977,
        "Non-adjusted EPS": 977,
        "PE": 6.1,
        "Book Price": 14.5
      }
    },
    {
      "quarter": "Q1 2012",
      "income status": {
        "Net sales": 44770,
        "Cost of goods sold": 31349,
        "Gross Profit": 13422,
        "Financial expenses": 1449,
        "Of which: Interest expense": 1403,
        "Cost of sales": 4407,
        "Enterprise cost management": 4796,
        "Total Operating Expenses": 10652,
        "Total revenue financing activities": 711,
        "Net profit from business activities": 3481,
        "Profit": 336,
        "Profit before tax": 3865,
        "Present corporate income tax expenses": 979,
        "Deferred income taxes expenses": -17,
        "The interests of minority shareholders": 550,
        "Total Cost of profits": 1512,
        "Profit after tax corporate income": 2352,
        "Volume": 8157500,
        "Close of Quarter": 5.0,
        "EPS": 1540,
        "Non-adjusted EPS": 1540,
        "PE": 3.3,
        "Book Price": 15.7
      }
    },
    {
      "quarter": "Q4 2011",
      "income status": {
        "Net sales": 54638,
        "Cost of goods sold": 38050,
        "Gross Profit": 16588,
        "Financial expenses": 1655,
        "Of which: Interest expense": 1684,
        "Cost of sales": 6514,
        "Enterprise cost management": 9137,
        "Total Operating Expenses": 17306,
        "Total revenue financing activities": 1412,
        "Net profit from business activities": 692,
        "Profit": -160,
        "Profit before tax": 19738,
        "Present corporate income tax expenses": 749,
        "Deferred income taxes expenses": -190,
        "The interests of minority shareholders": 187,
        "Total Cost of profits": 746,
        "Profit after tax corporate income": -178,
        "Volume": 8157500,
        "Close of Quarter": 4.0,
        "EPS": 1582,
        "Non-adjusted EPS": 1582,
        "PE": 2.5,
        "Book Price": 15.3
      }
    },
    {
      "quarter": "Q3 2011",
      "income status": {
        "Net sales": 53858,
        "Cost of goods sold": 36437,
        "Gross Profit": 17421,
        "Financial expenses": 1759,
        "Of which: Interest expense": 1911,
        "Cost of sales": 5586,
        "Enterprise cost management": 4297,
        "Total Operating Expenses": 11642,
        "Total revenue financing activities": 1115,
        "Net profit from business activities": 6894,
        "Profit": 45,
        "Profit before tax": 19170,
        "Present corporate income tax expenses": 1579,
        "Deferred income taxes expenses": 8,
        "The interests of minority shareholders": 631,
        "Total Cost of profits": 2218,
        "Profit after tax corporate income": 4737,
        "Volume": 8157500,
        "Close of Quarter": 4.1,
        "EPS": 1849,
        "Non-adjusted EPS": 1849,
        "PE": 2.2,
        "Book Price": 15.2
      }
    },
    {
      "quarter": "Q2 2011",
      "income status": {
        "Net sales": 58178,
        "Cost of goods sold": 38781,
        "Gross Profit": 19397,
        "Financial expenses": 1796,
        "Of which: Interest expense": 1846,
        "Cost of sales": 6807,
        "Enterprise cost management": 4544,
        "Total Operating Expenses": 13147,
        "Total revenue financing activities": 1787,
        "Net profit from business activities": 8037,
        "Profit": 159,
        "Profit before tax": 8195,
        "Present corporate income tax expenses": 1874,
        "Deferred income taxes expenses": -8,
        "The interests of minority shareholders": 680,
        "Total Cost of profits": 2546,
        "Profit after tax corporate income": 5649,
        "Volume": 8157500,
        "Close of Quarter": 4.2,
        "EPS": 1627,
        "Non-adjusted EPS": 1627,
        "PE": 2.6,
        "Book Price": 14.6
      }
    },
    {
      "quarter": "Q1 2011",
      "income status": {
        "Net sales": 46620,
        "Cost of goods sold": 33027,
        "Gross Profit": 13593,
        "Financial expenses": 1767,
        "Of which: Interest expense": 1822,
        "Cost of sales": 4747,
        "Enterprise cost management": 3988,
        "Total Operating Expenses": 10502,
        "Total revenue financing activities": 769,
        "Net profit from business activities": 3860,
        "Profit": 195,
        "Profit before tax": 4020,
        "Present corporate income tax expenses": 761,
        "Deferred income taxes expenses": 180,
        "The interests of minority shareholders": 384,
        "Total Cost of profits": 1325,
        "Profit after tax corporate income": 2695,
        "Volume": 8157500,
        "Close of Quarter": 5.0,
        "EPS": 1589,
        "Non-adjusted EPS": 1589,
        "PE": 3.1,
        "Book Price": 15.4
      }
    }
  ]
}