{
  "ticker": "SMB",
  "data": [
    {
      "quarter": "Q3 2016",
      "income status": {
        "Net sales": 242777,
        "Cost of goods sold": 187065,
        "Gross Profit": 55712,
        "Financial expenses": 588,
        "Of which: Interest expense": 570,
        "Cost of sales": 10069,
        "Enterprise cost management": 13125,
        "Total Operating Expenses": 23782,
        "Total revenue financing activities": 25,
        "Net profit from business activities": 31955,
        "Profit": 6774,
        "Profit before tax": 38729,
        "Present corporate income tax expenses": 7746,
        "Deferred income taxes expenses": "N/A",
        "The interests of minority shareholders": "N/A",
        "Total Cost of profits": 7746,
        "Profit after tax corporate income": 30983,
        "Volume": 29846648,
        "Close of Quarter": 28.0,
        "EPS": 3012,
        "Non-adjusted EPS": 3012,
        "PE": 9.3,
        "Book Price": 13.9
      }
    },
    {
      "quarter": "Q2 2016",
      "income status": {
        "Net sales": 245296,
        "Cost of goods sold": 190202,
        "Gross Profit": 55094,
        "Financial expenses": 2272,
        "Of which: Interest expense": 2256,
        "Cost of sales": 9563,
        "Enterprise cost management": 20169,
        "Total Operating Expenses": 32004,
        "Total revenue financing activities": 300,
        "Net profit from business activities": 23390,
        "Profit": 5768,
        "Profit before tax": 29158,
        "Present corporate income tax expenses": 5837,
        "Deferred income taxes expenses": "N/A",
        "The interests of minority shareholders": "N/A",
        "Total Cost of profits": 5837,
        "Profit after tax corporate income": 23321,
        "Volume": 29846648,
        "Close of Quarter": 19.4,
        "EPS": 2969,
        "Non-adjusted EPS": 2969,
        "PE": 6.5,
        "Book Price": 12.8
      }
    },
    {
      "quarter": "Q1 2016",
      "income status": {
        "Net sales": 184130,
        "Cost of goods sold": 141885,
        "Gross Profit": 42245,
        "Financial expenses": 2256,
        "Of which: Interest expense": 2194,
        "Cost of sales": 5493,
        "Enterprise cost management": 15721,
        "Total Operating Expenses": 23470,
        "Total revenue financing activities": 38,
        "Net profit from business activities": 18813,
        "Profit": 4060,
        "Profit before tax": 22874,
        "Present corporate income tax expenses": 4575,
        "Deferred income taxes expenses": "N/A",
        "The interests of minority shareholders": "N/A",
        "Total Cost of profits": 4575,
        "Profit after tax corporate income": 18299,
        "Volume": 29846648,
        "Close of Quarter": 16.6,
        "EPS": 2914,
        "Non-adjusted EPS": 2914,
        "PE": 5.7,
        "Book Price": 14.1
      }
    },
    {
      "quarter": "Q4 2015",
      "income status": {
        "Net sales": 194402,
        "Cost of goods sold": 144388,
        "Gross Profit": 50014,
        "Financial expenses": 2497,
        "Of which: Interest expense": 2407,
        "Cost of sales": 4201,
        "Enterprise cost management": 12387,
        "Total Operating Expenses": 19085,
        "Total revenue financing activities": 15,
        "Net profit from business activities": 30944,
        "Profit": -8551,
        "Profit before tax": 22393,
        "Present corporate income tax expenses": 7906,
        "Deferred income taxes expenses": -2811,
        "The interests of minority shareholders": "N/A",
        "Total Cost of profits": 5095,
        "Profit after tax corporate income": 17298,
        "Volume": 29846648,
        "Close of Quarter": 16.2,
        "EPS": 2672,
        "Non-adjusted EPS": 2672,
        "PE": 6.1,
        "Book Price": 13.7
      }
    },
    {
      "quarter": "Q3 2015",
      "income status": {
        "Net sales": 206716,
        "Cost of goods sold": 153639,
        "Gross Profit": 53077,
        "Financial expenses": 2914,
        "Of which: Interest expense": 2812,
        "Cost of sales": 6007,
        "Enterprise cost management": 9677,
        "Total Operating Expenses": 18598,
        "Total revenue financing activities": 14,
        "Net profit from business activities": 34493,
        "Profit": 4030,
        "Profit before tax": 38524,
        "Present corporate income tax expenses": 8829,
        "Deferred income taxes expenses": "N/A",
        "The interests of minority shareholders": "N/A",
        "Total Cost of profits": 8829,
        "Profit after tax corporate income": 29695,
        "Volume": 29846648,
        "Close of Quarter": 13.6,
        "EPS": 2549,
        "Non-adjusted EPS": 2549,
        "PE": 5.4,
        "Book Price": 13.1
      }
    },
    {
      "quarter": "Q2 2015",
      "income status": {
        "Net sales": 205494,
        "Cost of goods sold": 154844,
        "Gross Profit": 50650,
        "Financial expenses": 3556,
        "Of which: Interest expense": 3508,
        "Cost of sales": 7914,
        "Enterprise cost management": 12880,
        "Total Operating Expenses": 24350,
        "Total revenue financing activities": 138,
        "Net profit from business activities": 26439,
        "Profit": 4586,
        "Profit before tax": 31025,
        "Present corporate income tax expenses": 9345,
        "Deferred income taxes expenses": "N/A",
        "The interests of minority shareholders": "N/A",
        "Total Cost of profits": 9345,
        "Profit after tax corporate income": 21680,
        "Volume": 29846648,
        "Close of Quarter": 15.8,
        "EPS": 2351,
        "Non-adjusted EPS": 2351,
        "PE": 6.7,
        "Book Price": 12.1
      }
    },
    {
      "quarter": "Q1 2015",
      "income status": {
        "Net sales": 150536,
        "Cost of goods sold": 120477,
        "Gross Profit": 30060,
        "Financial expenses": 4222,
        "Of which: Interest expense": 3950,
        "Cost of sales": 4725,
        "Enterprise cost management": 12634,
        "Total Operating Expenses": 21581,
        "Total revenue financing activities": 21,
        "Net profit from business activities": 8501,
        "Profit": 2589,
        "Profit before tax": 11089,
        "Present corporate income tax expenses": "N/A",
        "Deferred income taxes expenses": "N/A",
        "The interests of minority shareholders": "N/A",
        "Total Cost of profits": 0,
        "Profit after tax corporate income": 11089,
        "Volume": 29846648,
        "Close of Quarter": 14.1,
        "EPS": 2291,
        "Non-adjusted EPS": 2291,
        "PE": 6.2,
        "Book Price": 13.1
      }
    },
    {
      "quarter": "Q4 2014",
      "income status": {
        "Net sales": 180656,
        "Cost of goods sold": 135526,
        "Gross Profit": 45130,
        "Financial expenses": 4415,
        "Of which: Interest expense": 4223,
        "Cost of sales": 4811,
        "Enterprise cost management": 11266,
        "Total Operating Expenses": 20492,
        "Total revenue financing activities": 53,
        "Net profit from business activities": 24691,
        "Profit": 1024,
        "Profit before tax": 25714,
        "Present corporate income tax expenses": 13378,
        "Deferred income taxes expenses": -1276,
        "The interests of minority shareholders": "N/A",
        "Total Cost of profits": 12102,
        "Profit after tax corporate income": 13612,
        "Volume": 29846648,
        "Close of Quarter": 12.4,
        "EPS": 2042,
        "Non-adjusted EPS": 2042,
        "PE": 6.1,
        "Book Price": 13
      }
    },
    {
      "quarter": "Q3 2014",
      "income status": {
        "Net sales": 224608,
        "Cost of goods sold": 171531,
        "Gross Profit": 53077,
        "Financial expenses": 5876,
        "Of which: Interest expense": 5788,
        "Cost of sales": 9583,
        "Enterprise cost management": 17271,
        "Total Operating Expenses": 32730,
        "Total revenue financing activities": 33,
        "Net profit from business activities": 20381,
        "Profit": 3421,
        "Profit before tax": 23801,
        "Present corporate income tax expenses": "N/A",
        "Deferred income taxes expenses": "N/A",
        "The interests of minority shareholders": "N/A",
        "Total Cost of profits": 0,
        "Profit after tax corporate income": 23801,
        "Volume": 29846648,
        "Close of Quarter": 12.9,
        "EPS": 2115,
        "Non-adjusted EPS": 2115,
        "PE": 6.1,
        "Book Price": 12.5
      }
    },
    {
      "quarter": "Q2 2014",
      "income status": {
        "Net sales": 296552,
        "Cost of goods sold": 236206,
        "Gross Profit": 60346,
        "Financial expenses": 11837,
        "Of which: Interest expense": 11379,
        "Cost of sales": 11790,
        "Enterprise cost management": 15167,
        "Total Operating Expenses": 38794,
        "Total revenue financing activities": 176,
        "Net profit from business activities": 21727,
        "Profit": 4891,
        "Profit before tax": 26618,
        "Present corporate income tax expenses": 6741,
        "Deferred income taxes expenses": "N/A",
        "The interests of minority shareholders": "N/A",
        "Total Cost of profits": 6741,
        "Profit after tax corporate income": 19877,
        "Volume": 29846648,
        "Close of Quarter": 11.0,
        "EPS": 1392,
        "Non-adjusted EPS": 1392,
        "PE": 7.9,
        "Book Price": 11.7
      }
    },
    {
      "quarter": "Q1 2014",
      "income status": {
        "Net sales": 60263,
        "Cost of goods sold": 49701,
        "Gross Profit": 10562,
        "Financial expenses": 2618,
        "Of which: Interest expense": 2585,
        "Cost of sales": 2075,
        "Enterprise cost management": 3220,
        "Total Operating Expenses": 7913,
        "Total revenue financing activities": 6,
        "Net profit from business activities": 2654,
        "Profit": 1012,
        "Profit before tax": 3666,
        "Present corporate income tax expenses": "N/A",
        "Deferred income taxes expenses": "N/A",
        "The interests of minority shareholders": "N/A",
        "Total Cost of profits": 0,
        "Profit after tax corporate income": 3666,
        "Volume": 29846648,
        "Close of Quarter": 10.8,
        "EPS": 726,
        "Non-adjusted EPS": 726,
        "PE": 14.9,
        "Book Price": 12.4
      }
    },
    {
      "quarter": "Q4 2013",
      "income status": {
        "Net sales": 326314,
        "Cost of goods sold": 256034,
        "Gross Profit": 70280,
        "Financial expenses": 16722,
        "Of which: Interest expense": 16798,
        "Cost of sales": 21318,
        "Enterprise cost management": 18207,
        "Total Operating Expenses": 56247,
        "Total revenue financing activities": 511,
        "Net profit from business activities": 14543,
        "Profit": 4265,
        "Profit before tax": 18808,
        "Present corporate income tax expenses": 3038,
        "Deferred income taxes expenses": "N/A",
        "The interests of minority shareholders": "N/A",
        "Total Cost of profits": 3038,
        "Profit after tax corporate income": 15771,
        "Volume": 29846648,
        "Close of Quarter": 8.7,
        "EPS": 603,
        "Non-adjusted EPS": 603,
        "PE": 14.4,
        "Book Price": 12.2
      }
    },
    {
      "quarter": "Q3 2013",
      "income status": {
        "Net sales": 58725,
        "Cost of goods sold": 46555,
        "Gross Profit": 12170,
        "Financial expenses": 3298,
        "Of which: Interest expense": 3284,
        "Cost of sales": 5897,
        "Enterprise cost management": 2010,
        "Total Operating Expenses": 11205,
        "Total revenue financing activities": 39,
        "Net profit from business activities": 1004,
        "Profit": 1215,
        "Profit before tax": 2219,
        "Present corporate income tax expenses": "N/A",
        "Deferred income taxes expenses": "N/A",
        "The interests of minority shareholders": "N/A",
        "Total Cost of profits": 0,
        "Profit after tax corporate income": 2219,
        "Volume": 29846648,
        "Close of Quarter": 7.9,
        "EPS": 74,
        "Non-adjusted EPS": 74,
        "PE": 107.3,
        "Book Price": 11.8
      }
    }
  ]
}