{
  "ticker": "CCI",
  "data": [
    {
      "quarter": "Q4 2016",
      "income status": {
        "Net sales": 79063,
        "Cost of goods sold": 68282,
        "Gross Profit": 10781,
        "Financial expenses": 257,
        "Of which: Interest expense": "N/A",
        "Cost of sales": 3973,
        "Enterprise cost management": 1998,
        "Total Operating Expenses": 6228,
        "Total revenue financing activities": 4447,
        "Net profit from business activities": 9000,
        "Profit": -2,
        "Profit before tax": 8998,
        "Present corporate income tax expenses": 1919,
        "Deferred income taxes expenses": "N/A",
        "The interests of minority shareholders": "N/A",
        "Total Cost of profits": 1919,
        "Profit after tax corporate income": 7079,
        "Volume": 17541105,
        "Close of Quarter": 11.3,
        "EPS": 1506,
        "Non-adjusted EPS": 1506,
        "PE": 7.5,
        "Book Price": 15
      }
    },
    {
      "quarter": "Q3 2016",
      "income status": {
        "Net sales": 74440,
        "Cost of goods sold": 63995,
        "Gross Profit": 10445,
        "Financial expenses": 120,
        "Of which: Interest expense": "N/A",
        "Cost of sales": 3408,
        "Enterprise cost management": 1656,
        "Total Operating Expenses": 5184,
        "Total revenue financing activities": 3035,
        "Net profit from business activities": 8297,
        "Profit": "N/A",
        "Profit before tax": 8297,
        "Present corporate income tax expenses": 1681,
        "Deferred income taxes expenses": "N/A",
        "The interests of minority shareholders": "N/A",
        "Total Cost of profits": 1681,
        "Profit after tax corporate income": 6616,
        "Volume": 17541105,
        "Close of Quarter": 10.7,
        "EPS": 1382,
        "Non-adjusted EPS": 1382,
        "PE": 7.7,
        "Book Price": 14.6
      }
    },
    {
      "quarter": "Q2 2016",
      "income status": {
        "Net sales": 70084,
        "Cost of goods sold": 59644,
        "Gross Profit": 10440,
        "Financial expenses": 121,
        "Of which: Interest expense": 1,
        "Cost of sales": 3464,
        "Enterprise cost management": 1326,
        "Total Operating Expenses": 4911,
        "Total revenue financing activities": 4503,
        "Net profit from business activities": 10032,
        "Profit": 15,
        "Profit before tax": 10047,
        "Present corporate income tax expenses": 1921,
        "Deferred income taxes expenses": -2,
        "The interests of minority shareholders": "N/A",
        "Total Cost of profits": 1919,
        "Profit after tax corporate income": 8129,
        "Volume": 17541105,
        "Close of Quarter": 9.9,
        "EPS": 1312,
        "Non-adjusted EPS": 1312,
        "PE": 7.5,
        "Book Price": 14.2
      }
    },
    {
      "quarter": "Q1 2016",
      "income status": {
        "Net sales": 70358,
        "Cost of goods sold": 61175,
        "Gross Profit": 9183,
        "Financial expenses": 10,
        "Of which: Interest expense": 10,
        "Cost of sales": 3719,
        "Enterprise cost management": 2312,
        "Total Operating Expenses": 6041,
        "Total revenue financing activities": 2619,
        "Net profit from business activities": 5762,
        "Profit": 13,
        "Profit before tax": 5775,
        "Present corporate income tax expenses": 1186,
        "Deferred income taxes expenses": 2,
        "The interests of minority shareholders": "N/A",
        "Total Cost of profits": 1188,
        "Profit after tax corporate income": 4586,
        "Volume": 17541105,
        "Close of Quarter": 10.1,
        "EPS": 1363,
        "Non-adjusted EPS": 1363,
        "PE": 7.4,
        "Book Price": 13.8
      }
    },
    {
      "quarter": "Q4 2015",
      "income status": {
        "Net sales": 88286,
        "Cost of goods sold": 79112,
        "Gross Profit": 9174,
        "Financial expenses": 21,
        "Of which: Interest expense": 21,
        "Cost of sales": 3616,
        "Enterprise cost management": 1698,
        "Total Operating Expenses": 5335,
        "Total revenue financing activities": 3196,
        "Net profit from business activities": 7037,
        "Profit": -551,
        "Profit before tax": 6486,
        "Present corporate income tax expenses": 1566,
        "Deferred income taxes expenses": 3,
        "The interests of minority shareholders": "N/A",
        "Total Cost of profits": 1569,
        "Profit after tax corporate income": 4918,
        "Volume": 13195860,
        "Close of Quarter": 8.6,
        "EPS": 1304.5,
        "Non-adjusted EPS": 1734,
        "PE": 5.0,
        "Book Price": 12.3
      }
    },
    {
      "quarter": "Q3 2015",
      "income status": {
        "Net sales": 92843,
        "Cost of goods sold": 83045,
        "Gross Profit": 9798,
        "Financial expenses": 29,
        "Of which: Interest expense": 29,
        "Cost of sales": 3323,
        "Enterprise cost management": 1749,
        "Total Operating Expenses": 5101,
        "Total revenue financing activities": 2197,
        "Net profit from business activities": 6895,
        "Profit": 60,
        "Profit before tax": 6955,
        "Present corporate income tax expenses": 1577,
        "Deferred income taxes expenses": "N/A",
        "The interests of minority shareholders": "N/A",
        "Total Cost of profits": 1577,
        "Profit after tax corporate income": 5378,
        "Volume": 13195860,
        "Close of Quarter": 9.1,
        "EPS": 1326.3,
        "Non-adjusted EPS": 1763,
        "PE": 5.2,
        "Book Price": 12.0
      }
    },
    {
      "quarter": "Q2 2015",
      "income status": {
        "Net sales": 101921,
        "Cost of goods sold": 88319,
        "Gross Profit": 13602,
        "Financial expenses": 39,
        "Of which: Interest expense": 39,
        "Cost of sales": 3262,
        "Enterprise cost management": 1975,
        "Total Operating Expenses": 5276,
        "Total revenue financing activities": 3130,
        "Net profit from business activities": 11457,
        "Profit": 106,
        "Profit before tax": 11563,
        "Present corporate income tax expenses": 2563,
        "Deferred income taxes expenses": -27,
        "The interests of minority shareholders": "N/A",
        "Total Cost of profits": 2536,
        "Profit after tax corporate income": 9027,
        "Volume": 13195860,
        "Close of Quarter": 9.3,
        "EPS": 1251.8,
        "Non-adjusted EPS": 1664,
        "PE": 5.6,
        "Book Price": 11.7
      }
    },
    {
      "quarter": "Q1 2015",
      "income status": {
        "Net sales": 89281,
        "Cost of goods sold": 81689,
        "Gross Profit": 7592,
        "Financial expenses": 49,
        "Of which: Interest expense": 49,
        "Cost of sales": 3460,
        "Enterprise cost management": 1715,
        "Total Operating Expenses": 5224,
        "Total revenue financing activities": 2157,
        "Net profit from business activities": 4524,
        "Profit": 73,
        "Profit before tax": 4597,
        "Present corporate income tax expenses": 1038,
        "Deferred income taxes expenses": "N/A",
        "The interests of minority shareholders": "N/A",
        "Total Cost of profits": 1038,
        "Profit after tax corporate income": 3560,
        "Volume": 13195860,
        "Close of Quarter": 9.3,
        "EPS": 880.9,
        "Non-adjusted EPS": 1171,
        "PE": 8.0,
        "Book Price": 12.0
      }
    },
    {
      "quarter": "Q4 2014",
      "income status": {
        "Net sales": 128515,
        "Cost of goods sold": 119137,
        "Gross Profit": 9379,
        "Financial expenses": 73,
        "Of which: Interest expense": 73,
        "Cost of sales": 3480,
        "Enterprise cost management": 2134,
        "Total Operating Expenses": 5687,
        "Total revenue financing activities": 3071,
        "Net profit from business activities": 6763,
        "Profit": 54,
        "Profit before tax": 6817,
        "Present corporate income tax expenses": 1523,
        "Deferred income taxes expenses": "N/A",
        "The interests of minority shareholders": "N/A",
        "Total Cost of profits": 1523,
        "Profit after tax corporate income": 5294,
        "Volume": 13195860,
        "Close of Quarter": 8.9,
        "EPS": 859.1,
        "Non-adjusted EPS": 1142,
        "PE": 7.8,
        "Book Price": 11.7
      }
    },
    {
      "quarter": "Q3 2014",
      "income status": {
        "Net sales": 142920,
        "Cost of goods sold": 134189,
        "Gross Profit": 8731,
        "Financial expenses": 86,
        "Of which: Interest expense": 86,
        "Cost of sales": 3091,
        "Enterprise cost management": 1959,
        "Total Operating Expenses": 5136,
        "Total revenue financing activities": 1617,
        "Net profit from business activities": 5212,
        "Profit": 34,
        "Profit before tax": 5246,
        "Present corporate income tax expenses": 1165,
        "Deferred income taxes expenses": "N/A",
        "The interests of minority shareholders": "N/A",
        "Total Cost of profits": 1165,
        "Profit after tax corporate income": 4081,
        "Volume": 13195860,
        "Close of Quarter": 8.0,
        "EPS": 823.8,
        "Non-adjusted EPS": 1095,
        "PE": 7.3,
        "Book Price": 11.4
      }
    },
    {
      "quarter": "Q2 2014",
      "income status": {
        "Net sales": 121126,
        "Cost of goods sold": 115305,
        "Gross Profit": 5821,
        "Financial expenses": 98,
        "Of which: Interest expense": 99,
        "Cost of sales": 2762,
        "Enterprise cost management": 2052,
        "Total Operating Expenses": 4912,
        "Total revenue financing activities": 2270,
        "Net profit from business activities": 3178,
        "Profit": 68,
        "Profit before tax": 3246,
        "Present corporate income tax expenses": 726,
        "Deferred income taxes expenses": "N/A",
        "The interests of minority shareholders": "N/A",
        "Total Cost of profits": 726,
        "Profit after tax corporate income": 2520,
        "Volume": 13195860,
        "Close of Quarter": 8.9,
        "EPS": 832.0,
        "Non-adjusted EPS": 1106,
        "PE": 8.0,
        "Book Price": 11.2
      }
    },
    {
      "quarter": "Q1 2014",
      "income status": {
        "Net sales": 114454,
        "Cost of goods sold": 107118,
        "Gross Profit": 7336,
        "Financial expenses": 109,
        "Of which: Interest expense": 108,
        "Cost of sales": 3042,
        "Enterprise cost management": 2372,
        "Total Operating Expenses": 5523,
        "Total revenue financing activities": 2256,
        "Net profit from business activities": 4069,
        "Profit": 27,
        "Profit before tax": 4096,
        "Present corporate income tax expenses": 921,
        "Deferred income taxes expenses": "N/A",
        "The interests of minority shareholders": "N/A",
        "Total Cost of profits": 921,
        "Profit after tax corporate income": 3175,
        "Volume": 13195860,
        "Close of Quarter": 9.1,
        "EPS": 975.7,
        "Non-adjusted EPS": 1297,
        "PE": 7.0,
        "Book Price": 11.1
      }
    },
    {
      "quarter": "Q4 2013",
      "income status": {
        "Net sales": 111843,
        "Cost of goods sold": 104963,
        "Gross Profit": 6880,
        "Financial expenses": 116,
        "Of which: Interest expense": 116,
        "Cost of sales": 2660,
        "Enterprise cost management": 1589,
        "Total Operating Expenses": 4365,
        "Total revenue financing activities": 3365,
        "Net profit from business activities": 5880,
        "Profit": 130,
        "Profit before tax": 6010,
        "Present corporate income tax expenses": 1332,
        "Deferred income taxes expenses": "N/A",
        "The interests of minority shareholders": "N/A",
        "Total Cost of profits": 1332,
        "Profit after tax corporate income": 4678,
        "Volume": 13195860,
        "Close of Quarter": 7.4,
        "EPS": 900.5,
        "Non-adjusted EPS": 1197,
        "PE": 6.2,
        "Book Price": 11.7
      }
    },
    {
      "quarter": "Q3 2013",
      "income status": {
        "Net sales": 110824,
        "Cost of goods sold": 103099,
        "Gross Profit": 7726,
        "Financial expenses": 227,
        "Of which: Interest expense": 227,
        "Cost of sales": 2531,
        "Enterprise cost management": 1297,
        "Total Operating Expenses": 4055,
        "Total revenue financing activities": 2043,
        "Net profit from business activities": 5714,
        "Profit": -58,
        "Profit before tax": 5656,
        "Present corporate income tax expenses": 1441,
        "Deferred income taxes expenses": "N/A",
        "The interests of minority shareholders": "N/A",
        "Total Cost of profits": 1441,
        "Profit after tax corporate income": 4216,
        "Volume": 13195860,
        "Close of Quarter": 6.9,
        "EPS": 1005.1,
        "Non-adjusted EPS": 1336,
        "PE": 5.1,
        "Book Price": 11.4
      }
    },
    {
      "quarter": "Q2 2013",
      "income status": {
        "Net sales": 113102,
        "Cost of goods sold": 105879,
        "Gross Profit": 7223,
        "Financial expenses": 2,
        "Of which: Interest expense": 2,
        "Cost of sales": 2569,
        "Enterprise cost management": 1603,
        "Total Operating Expenses": 4174,
        "Total revenue financing activities": 3704,
        "Net profit from business activities": 6753,
        "Profit": 3,
        "Profit before tax": 6756,
        "Present corporate income tax expenses": 1713,
        "Deferred income taxes expenses": "N/A",
        "The interests of minority shareholders": "N/A",
        "Total Cost of profits": 1713,
        "Profit after tax corporate income": 5043,
        "Volume": 13195860,
        "Close of Quarter": 6.1,
        "EPS": 1071.3,
        "Non-adjusted EPS": 1424,
        "PE": 4.3,
        "Book Price": 11.2
      }
    },
    {
      "quarter": "Q1 2013",
      "income status": {
        "Net sales": 108660,
        "Cost of goods sold": 102984,
        "Gross Profit": 5675,
        "Financial expenses": "N/A",
        "Of which: Interest expense": "N/A",
        "Cost of sales": 2851,
        "Enterprise cost management": 2832,
        "Total Operating Expenses": 5683,
        "Total revenue financing activities": 2472,
        "Net profit from business activities": 2465,
        "Profit": 32,
        "Profit before tax": 2497,
        "Present corporate income tax expenses": 644,
        "Deferred income taxes expenses": "N/A",
        "The interests of minority shareholders": "N/A",
        "Total Cost of profits": 644,
        "Profit after tax corporate income": 1853,
        "Volume": 13195860,
        "Close of Quarter": 5.9,
        "EPS": 1268.4,
        "Non-adjusted EPS": 1686,
        "PE": 3.5,
        "Book Price": 10.9
      }
    },
    {
      "quarter": "Q4 2012",
      "income status": {
        "Net sales": 108078,
        "Cost of goods sold": 101882,
        "Gross Profit": 6196,
        "Financial expenses": "N/A",
        "Of which: Interest expense": "N/A",
        "Cost of sales": 3574,
        "Enterprise cost management": 1242,
        "Total Operating Expenses": 4816,
        "Total revenue financing activities": 5600,
        "Net profit from business activities": 6981,
        "Profit": 1455,
        "Profit before tax": 8436,
        "Present corporate income tax expenses": 1921,
        "Deferred income taxes expenses": "N/A",
        "The interests of minority shareholders": "N/A",
        "Total Cost of profits": 1921,
        "Profit after tax corporate income": 6514,
        "Volume": 13195860,
        "Close of Quarter": 5.6,
        "EPS": 1340.6,
        "Non-adjusted EPS": 1782,
        "PE": 3.1,
        "Book Price": 10.8
      }
    },
    {
      "quarter": "Q3 2012",
      "income status": {
        "Net sales": 94496,
        "Cost of goods sold": 86278,
        "Gross Profit": 8217,
        "Financial expenses": "N/A",
        "Of which: Interest expense": "N/A",
        "Cost of sales": 2547,
        "Enterprise cost management": 1309,
        "Total Operating Expenses": 3856,
        "Total revenue financing activities": 2522,
        "Net profit from business activities": 6883,
        "Profit": 1,
        "Profit before tax": 6884,
        "Present corporate income tax expenses": 1503,
        "Deferred income taxes expenses": "N/A",
        "The interests of minority shareholders": "N/A",
        "Total Cost of profits": 1503,
        "Profit after tax corporate income": 5381,
        "Volume": 13195860,
        "Close of Quarter": 5.5,
        "EPS": 1215.7,
        "Non-adjusted EPS": 1616,
        "PE": 3.4,
        "Book Price": 11.1
      }
    },
    {
      "quarter": "Q2 2012",
      "income status": {
        "Net sales": 93111,
        "Cost of goods sold": 88387,
        "Gross Profit": 4724,
        "Financial expenses": "N/A",
        "Of which: Interest expense": "N/A",
        "Cost of sales": 2416,
        "Enterprise cost management": 1451,
        "Total Operating Expenses": 3867,
        "Total revenue financing activities": 8857,
        "Net profit from business activities": 9713,
        "Profit": -1,
        "Profit before tax": 9712,
        "Present corporate income tax expenses": 1211,
        "Deferred income taxes expenses": "N/A",
        "The interests of minority shareholders": "N/A",
        "Total Cost of profits": 1211,
        "Profit after tax corporate income": 8501,
        "Volume": 8797240,
        "Close of Quarter": 5.7,
        "EPS": 1126.9,
        "Non-adjusted EPS": 2247,
        "PE": 2.5,
        "Book Price": 8.2
      }
    },
    {
      "quarter": "Q1 2012",
      "income status": {
        "Net sales": 96925,
        "Cost of goods sold": 90816,
        "Gross Profit": 6109,
        "Financial expenses": "N/A",
        "Of which: Interest expense": "N/A",
        "Cost of sales": 2436,
        "Enterprise cost management": 1587,
        "Total Operating Expenses": 4023,
        "Total revenue financing activities": 2261,
        "Net profit from business activities": 4347,
        "Profit": -191,
        "Profit before tax": 4156,
        "Present corporate income tax expenses": 1039,
        "Deferred income taxes expenses": "N/A",
        "The interests of minority shareholders": "N/A",
        "Total Cost of profits": 1039,
        "Profit after tax corporate income": 3117,
        "Volume": 8797240,
        "Close of Quarter": 5.8,
        "EPS": 921.3,
        "Non-adjusted EPS": 1837,
        "PE": 3.2,
        "Book Price": 8.3
      }
    },
    {
      "quarter": "Q4 2011",
      "income status": {
        "Net sales": 94912,
        "Cost of goods sold": 89572,
        "Gross Profit": 5340,
        "Financial expenses": "N/A",
        "Of which: Interest expense": "N/A",
        "Cost of sales": 2217,
        "Enterprise cost management": 1955,
        "Total Operating Expenses": 4172,
        "Total revenue financing activities": 4139,
        "Net profit from business activities": 5307,
        "Profit": -14,
        "Profit before tax": 5293,
        "Present corporate income tax expenses": 964,
        "Deferred income taxes expenses": "N/A",
        "The interests of minority shareholders": "N/A",
        "Total Cost of profits": 964,
        "Profit after tax corporate income": 4329,
        "Volume": 8797240,
        "Close of Quarter": 4.5,
        "EPS": 1472.5,
        "Non-adjusted EPS": 2936,
        "PE": 1.5,
        "Book Price": 8.1
      }
    },
    {
      "quarter": "Q3 2011",
      "income status": {
        "Net sales": 89679,
        "Cost of goods sold": 83816,
        "Gross Profit": 5863,
        "Financial expenses": 1,
        "Of which: Interest expense": "N/A",
        "Cost of sales": 2385,
        "Enterprise cost management": 1317,
        "Total Operating Expenses": 3703,
        "Total revenue financing activities": 2860,
        "Net profit from business activities": 5020,
        "Profit": 78,
        "Profit before tax": 5098,
        "Present corporate income tax expenses": 1276,
        "Deferred income taxes expenses": "N/A",
        "The interests of minority shareholders": "N/A",
        "Total Cost of profits": 1276,
        "Profit after tax corporate income": 3822,
        "Volume": 8797240,
        "Close of Quarter": 5.6,
        "EPS": 1332.5,
        "Non-adjusted EPS": 2657,
        "PE": 2.1,
        "Book Price": 8.3
      }
    },
    {
      "quarter": "Q2 2011",
      "income status": {
        "Net sales": 89239,
        "Cost of goods sold": 82718,
        "Gross Profit": 6522,
        "Financial expenses": 740,
        "Of which: Interest expense": 169,
        "Cost of sales": 2267,
        "Enterprise cost management": 979,
        "Total Operating Expenses": 3986,
        "Total revenue financing activities": 3664,
        "Net profit from business activities": 6199,
        "Profit": 319,
        "Profit before tax": 6519,
        "Present corporate income tax expenses": 1630,
        "Deferred income taxes expenses": "N/A",
        "The interests of minority shareholders": "N/A",
        "Total Cost of profits": 1630,
        "Profit after tax corporate income": 4889,
        "Volume": 8797240,
        "Close of Quarter": 5.8,
        "EPS": 2091.9,
        "Non-adjusted EPS": 4171,
        "PE": 1.4,
        "Book Price": 8.1
      }
    },
    {
      "quarter": "Q1 2011",
      "income status": {
        "Net sales": 70414,
        "Cost of goods sold": 63931,
        "Gross Profit": 6483,
        "Financial expenses": 48,
        "Of which: Interest expense": 48,
        "Cost of sales": 2325,
        "Enterprise cost management": 1430,
        "Total Operating Expenses": 3803,
        "Total revenue financing activities": 11204,
        "Net profit from business activities": 13884,
        "Profit": -31,
        "Profit before tax": 13853,
        "Present corporate income tax expenses": 1069,
        "Deferred income taxes expenses": "N/A",
        "The interests of minority shareholders": "N/A",
        "Total Cost of profits": 1069,
        "Profit after tax corporate income": 12785,
        "Volume": 8797240,
        "Close of Quarter": 7.0,
        "EPS": 1973.0,
        "Non-adjusted EPS": 3934,
        "PE": 1.8,
        "Book Price": 8.7
      }
    }
  ]
}