{
  "ticker": "IHK",
  "data": [
    {
      "quarter": "Q4 2016",
      "income status": {
        "Net sales": 56409,
        "Cost of goods sold": 49767,
        "Gross Profit": 6642,
        "Financial expenses": 4,
        "Of which: Interest expense": "N/A",
        "Cost of sales": 1329,
        "Enterprise cost management": 4047,
        "Total Operating Expenses": 5380,
        "Total revenue financing activities": 10,
        "Net profit from business activities": 1273,
        "Profit": 136,
        "Profit before tax": 1408,
        "Present corporate income tax expenses": 290,
        "Deferred income taxes expenses": "N/A",
        "The interests of minority shareholders": "N/A",
        "Total Cost of profits": 290,
        "Profit after tax corporate income": 1118,
        "Volume": 2141928,
        "Close of Quarter": 17,
        "EPS": 1691,
        "Non-adjusted EPS": 1691,
        "PE": 10.1,
        "Book Price": 12.9
      }
    },
    {
      "quarter": "Q3 2016",
      "income status": {
        "Net sales": 52370,
        "Cost of goods sold": 46232,
        "Gross Profit": 6138,
        "Financial expenses": "N/A",
        "Of which: Interest expense": "N/A",
        "Cost of sales": 950,
        "Enterprise cost management": 4163,
        "Total Operating Expenses": 5113,
        "Total revenue financing activities": 16,
        "Net profit from business activities": 1041,
        "Profit": 215,
        "Profit before tax": 1255,
        "Present corporate income tax expenses": 268,
        "Deferred income taxes expenses": "N/A",
        "The interests of minority shareholders": "N/A",
        "Total Cost of profits": 268,
        "Profit after tax corporate income": 987,
        "Volume": 2141928,
        "Close of Quarter": 9.1,
        "EPS": 1547,
        "Non-adjusted EPS": 1547,
        "PE": 5.9,
        "Book Price": 12.4
      }
    },
    {
      "quarter": "Q2 2016",
      "income status": {
        "Net sales": 42542,
        "Cost of goods sold": 36962,
        "Gross Profit": 5580,
        "Financial expenses": "N/A",
        "Of which: Interest expense": "N/A",
        "Cost of sales": 1050,
        "Enterprise cost management": 3414,
        "Total Operating Expenses": 4464,
        "Total revenue financing activities": 8,
        "Net profit from business activities": 1124,
        "Profit": -18,
        "Profit before tax": 1106,
        "Present corporate income tax expenses": 225,
        "Deferred income taxes expenses": "N/A",
        "The interests of minority shareholders": "N/A",
        "Total Cost of profits": 225,
        "Profit after tax corporate income": 881,
        "Volume": 2141928,
        "Close of Quarter": 7.8,
        "EPS": 1421,
        "Non-adjusted EPS": 1421,
        "PE": 5.5,
        "Book Price": 11.9
      }
    },
    {
      "quarter": "Q1 2016",
      "income status": {
        "Net sales": 41834,
        "Cost of goods sold": 36859,
        "Gross Profit": 4974,
        "Financial expenses": "N/A",
        "Of which: Interest expense": "N/A",
        "Cost of sales": 670,
        "Enterprise cost management": 3294,
        "Total Operating Expenses": 3964,
        "Total revenue financing activities": 28,
        "Net profit from business activities": 1038,
        "Profit": -206,
        "Profit before tax": 832,
        "Present corporate income tax expenses": 197,
        "Deferred income taxes expenses": "N/A",
        "The interests of minority shareholders": "N/A",
        "Total Cost of profits": 197,
        "Profit after tax corporate income": 635,
        "Volume": 2141928,
        "Close of Quarter": 5.7,
        "EPS": 1489,
        "Non-adjusted EPS": 1489,
        "PE": 3.8,
        "Book Price": 13.1
      }
    },
    {
      "quarter": "Q4 2015",
      "income status": {
        "Net sales": 52815,
        "Cost of goods sold": 47193,
        "Gross Profit": 5622,
        "Financial expenses": 11,
        "Of which: Interest expense": 6,
        "Cost of sales": 800,
        "Enterprise cost management": 3846,
        "Total Operating Expenses": 4657,
        "Total revenue financing activities": 59,
        "Net profit from business activities": 1023,
        "Profit": 48,
        "Profit before tax": 1071,
        "Present corporate income tax expenses": 262,
        "Deferred income taxes expenses": "N/A",
        "The interests of minority shareholders": "N/A",
        "Total Cost of profits": 262,
        "Profit after tax corporate income": 810,
        "Volume": 2141928,
        "Close of Quarter": 9.5,
        "EPS": 1629,
        "Non-adjusted EPS": 1629,
        "PE": 5.8,
        "Book Price": 12.8
      }
    },
    {
      "quarter": "Q3 2015",
      "income status": {
        "Net sales": 44633,
        "Cost of goods sold": 38345,
        "Gross Profit": 6288,
        "Financial expenses": 91,
        "Of which: Interest expense": 91,
        "Cost of sales": 815,
        "Enterprise cost management": 4536,
        "Total Operating Expenses": 5442,
        "Total revenue financing activities": 42,
        "Net profit from business activities": 887,
        "Profit": 43,
        "Profit before tax": 930,
        "Present corporate income tax expenses": 213,
        "Deferred income taxes expenses": "N/A",
        "The interests of minority shareholders": "N/A",
        "Total Cost of profits": 213,
        "Profit after tax corporate income": 718,
        "Volume": 2141928,
        "Close of Quarter": 8.5,
        "EPS": 1710,
        "Non-adjusted EPS": 1710,
        "PE": 5.0,
        "Book Price": 12.3
      }
    },
    {
      "quarter": "Q2 2015",
      "income status": {
        "Net sales": 40028,
        "Cost of goods sold": 34802,
        "Gross Profit": 5226,
        "Financial expenses": 20,
        "Of which: Interest expense": 20,
        "Cost of sales": 860,
        "Enterprise cost management": 4364,
        "Total Operating Expenses": 5244,
        "Total revenue financing activities": 46,
        "Net profit from business activities": 28,
        "Profit": 1309,
        "Profit before tax": 1337,
        "Present corporate income tax expenses": 311,
        "Deferred income taxes expenses": "N/A",
        "The interests of minority shareholders": "N/A",
        "Total Cost of profits": 311,
        "Profit after tax corporate income": 1027,
        "Volume": 2141928,
        "Close of Quarter": 7.8,
        "EPS": 1831,
        "Non-adjusted EPS": 1831,
        "PE": 4.2,
        "Book Price": 11.9
      }
    },
    {
      "quarter": "Q1 2015",
      "income status": {
        "Net sales": 37089,
        "Cost of goods sold": 31575,
        "Gross Profit": 5513,
        "Financial expenses": 28,
        "Of which: Interest expense": 26,
        "Cost of sales": 857,
        "Enterprise cost management": 3530,
        "Total Operating Expenses": 4415,
        "Total revenue financing activities": 14,
        "Net profit from business activities": 1113,
        "Profit": 96,
        "Profit before tax": 1209,
        "Present corporate income tax expenses": 274,
        "Deferred income taxes expenses": "N/A",
        "The interests of minority shareholders": "N/A",
        "Total Cost of profits": 274,
        "Profit after tax corporate income": 935,
        "Volume": 2141928,
        "Close of Quarter": 9.1,
        "EPS": 1741,
        "Non-adjusted EPS": 1741,
        "PE": 5.2,
        "Book Price": 13.1
      }
    },
    {
      "quarter": "Q4 2014",
      "income status": {
        "Net sales": 47094,
        "Cost of goods sold": 40564,
        "Gross Profit": 6530,
        "Financial expenses": 42,
        "Of which: Interest expense": 42,
        "Cost of sales": 778,
        "Enterprise cost management": 4597,
        "Total Operating Expenses": 5417,
        "Total revenue financing activities": 56,
        "Net profit from business activities": 1169,
        "Profit": 92,
        "Profit before tax": 1261,
        "Present corporate income tax expenses": 277,
        "Deferred income taxes expenses": "N/A",
        "The interests of minority shareholders": "N/A",
        "Total Cost of profits": 277,
        "Profit after tax corporate income": 983,
        "Volume": 2141928,
        "Close of Quarter": 7.7,
        "EPS": 1666,
        "Non-adjusted EPS": 1666,
        "PE": 4.6,
        "Book Price": 12.6
      }
    },
    {
      "quarter": "Q3 2014",
      "income status": {
        "Net sales": 40802,
        "Cost of goods sold": 34967,
        "Gross Profit": 5835,
        "Financial expenses": 47,
        "Of which: Interest expense": 47,
        "Cost of sales": 967,
        "Enterprise cost management": 3640,
        "Total Operating Expenses": 4654,
        "Total revenue financing activities": 45,
        "Net profit from business activities": 1226,
        "Profit": 25,
        "Profit before tax": 1251,
        "Present corporate income tax expenses": 276,
        "Deferred income taxes expenses": "N/A",
        "The interests of minority shareholders": "N/A",
        "Total Cost of profits": 276,
        "Profit after tax corporate income": 976,
        "Volume": 2141928,
        "Close of Quarter": 8,
        "EPS": 1547,
        "Non-adjusted EPS": 1547,
        "PE": 5.2,
        "Book Price": 12.2
      }
    },
    {
      "quarter": "Q2 2014",
      "income status": {
        "Net sales": 33957,
        "Cost of goods sold": 28509,
        "Gross Profit": 5448,
        "Financial expenses": 69,
        "Of which: Interest expense": 69,
        "Cost of sales": 804,
        "Enterprise cost management": 3573,
        "Total Operating Expenses": 4446,
        "Total revenue financing activities": 50,
        "Net profit from business activities": 1052,
        "Profit": 22,
        "Profit before tax": 1073,
        "Present corporate income tax expenses": 237,
        "Deferred income taxes expenses": "N/A",
        "The interests of minority shareholders": "N/A",
        "Total Cost of profits": 237,
        "Profit after tax corporate income": 836,
        "Volume": 2141928,
        "Close of Quarter": 7.6,
        "EPS": 1346,
        "Non-adjusted EPS": 1346,
        "PE": 5.7,
        "Book Price": 11.7
      }
    },
    {
      "quarter": "Q1 2014",
      "income status": {
        "Net sales": 31727,
        "Cost of goods sold": 27290,
        "Gross Profit": 4437,
        "Financial expenses": 76,
        "Of which: Interest expense": 76,
        "Cost of sales": 720,
        "Enterprise cost management": 2777,
        "Total Operating Expenses": 3573,
        "Total revenue financing activities": 28,
        "Net profit from business activities": 891,
        "Profit": 101,
        "Profit before tax": 992,
        "Present corporate income tax expenses": 218,
        "Deferred income taxes expenses": "N/A",
        "The interests of minority shareholders": "N/A",
        "Total Cost of profits": 218,
        "Profit after tax corporate income": 774,
        "Volume": 2141928,
        "Close of Quarter": 6.6,
        "EPS": 1199,
        "Non-adjusted EPS": 1199,
        "PE": 5.5,
        "Book Price": 12.7
      }
    },
    {
      "quarter": "Q3 2013",
      "income status": {
        "Net sales": 26069,
        "Cost of goods sold": 21406,
        "Gross Profit": 4663,
        "Financial expenses": 94,
        "Of which: Interest expense": 94,
        "Cost of sales": 750,
        "Enterprise cost management": 2878,
        "Total Operating Expenses": 3722,
        "Total revenue financing activities": 17,
        "Net profit from business activities": 959,
        "Profit": 12,
        "Profit before tax": 971,
        "Present corporate income tax expenses": 243,
        "Deferred income taxes expenses": "N/A",
        "The interests of minority shareholders": "N/A",
        "Total Cost of profits": 243,
        "Profit after tax corporate income": 728,
        "Volume": 2141928,
        "Close of Quarter": 5.0,
        "EPS": 838,
        "Non-adjusted EPS": 838,
        "PE": 6,
        "Book Price": 12.8
      }
    },
    {
      "quarter": "Q2 2013",
      "income status": {
        "Net sales": 31547,
        "Cost of goods sold": 27009,
        "Gross Profit": 4538,
        "Financial expenses": 117,
        "Of which: Interest expense": 117,
        "Cost of sales": 702,
        "Enterprise cost management": 3040,
        "Total Operating Expenses": 3859,
        "Total revenue financing activities": 16,
        "Net profit from business activities": 694,
        "Profit": 31,
        "Profit before tax": 726,
        "Present corporate income tax expenses": 181,
        "Deferred income taxes expenses": "N/A",
        "The interests of minority shareholders": "N/A",
        "Total Cost of profits": 181,
        "Profit after tax corporate income": 544,
        "Volume": 2141928,
        "Close of Quarter": 2.7,
        "EPS": 498,
        "Non-adjusted EPS": 498,
        "PE": 5.3,
        "Book Price": 12.5
      }
    },
    {
      "quarter": "Q1 2013",
      "income status": {
        "Net sales": 28499,
        "Cost of goods sold": 25011,
        "Gross Profit": 3488,
        "Financial expenses": 147,
        "Of which: Interest expense": "N/A",
        "Cost of sales": 635,
        "Enterprise cost management": 2041,
        "Total Operating Expenses": 2823,
        "Total revenue financing activities": 19,
        "Net profit from business activities": 684,
        "Profit": 13,
        "Profit before tax": 697,
        "Present corporate income tax expenses": 174,
        "Deferred income taxes expenses": "N/A",
        "The interests of minority shareholders": "N/A",
        "Total Cost of profits": 174,
        "Profit after tax corporate income": 523,
        "Volume": 2141928,
        "Close of Quarter": 5.5,
        "EPS": 244,
        "Non-adjusted EPS": 244,
        "PE": 22.4,
        "Book Price": 12.3
      }
    }
  ]
}