{
  "ticker": "SBT",
  "data": [
    {
      "quarter": "Q4 2016",
      "income status": {
        "Net sales": 1195411,
        "Cost of goods sold": 1052447,
        "Gross Profit": 142964,
        "Financial expenses": 77199,
        "Of which: Interest expense": 59543,
        "Cost of sales": 15017,
        "Enterprise cost management": 30727,
        "Total Operating Expenses": 122943,
        "Total revenue financing activities": 46263,
        "Net profit from business activities": 101693,
        "Profit": 3732,
        "Profit before tax": 105425,
        "Present corporate income tax expenses": 3894,
        "Deferred income taxes expenses": 856,
        "The interests of minority shareholders": -104,
        "Total Cost of profits": 4646,
        "Profit after tax corporate income": 100778,
        "Volume": 253188268,
        "Close of Quarter": 24.5,
        "EPS": 1199,
        "Non-adjusted EPS": 1199,
        "PE": 20.4,
        "Book Price": 11.6
      }
    },
    {
      "quarter": "Q3 2016",
      "income status": {
        "Net sales": 906609,
        "Cost of goods sold": 760360,
        "Gross Profit": 146249,
        "Financial expenses": 57218,
        "Of which: Interest expense": 59573,
        "Cost of sales": 14645,
        "Enterprise cost management": 36829,
        "Total Operating Expenses": 108692,
        "Total revenue financing activities": 56475,
        "Net profit from business activities": 90954,
        "Profit": -689,
        "Profit before tax": 90266,
        "Present corporate income tax expenses": 14973,
        "Deferred income taxes expenses": "N/A",
        "The interests of minority shareholders": -443,
        "Total Cost of profits": 14530,
        "Profit after tax corporate income": 75735,
        "Volume": 194761033,
        "Close of Quarter": 23.9,
        "EPS": 1250.8,
        "Non-adjusted EPS": 1626,
        "PE": 14.7,
        "Book Price": 11.4
      }
    },
    {
      "quarter": "Q2 2016",
      "income status": {
        "Net sales": 1020610,
        "Cost of goods sold": 867346,
        "Gross Profit": 153264,
        "Financial expenses": 64582,
        "Of which: Interest expense": 61683,
        "Cost of sales": 19659,
        "Enterprise cost management": 38770,
        "Total Operating Expenses": 123011,
        "Total revenue financing activities": 40639,
        "Net profit from business activities": 72581,
        "Profit": 2437,
        "Profit before tax": 75017,
        "Present corporate income tax expenses": -5694,
        "Deferred income taxes expenses": "N/A",
        "The interests of minority shareholders": -125,
        "Total Cost of profits": -5819,
        "Profit after tax corporate income": 80837,
        "Volume": 182373518,
        "Close of Quarter": 24,
        "EPS": 1171.2,
        "Non-adjusted EPS": 1626,
        "PE": 14.8,
        "Book Price": 10.3
      }
    },
    {
      "quarter": "Q1 2016",
      "income status": {
        "Net sales": 1240476,
        "Cost of goods sold": 1092684,
        "Gross Profit": 147792,
        "Financial expenses": 48121,
        "Of which: Interest expense": 43487,
        "Cost of sales": 30484,
        "Enterprise cost management": 37713,
        "Total Operating Expenses": 116318,
        "Total revenue financing activities": 12130,
        "Net profit from business activities": 53250,
        "Profit": 520,
        "Profit before tax": 53769,
        "Present corporate income tax expenses": 7584,
        "Deferred income taxes expenses": "N/A",
        "The interests of minority shareholders": -29,
        "Total Cost of profits": 7555,
        "Profit after tax corporate income": 46215,
        "Volume": 182373518,
        "Close of Quarter": 22.3,
        "EPS": 1154.7,
        "Non-adjusted EPS": 1603,
        "PE": 13.9,
        "Book Price": 10.2
      }
    },
    {
      "quarter": "Q4 2015",
      "income status": {
        "Net sales": 1113618,
        "Cost of goods sold": 944072,
        "Gross Profit": 169546,
        "Financial expenses": 77724,
        "Of which: Interest expense": 34890,
        "Cost of sales": 28095,
        "Enterprise cost management": 33265,
        "Total Operating Expenses": 139084,
        "Total revenue financing activities": 85565,
        "Net profit from business activities": 115352,
        "Profit": 2722,
        "Profit before tax": 118074,
        "Present corporate income tax expenses": 2895,
        "Deferred income taxes expenses": 1320,
        "The interests of minority shareholders": 17,
        "Total Cost of profits": 4232,
        "Profit after tax corporate income": 113842,
        "Volume": 182373518,
        "Close of Quarter": 18.5,
        "EPS": 1122.2,
        "Non-adjusted EPS": 1558,
        "PE": 11.9,
        "Book Price": 9.7
      }
    },
    {
      "quarter": "Q3 2015",
      "income status": {
        "Net sales": 624658,
        "Cost of goods sold": 512141,
        "Gross Profit": 112517,
        "Financial expenses": 34030,
        "Of which: Interest expense": 12831,
        "Cost of sales": 17069,
        "Enterprise cost management": 17679,
        "Total Operating Expenses": 68778,
        "Total revenue financing activities": 10091,
        "Net profit from business activities": 65681,
        "Profit": 94,
        "Profit before tax": 65775,
        "Present corporate income tax expenses": 9771,
        "Deferred income taxes expenses": "N/A",
        "The interests of minority shareholders": 284,
        "Total Cost of profits": 10055,
        "Profit after tax corporate income": 55720,
        "Volume": 145231160,
        "Close of Quarter": 10.2,
        "EPS": 861.6,
        "Non-adjusted EPS": 1502,
        "PE": 6.8,
        "Book Price": 9.8
      }
    },
    {
      "quarter": "Q2 2015",
      "income status": {
        "Net sales": 551401,
        "Cost of goods sold": 463632,
        "Gross Profit": 87769,
        "Financial expenses": 16859,
        "Of which: Interest expense": 16692,
        "Cost of sales": 21441,
        "Enterprise cost management": 17451,
        "Total Operating Expenses": 55751,
        "Total revenue financing activities": 24293,
        "Net profit from business activities": 78549,
        "Profit": 2178,
        "Profit before tax": 80727,
        "Present corporate income tax expenses": 4177,
        "Deferred income taxes expenses": -299,
        "The interests of minority shareholders": 291,
        "Total Cost of profits": 4169,
        "Profit after tax corporate income": 76558,
        "Volume": 143506160,
        "Close of Quarter": 10.2,
        "EPS": 740.2,
        "Non-adjusted EPS": 1306,
        "PE": 7.8,
        "Book Price": 7.6
      }
    },
    {
      "quarter": "Q1 2015",
      "income status": {
        "Net sales": 560564,
        "Cost of goods sold": 487275,
        "Gross Profit": 73289,
        "Financial expenses": 26101,
        "Of which: Interest expense": 19349,
        "Cost of sales": 16243,
        "Enterprise cost management": 19197,
        "Total Operating Expenses": 61541,
        "Total revenue financing activities": 18873,
        "Net profit from business activities": 42239,
        "Profit": 1318,
        "Profit before tax": 43558,
        "Present corporate income tax expenses": 3903,
        "Deferred income taxes expenses": 1349,
        "The interests of minority shareholders": 288,
        "Total Cost of profits": 5540,
        "Profit after tax corporate income": 38018,
        "Volume": 143506160,
        "Close of Quarter": 8.1,
        "EPS": 510.1,
        "Non-adjusted EPS": 900,
        "PE": 9.0,
        "Book Price": 7.3
      }
    },
    {
      "quarter": "Q4 2014",
      "income status": {
        "Net sales": 502023,
        "Cost of goods sold": 457506,
        "Gross Profit": 44517,
        "Financial expenses": -2935,
        "Of which: Interest expense": 20156,
        "Cost of sales": 14444,
        "Enterprise cost management": 17526,
        "Total Operating Expenses": 29035,
        "Total revenue financing activities": 19399,
        "Net profit from business activities": 51787,
        "Profit": 3692,
        "Profit before tax": 55479,
        "Present corporate income tax expenses": 8227,
        "Deferred income taxes expenses": -635,
        "The interests of minority shareholders": 57,
        "Total Cost of profits": 7649,
        "Profit after tax corporate income": 47831,
        "Volume": 143506160,
        "Close of Quarter": 9.6,
        "EPS": 476.1,
        "Non-adjusted EPS": 840,
        "PE": 11.4,
        "Book Price": 7.1
      }
    },
    {
      "quarter": "Q3 2014",
      "income status": {
        "Net sales": 452911,
        "Cost of goods sold": 399826,
        "Gross Profit": 53085,
        "Financial expenses": 35530,
        "Of which: Interest expense": 24048,
        "Cost of sales": 16235,
        "Enterprise cost management": 11369,
        "Total Operating Expenses": 63134,
        "Total revenue financing activities": 29512,
        "Net profit from business activities": 26730,
        "Profit": 952,
        "Profit before tax": 27682,
        "Present corporate income tax expenses": 2012,
        "Deferred income taxes expenses": 599,
        "The interests of minority shareholders": "N/A",
        "Total Cost of profits": 2611,
        "Profit after tax corporate income": 25071,
        "Volume": 143486160,
        "Close of Quarter": 8.7,
        "EPS": 712.4,
        "Non-adjusted EPS": 1257,
        "PE": 6.9,
        "Book Price": 6.9
      }
    },
    {
      "quarter": "Q2 2014",
      "income status": {
        "Net sales": 551501,
        "Cost of goods sold": 494318,
        "Gross Profit": 57183,
        "Financial expenses": 35034,
        "Of which: Interest expense": 24991,
        "Cost of sales": 18008,
        "Enterprise cost management": 14732,
        "Total Operating Expenses": 67774,
        "Total revenue financing activities": 34282,
        "Net profit from business activities": 34392,
        "Profit": 285,
        "Profit before tax": 34678,
        "Present corporate income tax expenses": 13497,
        "Deferred income taxes expenses": 2911,
        "The interests of minority shareholders": "N/A",
        "Total Cost of profits": 16408,
        "Profit after tax corporate income": 18270,
        "Volume": 143486160,
        "Close of Quarter": 9.1,
        "EPS": 780.9,
        "Non-adjusted EPS": 1378,
        "PE": 6.6,
        "Book Price": 6.9
      }
    },
    {
      "quarter": "Q1 2014",
      "income status": {
        "Net sales": 452156,
        "Cost of goods sold": 404219,
        "Gross Profit": 47937,
        "Financial expenses": 23474,
        "Of which: Interest expense": 22867,
        "Cost of sales": 9198,
        "Enterprise cost management": 14014,
        "Total Operating Expenses": 46686,
        "Total revenue financing activities": 32212,
        "Net profit from business activities": 33462,
        "Profit": 459,
        "Profit before tax": 33922,
        "Present corporate income tax expenses": 2381,
        "Deferred income taxes expenses": 2160,
        "The interests of minority shareholders": "N/A",
        "Total Cost of profits": 4541,
        "Profit after tax corporate income": 29381,
        "Volume": 143486160,
        "Close of Quarter": 9.3,
        "EPS": 854.6,
        "Non-adjusted EPS": 1508,
        "PE": 6.2,
        "Book Price": 7.4
      }
    },
    {
      "quarter": "Q4 2013",
      "income status": {
        "Net sales": 746357,
        "Cost of goods sold": 649271,
        "Gross Profit": 97086,
        "Financial expenses": -26916,
        "Of which: Interest expense": 20775,
        "Cost of sales": 17124,
        "Enterprise cost management": 19512,
        "Total Operating Expenses": 9720,
        "Total revenue financing activities": 36338,
        "Net profit from business activities": 123704,
        "Profit": 2409,
        "Profit before tax": 126112,
        "Present corporate income tax expenses": 23165,
        "Deferred income taxes expenses": -4696,
        "The interests of minority shareholders": "N/A",
        "Total Cost of profits": 18469,
        "Profit after tax corporate income": 107643,
        "Volume": 143486160,
        "Close of Quarter": 8.8,
        "EPS": 944.2,
        "Non-adjusted EPS": 1666,
        "PE": 5.3,
        "Book Price": 7.3
      }
    },
    {
      "quarter": "Q3 2013",
      "income status": {
        "Net sales": 561284,
        "Cost of goods sold": 499976,
        "Gross Profit": 61308,
        "Financial expenses": 28055,
        "Of which: Interest expense": 25926,
        "Cost of sales": 13148,
        "Enterprise cost management": 12992,
        "Total Operating Expenses": 54195,
        "Total revenue financing activities": 38840,
        "Net profit from business activities": 45953,
        "Profit": 1566,
        "Profit before tax": 47519,
        "Present corporate income tax expenses": -6323,
        "Deferred income taxes expenses": 11465,
        "The interests of minority shareholders": "N/A",
        "Total Cost of profits": 5142,
        "Profit after tax corporate income": 42378,
        "Volume": 139584970,
        "Close of Quarter": 8.5,
        "EPS": 973.6,
        "Non-adjusted EPS": 1766,
        "PE": 4.8,
        "Book Price": 7.0
      }
    },
    {
      "quarter": "Q2 2013",
      "income status": {
        "Net sales": 413164,
        "Cost of goods sold": 359894,
        "Gross Profit": 53270,
        "Financial expenses": 31358,
        "Of which: Interest expense": 29898,
        "Cost of sales": 9101,
        "Enterprise cost management": 14731,
        "Total Operating Expenses": 55190,
        "Total revenue financing activities": 42903,
        "Net profit from business activities": 40983,
        "Profit": 104,
        "Profit before tax": 41087,
        "Present corporate income tax expenses": -195,
        "Deferred income taxes expenses": 4306,
        "The interests of minority shareholders": "N/A",
        "Total Cost of profits": 4111,
        "Profit after tax corporate income": 36976,
        "Volume": 133010770,
        "Close of Quarter": 9.4,
        "EPS": 1182.6,
        "Non-adjusted EPS": 2251,
        "PE": 4.2,
        "Book Price": 6.5
      }
    },
    {
      "quarter": "Q1 2013",
      "income status": {
        "Net sales": 499235,
        "Cost of goods sold": 429918,
        "Gross Profit": 69317,
        "Financial expenses": 19618,
        "Of which: Interest expense": 19129,
        "Cost of sales": 9214,
        "Enterprise cost management": 17242,
        "Total Operating Expenses": 46074,
        "Total revenue financing activities": 36573,
        "Net profit from business activities": 59816,
        "Profit": 958,
        "Profit before tax": 60774,
        "Present corporate income tax expenses": 10402,
        "Deferred income taxes expenses": -1638,
        "The interests of minority shareholders": "N/A",
        "Total Cost of profits": 8764,
        "Profit after tax corporate income": 52010,
        "Volume": 133010770,
        "Close of Quarter": 9.6,
        "EPS": 1624.9,
        "Non-adjusted EPS": 3093,
        "PE": 3.1,
        "Book Price": 7.0
      }
    },
    {
      "quarter": "Q2 2012",
      "income status": {
        "Net sales": 539320,
        "Cost of goods sold": 429334,
        "Gross Profit": 109986,
        "Financial expenses": 121312,
        "Of which: Interest expense": 23670,
        "Cost of sales": 10437,
        "Enterprise cost management": 11425,
        "Total Operating Expenses": 143174,
        "Total revenue financing activities": 149477,
        "Net profit from business activities": 116289,
        "Profit": 856,
        "Profit before tax": 117146,
        "Present corporate income tax expenses": 520,
        "Deferred income taxes expenses": 1514,
        "The interests of minority shareholders": "N/A",
        "Total Cost of profits": 2034,
        "Profit after tax corporate income": 115112,
        "Volume": 127905800,
        "Close of Quarter": 9.6,
        "EPS": 1760.1,
        "Non-adjusted EPS": 3484,
        "PE": 2.7,
        "Book Price": 6.6
      }
    },
    {
      "quarter": "Q1 2012",
      "income status": {
        "Net sales": 637399,
        "Cost of goods sold": 497225,
        "Gross Profit": 140174,
        "Financial expenses": 25210,
        "Of which: Interest expense": 24930,
        "Cost of sales": 10163,
        "Enterprise cost management": 13025,
        "Total Operating Expenses": 48398,
        "Total revenue financing activities": 20525,
        "Net profit from business activities": 112301,
        "Profit": 235,
        "Profit before tax": 112536,
        "Present corporate income tax expenses": 14606,
        "Deferred income taxes expenses": 2679,
        "The interests of minority shareholders": "N/A",
        "Total Cost of profits": 17285,
        "Profit after tax corporate income": 95251,
        "Volume": 127905800,
        "Close of Quarter": 7.9,
        "EPS": 2485.5,
        "Non-adjusted EPS": 4920,
        "PE": 1.6,
        "Book Price": 7.3
      }
    },
    {
      "quarter": "Q4 2011",
      "income status": {
        "Net sales": 610853,
        "Cost of goods sold": 454615,
        "Gross Profit": 156238,
        "Financial expenses": 36660,
        "Of which: Interest expense": 10751,
        "Cost of sales": 7756,
        "Enterprise cost management": 13957,
        "Total Operating Expenses": 58373,
        "Total revenue financing activities": 48036,
        "Net profit from business activities": 145902,
        "Profit": 568,
        "Profit before tax": 146470,
        "Present corporate income tax expenses": 1067,
        "Deferred income taxes expenses": -3606,
        "The interests of minority shareholders": "N/A",
        "Total Cost of profits": -2539,
        "Profit after tax corporate income": 149009,
        "Volume": 131232330,
        "Close of Quarter": 6.4,
        "EPS": 2836.2,
        "Non-adjusted EPS": 5472,
        "PE": 1.2,
        "Book Price": 7.1
      }
    },
    {
      "quarter": "Q3 2011",
      "income status": {
        "Net sales": 425065,
        "Cost of goods sold": 320784,
        "Gross Profit": 104281,
        "Financial expenses": 9008,
        "Of which: Interest expense": 11471,
        "Cost of sales": 5085,
        "Enterprise cost management": 8139,
        "Total Operating Expenses": 22232,
        "Total revenue financing activities": 15351,
        "Net profit from business activities": 97400,
        "Profit": 331,
        "Profit before tax": 416276,
        "Present corporate income tax expenses": 3756,
        "Deferred income taxes expenses": 7675,
        "The interests of minority shareholders": "N/A",
        "Total Cost of profits": 11431,
        "Profit after tax corporate income": 86300,
        "Volume": 137232330,
        "Close of Quarter": 6.4,
        "EPS": 2576.2,
        "Non-adjusted EPS": 4753,
        "PE": 1.4,
        "Book Price": 7.1
      }
    },
    {
      "quarter": "Q2 2011",
      "income status": {
        "Net sales": 1014388,
        "Cost of goods sold": 671538,
        "Gross Profit": 342850,
        "Financial expenses": 34433,
        "Of which: Interest expense": 26444,
        "Cost of sales": 12510,
        "Enterprise cost management": 16291,
        "Total Operating Expenses": 63234,
        "Total revenue financing activities": 33791,
        "Net profit from business activities": 313406,
        "Profit": 1137,
        "Profit before tax": 314543,
        "Present corporate income tax expenses": 15799,
        "Deferred income taxes expenses": "N/A",
        "The interests of minority shareholders": "N/A",
        "Total Cost of profits": 15799,
        "Profit after tax corporate income": 298744,
        "Volume": 141232330,
        "Close of Quarter": 5.1,
        "EPS": 2809.7,
        "Non-adjusted EPS": 5037,
        "PE": 1.0,
        "Book Price": 7.1
      }
    },
    {
      "quarter": "Q1 2011",
      "income status": {
        "Net sales": 546346,
        "Cost of goods sold": 346171,
        "Gross Profit": 200175,
        "Financial expenses": 12365,
        "Of which: Interest expense": 7240,
        "Cost of sales": 5472,
        "Enterprise cost management": 8493,
        "Total Operating Expenses": 26330,
        "Total revenue financing activities": 21070,
        "Net profit from business activities": 194915,
        "Profit": 663,
        "Profit before tax": 195578,
        "Present corporate income tax expenses": 11517,
        "Deferred income taxes expenses": "N/A",
        "The interests of minority shareholders": "N/A",
        "Total Cost of profits": 11517,
        "Profit after tax corporate income": 184061,
        "Volume": 141232330,
        "Close of Quarter": 5.8,
        "EPS": 1790.6,
        "Non-adjusted EPS": 3210,
        "PE": 1.8,
        "Book Price": 7.3
      }
    }
  ]
}