{
  "ticker": "VTO",
  "data": [
    {
      "quarter": "Q4 2016",
      "income status": {
        "Net sales": 276570,
        "Cost of goods sold": 214819,
        "Gross Profit": 61751,
        "Financial expenses": 21691,
        "Of which: Interest expense": 11740,
        "Cost of sales": 757,
        "Enterprise cost management": 14535,
        "Total Operating Expenses": 36983,
        "Total revenue financing activities": 707,
        "Net profit from business activities": 25475,
        "Profit": -6104,
        "Profit before tax": 19371,
        "Present corporate income tax expenses": 5701,
        "Deferred income taxes expenses": "N/A",
        "The interests of minority shareholders": "N/A",
        "Total Cost of profits": 5701,
        "Profit after tax corporate income": 13671,
        "Volume": 79866666,
        "Close of Quarter": 7.2,
        "EPS": 1083,
        "Non-adjusted EPS": 1083,
        "PE": 6.7,
        "Book Price": 13.9
      }
    },
    {
      "quarter": "Q3 2016",
      "income status": {
        "Net sales": 297004,
        "Cost of goods sold": 243534,
        "Gross Profit": 53470,
        "Financial expenses": 10000,
        "Of which: Interest expense": 9624,
        "Cost of sales": 1037,
        "Enterprise cost management": 15245,
        "Total Operating Expenses": 26282,
        "Total revenue financing activities": 830,
        "Net profit from business activities": 28019,
        "Profit": -631,
        "Profit before tax": 27388,
        "Present corporate income tax expenses": 5541,
        "Deferred income taxes expenses": "N/A",
        "The interests of minority shareholders": "N/A",
        "Total Cost of profits": 5541,
        "Profit after tax corporate income": 21847,
        "Volume": 79866666,
        "Close of Quarter": 8.6,
        "EPS": 1228,
        "Non-adjusted EPS": 1228,
        "PE": 7.0,
        "Book Price": 13.8
      }
    },
    {
      "quarter": "Q2 2016",
      "income status": {
        "Net sales": 303132,
        "Cost of goods sold": 242209,
        "Gross Profit": 60922,
        "Financial expenses": 6984,
        "Of which: Interest expense": 7864,
        "Cost of sales": 989,
        "Enterprise cost management": 14340,
        "Total Operating Expenses": 22313,
        "Total revenue financing activities": 153,
        "Net profit from business activities": 38762,
        "Profit": -9908,
        "Profit before tax": 28854,
        "Present corporate income tax expenses": 9011,
        "Deferred income taxes expenses": "N/A",
        "The interests of minority shareholders": "N/A",
        "Total Cost of profits": 9011,
        "Profit after tax corporate income": 19843,
        "Volume": 79866666,
        "Close of Quarter": 8.7,
        "EPS": 996,
        "Non-adjusted EPS": 996,
        "PE": 8.7,
        "Book Price": 13.5
      }
    },
    {
      "quarter": "Q1 2016",
      "income status": {
        "Net sales": 295890,
        "Cost of goods sold": 241192,
        "Gross Profit": 54698,
        "Financial expenses": 8425,
        "Of which: Interest expense": 8331,
        "Cost of sales": 735,
        "Enterprise cost management": 12552,
        "Total Operating Expenses": 21712,
        "Total revenue financing activities": 7416,
        "Net profit from business activities": 40403,
        "Profit": -390,
        "Profit before tax": 40013,
        "Present corporate income tax expenses": 8893,
        "Deferred income taxes expenses": "N/A",
        "The interests of minority shareholders": "N/A",
        "Total Cost of profits": 8893,
        "Profit after tax corporate income": 31120,
        "Volume": 79866666,
        "Close of Quarter": 5.4,
        "EPS": 930,
        "Non-adjusted EPS": 930,
        "PE": 5.8,
        "Book Price": 13.9
      }
    },
    {
      "quarter": "Q4 2015",
      "income status": {
        "Net sales": 334541,
        "Cost of goods sold": 276298,
        "Gross Profit": 58243,
        "Financial expenses": 10179,
        "Of which: Interest expense": 10135,
        "Cost of sales": 1713,
        "Enterprise cost management": 14006,
        "Total Operating Expenses": 25898,
        "Total revenue financing activities": 807,
        "Net profit from business activities": 33152,
        "Profit": 179,
        "Profit before tax": 33332,
        "Present corporate income tax expenses": 8058,
        "Deferred income taxes expenses": "N/A",
        "The interests of minority shareholders": "N/A",
        "Total Cost of profits": 8058,
        "Profit after tax corporate income": 25274,
        "Volume": 79866666,
        "Close of Quarter": 5.8,
        "EPS": 691,
        "Non-adjusted EPS": 691,
        "PE": 8.4,
        "Book Price": 13.6
      }
    },
    {
      "quarter": "Q3 2015",
      "income status": {
        "Net sales": 350577,
        "Cost of goods sold": 294286,
        "Gross Profit": 56291,
        "Financial expenses": 38630,
        "Of which: Interest expense": 11483,
        "Cost of sales": 856,
        "Enterprise cost management": 13119,
        "Total Operating Expenses": 52605,
        "Total revenue financing activities": 766,
        "Net profit from business activities": 4453,
        "Profit": 392,
        "Profit before tax": 4845,
        "Present corporate income tax expenses": 1507,
        "Deferred income taxes expenses": "N/A",
        "The interests of minority shareholders": "N/A",
        "Total Cost of profits": 1507,
        "Profit after tax corporate income": 3338,
        "Volume": 79866666,
        "Close of Quarter": 5.6,
        "EPS": 532,
        "Non-adjusted EPS": 532,
        "PE": 10.6,
        "Book Price": 13.3
      }
    },
    {
      "quarter": "Q2 2015",
      "income status": {
        "Net sales": 351754,
        "Cost of goods sold": 309871,
        "Gross Profit": 41882,
        "Financial expenses": 23199,
        "Of which: Interest expense": 11533,
        "Cost of sales": 1180,
        "Enterprise cost management": 10639,
        "Total Operating Expenses": 35018,
        "Total revenue financing activities": 453,
        "Net profit from business activities": 7317,
        "Profit": 11390,
        "Profit before tax": 18707,
        "Present corporate income tax expenses": 4202,
        "Deferred income taxes expenses": "N/A",
        "The interests of minority shareholders": "N/A",
        "Total Cost of profits": 4202,
        "Profit after tax corporate income": 14505,
        "Volume": 79866666,
        "Close of Quarter": 6.0,
        "EPS": 727,
        "Non-adjusted EPS": 727,
        "PE": 8.3,
        "Book Price": 13.3
      }
    },
    {
      "quarter": "Q1 2015",
      "income status": {
        "Net sales": 294880,
        "Cost of goods sold": 257865,
        "Gross Profit": 37015,
        "Financial expenses": 18130,
        "Of which: Interest expense": 11503,
        "Cost of sales": 603,
        "Enterprise cost management": 11184,
        "Total Operating Expenses": 29917,
        "Total revenue financing activities": 796,
        "Net profit from business activities": 7895,
        "Profit": 7654,
        "Profit before tax": 15548,
        "Present corporate income tax expenses": 3448,
        "Deferred income taxes expenses": "N/A",
        "The interests of minority shareholders": "N/A",
        "Total Cost of profits": 3448,
        "Profit after tax corporate income": 12101,
        "Volume": 79866666,
        "Close of Quarter": 6.4,
        "EPS": 765,
        "Non-adjusted EPS": 765,
        "PE": 8.3,
        "Book Price": 13.2
      }
    },
    {
      "quarter": "Q4 2014",
      "income status": {
        "Net sales": 362322,
        "Cost of goods sold": 314972,
        "Gross Profit": 47350,
        "Financial expenses": 20989,
        "Of which: Interest expense": 13860,
        "Cost of sales": 962,
        "Enterprise cost management": 9890,
        "Total Operating Expenses": 31841,
        "Total revenue financing activities": 944,
        "Net profit from business activities": 16453,
        "Profit": 332,
        "Profit before tax": 16785,
        "Present corporate income tax expenses": 4236,
        "Deferred income taxes expenses": "N/A",
        "The interests of minority shareholders": "N/A",
        "Total Cost of profits": 4236,
        "Profit after tax corporate income": 12549,
        "Volume": 79866666,
        "Close of Quarter": 7.0,
        "EPS": 661,
        "Non-adjusted EPS": 661,
        "PE": 10.7,
        "Book Price": 13.1
      }
    },
    {
      "quarter": "Q3 2014",
      "income status": {
        "Net sales": 370858,
        "Cost of goods sold": 328210,
        "Gross Profit": 42648,
        "Financial expenses": 9766,
        "Of which: Interest expense": 14439,
        "Cost of sales": 490,
        "Enterprise cost management": 9450,
        "Total Operating Expenses": 19706,
        "Total revenue financing activities": 755,
        "Net profit from business activities": 23697,
        "Profit": 68,
        "Profit before tax": 23766,
        "Present corporate income tax expenses": 4875,
        "Deferred income taxes expenses": "N/A",
        "The interests of minority shareholders": "N/A",
        "Total Cost of profits": 4875,
        "Profit after tax corporate income": 18891,
        "Volume": 79866666,
        "Close of Quarter": 6.5,
        "EPS": 759,
        "Non-adjusted EPS": 759,
        "PE": 8.6,
        "Book Price": 13.3
      }
    },
    {
      "quarter": "Q2 2014",
      "income status": {
        "Net sales": 378084,
        "Cost of goods sold": 330737,
        "Gross Profit": 47348,
        "Financial expenses": 24866,
        "Of which: Interest expense": 14463,
        "Cost of sales": 638,
        "Enterprise cost management": 9010,
        "Total Operating Expenses": 34514,
        "Total revenue financing activities": 852,
        "Net profit from business activities": 13500,
        "Profit": 8692,
        "Profit before tax": 22192,
        "Present corporate income tax expenses": 4322,
        "Deferred income taxes expenses": 320,
        "The interests of minority shareholders": "N/A",
        "Total Cost of profits": 4642,
        "Profit after tax corporate income": 17551,
        "Volume": 79866666,
        "Close of Quarter": 5.6,
        "EPS": 623,
        "Non-adjusted EPS": 623,
        "PE": 8.9,
        "Book Price": 13
      }
    },
    {
      "quarter": "Q1 2014",
      "income status": {
        "Net sales": 414812,
        "Cost of goods sold": 384895,
        "Gross Profit": 29917,
        "Financial expenses": 14836,
        "Of which: Interest expense": 14978,
        "Cost of sales": 829,
        "Enterprise cost management": 10410,
        "Total Operating Expenses": 26075,
        "Total revenue financing activities": 998,
        "Net profit from business activities": 4841,
        "Profit": -7,
        "Profit before tax": 4834,
        "Present corporate income tax expenses": 1056,
        "Deferred income taxes expenses": "N/A",
        "The interests of minority shareholders": "N/A",
        "Total Cost of profits": 1056,
        "Profit after tax corporate income": 3778,
        "Volume": 79866666,
        "Close of Quarter": 6.7,
        "EPS": 695,
        "Non-adjusted EPS": 695,
        "PE": 9.7,
        "Book Price": 13.2
      }
    },
    {
      "quarter": "Q4 2013",
      "income status": {
        "Net sales": 362619,
        "Cost of goods sold": 309612,
        "Gross Profit": 53007,
        "Financial expenses": 16656,
        "Of which: Interest expense": "N/A",
        "Cost of sales": 619,
        "Enterprise cost management": 8809,
        "Total Operating Expenses": 26084,
        "Total revenue financing activities": 1209,
        "Net profit from business activities": 28132,
        "Profit": 34,
        "Profit before tax": 28165,
        "Present corporate income tax expenses": 7795,
        "Deferred income taxes expenses": "N/A",
        "The interests of minority shareholders": "N/A",
        "Total Cost of profits": 7795,
        "Profit after tax corporate income": 20370,
        "Volume": 79866666,
        "Close of Quarter": 4.8,
        "EPS": 549,
        "Non-adjusted EPS": 549,
        "PE": 8.8,
        "Book Price": 13.2
      }
    },
    {
      "quarter": "Q3 2013",
      "income status": {
        "Net sales": 393573,
        "Cost of goods sold": 359831,
        "Gross Profit": 33742,
        "Financial expenses": 15671,
        "Of which: Interest expense": 16907,
        "Cost of sales": 518,
        "Enterprise cost management": 9147,
        "Total Operating Expenses": 25336,
        "Total revenue financing activities": 2247,
        "Net profit from business activities": 10654,
        "Profit": 398,
        "Profit before tax": 11052,
        "Present corporate income tax expenses": 3008,
        "Deferred income taxes expenses": "N/A",
        "The interests of minority shareholders": "N/A",
        "Total Cost of profits": 3008,
        "Profit after tax corporate income": 8044,
        "Volume": 79866666,
        "Close of Quarter": 3.1,
        "EPS": 305,
        "Non-adjusted EPS": 305,
        "PE": 10.0,
        "Book Price": 12.9
      }
    },
    {
      "quarter": "Q2 2013",
      "income status": {
        "Net sales": 435019,
        "Cost of goods sold": 406452,
        "Gross Profit": 28567,
        "Financial expenses": 31814,
        "Of which: Interest expense": 19581,
        "Cost of sales": 587,
        "Enterprise cost management": 8788,
        "Total Operating Expenses": 41189,
        "Total revenue financing activities": 2571,
        "Net profit from business activities": -10051,
        "Profit": 37866,
        "Profit before tax": 27815,
        "Present corporate income tax expenses": 4505,
        "Deferred income taxes expenses": "N/A",
        "The interests of minority shareholders": "N/A",
        "Total Cost of profits": 4505,
        "Profit after tax corporate income": 23309,
        "Volume": 79866666,
        "Close of Quarter": 3.3,
        "EPS": 365,
        "Non-adjusted EPS": 365,
        "PE": 9.0,
        "Book Price": 12.8
      }
    },
    {
      "quarter": "Q1 2013",
      "income status": {
        "Net sales": 372939,
        "Cost of goods sold": 347382,
        "Gross Profit": 25557,
        "Financial expenses": 26661,
        "Of which: Interest expense": 20703,
        "Cost of sales": 483,
        "Enterprise cost management": 9200,
        "Total Operating Expenses": 36344,
        "Total revenue financing activities": 3512,
        "Net profit from business activities": -7275,
        "Profit": -106,
        "Profit before tax": -7381,
        "Present corporate income tax expenses": 528,
        "Deferred income taxes expenses": "N/A",
        "The interests of minority shareholders": "N/A",
        "Total Cost of profits": 528,
        "Profit after tax corporate income": -7909,
        "Volume": 79866666,
        "Close of Quarter": 3.6,
        "EPS": 319,
        "Non-adjusted EPS": 319,
        "PE": 11.2,
        "Book Price": 12.9
      }
    },
    {
      "quarter": "Q4 2012",
      "income status": {
        "Net sales": 413687,
        "Cost of goods sold": 384298,
        "Gross Profit": 29389,
        "Financial expenses": 22379,
        "Of which: Interest expense": 23901,
        "Cost of sales": 529,
        "Enterprise cost management": 7911,
        "Total Operating Expenses": 30819,
        "Total revenue financing activities": 4767,
        "Net profit from business activities": 3337,
        "Profit": 243,
        "Profit before tax": 3581,
        "Present corporate income tax expenses": 1669,
        "Deferred income taxes expenses": 1011,
        "The interests of minority shareholders": "N/A",
        "Total Cost of profits": 2680,
        "Profit after tax corporate income": 901,
        "Volume": 79866666,
        "Close of Quarter": 3.3,
        "EPS": 563,
        "Non-adjusted EPS": 563,
        "PE": 5.8,
        "Book Price": 13
      }
    },
    {
      "quarter": "Q3 2012",
      "income status": {
        "Net sales": 441517,
        "Cost of goods sold": 398273,
        "Gross Profit": 43244,
        "Financial expenses": 23224,
        "Of which: Interest expense": 22781,
        "Cost of sales": 524,
        "Enterprise cost management": 8656,
        "Total Operating Expenses": 32404,
        "Total revenue financing activities": 3526,
        "Net profit from business activities": 14365,
        "Profit": -104,
        "Profit before tax": 14261,
        "Present corporate income tax expenses": 1423,
        "Deferred income taxes expenses": "N/A",
        "The interests of minority shareholders": "N/A",
        "Total Cost of profits": 1423,
        "Profit after tax corporate income": 12838,
        "Volume": 79866666,
        "Close of Quarter": 3.2,
        "EPS": 649,
        "Non-adjusted EPS": 649,
        "PE": 5.0,
        "Book Price": 12.9
      }
    },
    {
      "quarter": "Q2 2012",
      "income status": {
        "Net sales": 391095,
        "Cost of goods sold": 325234,
        "Gross Profit": 65861,
        "Financial expenses": 40345,
        "Of which: Interest expense": 27022,
        "Cost of sales": 310,
        "Enterprise cost management": 8835,
        "Total Operating Expenses": 49490,
        "Total revenue financing activities": 5832,
        "Net profit from business activities": 22204,
        "Profit": -127,
        "Profit before tax": 22077,
        "Present corporate income tax expenses": 2462,
        "Deferred income taxes expenses": "N/A",
        "The interests of minority shareholders": "N/A",
        "Total Cost of profits": 2462,
        "Profit after tax corporate income": 19615,
        "Volume": 79866666,
        "Close of Quarter": 3.8,
        "EPS": 696,
        "Non-adjusted EPS": 696,
        "PE": 5.4,
        "Book Price": 12.8
      }
    },
    {
      "quarter": "Q1 2012",
      "income status": {
        "Net sales": 394824,
        "Cost of goods sold": 328256,
        "Gross Profit": 66569,
        "Financial expenses": 49899,
        "Of which: Interest expense": 25850,
        "Cost of sales": 465,
        "Enterprise cost management": 7978,
        "Total Operating Expenses": 58342,
        "Total revenue financing activities": 5056,
        "Net profit from business activities": 13282,
        "Profit": -325,
        "Profit before tax": 12957,
        "Present corporate income tax expenses": 1371,
        "Deferred income taxes expenses": "N/A",
        "The interests of minority shareholders": "N/A",
        "Total Cost of profits": 1371,
        "Profit after tax corporate income": 11586,
        "Volume": 79866666,
        "Close of Quarter": 3.2,
        "EPS": 757,
        "Non-adjusted EPS": 757,
        "PE": 4.2,
        "Book Price": 13.2
      }
    },
    {
      "quarter": "Q4 2011",
      "income status": {
        "Net sales": 403853,
        "Cost of goods sold": 308409,
        "Gross Profit": 95443,
        "Financial expenses": 76646,
        "Of which: Interest expense": 28201,
        "Cost of sales": 510,
        "Enterprise cost management": 11556,
        "Total Operating Expenses": 88712,
        "Total revenue financing activities": 3447,
        "Net profit from business activities": 10179,
        "Profit": 224,
        "Profit before tax": 10403,
        "Present corporate income tax expenses": 4388,
        "Deferred income taxes expenses": -1759,
        "The interests of minority shareholders": "N/A",
        "Total Cost of profits": 2629,
        "Profit after tax corporate income": 7773,
        "Volume": 79866666,
        "Close of Quarter": 2.8,
        "EPS": 833,
        "Non-adjusted EPS": 833,
        "PE": 3.4,
        "Book Price": 13
      }
    },
    {
      "quarter": "Q3 2011",
      "income status": {
        "Net sales": 416934,
        "Cost of goods sold": 314707,
        "Gross Profit": 102227,
        "Financial expenses": 80188,
        "Of which: Interest expense": 30291,
        "Cost of sales": 578,
        "Enterprise cost management": 9032,
        "Total Operating Expenses": 89798,
        "Total revenue financing activities": 6174,
        "Net profit from business activities": 18603,
        "Profit": 14,
        "Profit before tax": 18617,
        "Present corporate income tax expenses": 2035,
        "Deferred income taxes expenses": "N/A",
        "The interests of minority shareholders": "N/A",
        "Total Cost of profits": 2035,
        "Profit after tax corporate income": 16583,
        "Volume": 79866666,
        "Close of Quarter": 3.4,
        "EPS": 1228,
        "Non-adjusted EPS": 1228,
        "PE": 2.8,
        "Book Price": 13
      }
    },
    {
      "quarter": "Q2 2011",
      "income status": {
        "Net sales": 443912,
        "Cost of goods sold": 326650,
        "Gross Profit": 117263,
        "Financial expenses": 83938,
        "Of which: Interest expense": 32216,
        "Cost of sales": 496,
        "Enterprise cost management": 9477,
        "Total Operating Expenses": 93911,
        "Total revenue financing activities": 4407,
        "Net profit from business activities": 27758,
        "Profit": 6,
        "Profit before tax": 27765,
        "Present corporate income tax expenses": 3239,
        "Deferred income taxes expenses": "N/A",
        "The interests of minority shareholders": "N/A",
        "Total Cost of profits": 3239,
        "Profit after tax corporate income": 24526,
        "Volume": 79866666,
        "Close of Quarter": 3.3,
        "EPS": 1222,
        "Non-adjusted EPS": 1222,
        "PE": 2.7,
        "Book Price": 12.8
      }
    },
    {
      "quarter": "Q1 2011",
      "income status": {
        "Net sales": 400901,
        "Cost of goods sold": 297150,
        "Gross Profit": 103751,
        "Financial expenses": 79345,
        "Of which: Interest expense": 44090,
        "Cost of sales": 709,
        "Enterprise cost management": 8445,
        "Total Operating Expenses": 88499,
        "Total revenue financing activities": 4333,
        "Net profit from business activities": 19584,
        "Profit": -102,
        "Profit before tax": 19483,
        "Present corporate income tax expenses": 1869,
        "Deferred income taxes expenses": "N/A",
        "The interests of minority shareholders": "N/A",
        "Total Cost of profits": 1869,
        "Profit after tax corporate income": 17613,
        "Volume": 79866666,
        "Close of Quarter": 4.3,
        "EPS": 1108,
        "Non-adjusted EPS": 1108,
        "PE": 3.8,
        "Book Price": 13.1
      }
    }
  ]
}