{
  "ticker": "DGC",
  "data": [
    {
      "quarter": "Q4 2016",
      "income status": {
        "Net sales": 796689,
        "Cost of goods sold": 705090,
        "Gross Profit": 91599,
        "Financial expenses": 10089,
        "Of which: Interest expense": 1693,
        "Cost of sales": 39502,
        "Enterprise cost management": 12112,
        "Total Operating Expenses": 61703,
        "Total revenue financing activities": 9111,
        "Net profit from business activities": 63387,
        "Profit": -248,
        "Profit before tax": 63140,
        "Present corporate income tax expenses": 7580,
        "Deferred income taxes expenses": "N/A",
        "The interests of minority shareholders": 9342,
        "Total Cost of profits": 16922,
        "Profit after tax corporate income": 46218,
        "Volume": 50008875,
        "Close of Quarter": 41.5,
        "EPS": 4727,
        "Non-adjusted EPS": 4727,
        "PE": 8.8,
        "Book Price": 27.2
      }
    },
    {
      "quarter": "Q3 2016",
      "income status": {
        "Net sales": 636922,
        "Cost of goods sold": 537116,
        "Gross Profit": 99807,
        "Financial expenses": 1633,
        "Of which: Interest expense": 1124,
        "Cost of sales": 32171,
        "Enterprise cost management": 11811,
        "Total Operating Expenses": 45615,
        "Total revenue financing activities": 6536,
        "Net profit from business activities": 84199,
        "Profit": 615,
        "Profit before tax": 84814,
        "Present corporate income tax expenses": 4990,
        "Deferred income taxes expenses": 26,
        "The interests of minority shareholders": 17991,
        "Total Cost of profits": 23007,
        "Profit after tax corporate income": 61807,
        "Volume": 50008875,
        "Close of Quarter": 57.3,
        "EPS": 5042,
        "Non-adjusted EPS": 5042,
        "PE": 11.4,
        "Book Price": 26.1
      }
    },
    {
      "quarter": "Q2 2016",
      "income status": {
        "Net sales": 589957,
        "Cost of goods sold": 471920,
        "Gross Profit": 118038,
        "Financial expenses": 4778,
        "Of which: Interest expense": 1423,
        "Cost of sales": 31880,
        "Enterprise cost management": 10091,
        "Total Operating Expenses": 46749,
        "Total revenue financing activities": 7912,
        "Net profit from business activities": 99912,
        "Profit": 65,
        "Profit before tax": 99977,
        "Present corporate income tax expenses": 5604,
        "Deferred income taxes expenses": -23,
        "The interests of minority shareholders": 25455,
        "Total Cost of profits": 31036,
        "Profit after tax corporate income": 68942,
        "Volume": 42209132,
        "Close of Quarter": 42.3,
        "EPS": 5500.6,
        "Non-adjusted EPS": 6517,
        "PE": 6.5,
        "Book Price": 24.5
      }
    },
    {
      "quarter": "Q1 2016",
      "income status": {
        "Net sales": 598495,
        "Cost of goods sold": 488579,
        "Gross Profit": 109916,
        "Financial expenses": 2486,
        "Of which: Interest expense": 1241,
        "Cost of sales": 27262,
        "Enterprise cost management": 8973,
        "Total Operating Expenses": 38721,
        "Total revenue financing activities": 7780,
        "Net profit from business activities": 89734,
        "Profit": "N/A",
        "Profit before tax": 89734,
        "Present corporate income tax expenses": 5118,
        "Deferred income taxes expenses": 42,
        "The interests of minority shareholders": 25151,
        "Total Cost of profits": 30311,
        "Profit after tax corporate income": 59422,
        "Volume": 42209132,
        "Close of Quarter": 36.9,
        "EPS": 5424.6,
        "Non-adjusted EPS": 6427,
        "PE": 5.7,
        "Book Price": 24.0
      }
    },
    {
      "quarter": "Q4 2015",
      "income status": {
        "Net sales": 653397,
        "Cost of goods sold": 525727,
        "Gross Profit": 127670,
        "Financial expenses": 12055,
        "Of which: Interest expense": 1478,
        "Cost of sales": 37434,
        "Enterprise cost management": 9099,
        "Total Operating Expenses": 58588,
        "Total revenue financing activities": 6624,
        "Net profit from business activities": 92175,
        "Profit": -120,
        "Profit before tax": 92055,
        "Present corporate income tax expenses": 6018,
        "Deferred income taxes expenses": 8,
        "The interests of minority shareholders": 24040,
        "Total Cost of profits": 30066,
        "Profit after tax corporate income": 61988,
        "Volume": 42209132,
        "Close of Quarter": 41.9,
        "EPS": 5284.5,
        "Non-adjusted EPS": 6261,
        "PE": 6.7,
        "Book Price": 24.6
      }
    },
    {
      "quarter": "Q3 2015",
      "income status": {
        "Net sales": 561180,
        "Cost of goods sold": 443370,
        "Gross Profit": 117810,
        "Financial expenses": 6307,
        "Of which: Interest expense": 1902,
        "Cost of sales": 30073,
        "Enterprise cost management": 10152,
        "Total Operating Expenses": 46532,
        "Total revenue financing activities": 9181,
        "Net profit from business activities": 120111,
        "Profit": 122,
        "Profit before tax": 120233,
        "Present corporate income tax expenses": 7926,
        "Deferred income taxes expenses": -4,
        "The interests of minority shareholders": 27587,
        "Total Cost of profits": 35509,
        "Profit after tax corporate income": 84724,
        "Volume": 42209132,
        "Close of Quarter": 28.2,
        "EPS": 4937.6,
        "Non-adjusted EPS": 5850,
        "PE": 4.8,
        "Book Price": 22.8
      }
    },
    {
      "quarter": "Q2 2015",
      "income status": {
        "Net sales": 593391,
        "Cost of goods sold": 484370,
        "Gross Profit": 109021,
        "Financial expenses": 7608,
        "Of which: Interest expense": 1864,
        "Cost of sales": 32462,
        "Enterprise cost management": 12356,
        "Total Operating Expenses": 52426,
        "Total revenue financing activities": 6452,
        "Net profit from business activities": 92060,
        "Profit": -132,
        "Profit before tax": 91928,
        "Present corporate income tax expenses": -9612,
        "Deferred income taxes expenses": 19217,
        "The interests of minority shareholders": 17196,
        "Total Cost of profits": 26801,
        "Profit after tax corporate income": 65128,
        "Volume": 33499366,
        "Close of Quarter": 22.6,
        "EPS": 3994.4,
        "Non-adjusted EPS": 5963,
        "PE": 3.8,
        "Book Price": 20.3
      }
    },
    {
      "quarter": "Q1 2015",
      "income status": {
        "Net sales": 630238,
        "Cost of goods sold": 509383,
        "Gross Profit": 120855,
        "Financial expenses": 4400,
        "Of which: Interest expense": 2855,
        "Cost of sales": 35194,
        "Enterprise cost management": 12372,
        "Total Operating Expenses": 51966,
        "Total revenue financing activities": 4238,
        "Net profit from business activities": 83491,
        "Profit": 177,
        "Profit before tax": 83668,
        "Present corporate income tax expenses": 9636,
        "Deferred income taxes expenses": -18,
        "The interests of minority shareholders": 21613,
        "Total Cost of profits": 31231,
        "Profit after tax corporate income": 52437,
        "Volume": 33499366,
        "Close of Quarter": 24.4,
        "EPS": 3220.1,
        "Non-adjusted EPS": 4807,
        "PE": 5.1,
        "Book Price": 19.6
      }
    },
    {
      "quarter": "Q4 2014",
      "income status": {
        "Net sales": 570930,
        "Cost of goods sold": 476968,
        "Gross Profit": 93962,
        "Financial expenses": 5499,
        "Of which: Interest expense": 2834,
        "Cost of sales": 24063,
        "Enterprise cost management": 7174,
        "Total Operating Expenses": 36736,
        "Total revenue financing activities": 8655,
        "Net profit from business activities": 72097,
        "Profit": 247,
        "Profit before tax": 72344,
        "Present corporate income tax expenses": 11248,
        "Deferred income taxes expenses": "N/A",
        "The interests of minority shareholders": 16441,
        "Total Cost of profits": 27689,
        "Profit after tax corporate income": 44654,
        "Volume": 33499366,
        "Close of Quarter": 22,
        "EPS": 3021.8,
        "Non-adjusted EPS": 4511,
        "PE": 4.9,
        "Book Price": 19.0
      }
    },
    {
      "quarter": "Q3 2014",
      "income status": {
        "Net sales": 540230,
        "Cost of goods sold": 448215,
        "Gross Profit": 92015,
        "Financial expenses": 4630,
        "Of which: Interest expense": 3298,
        "Cost of sales": 22087,
        "Enterprise cost management": 7457,
        "Total Operating Expenses": 34174,
        "Total revenue financing activities": 8256,
        "Net profit from business activities": 66237,
        "Profit": -46,
        "Profit before tax": 66191,
        "Present corporate income tax expenses": 8816,
        "Deferred income taxes expenses": "N/A",
        "The interests of minority shareholders": 19822,
        "Total Cost of profits": 28638,
        "Profit after tax corporate income": 37553,
        "Volume": 33499366,
        "Close of Quarter": 23.6,
        "EPS": 3252.9,
        "Non-adjusted EPS": 4856,
        "PE": 4.9,
        "Book Price": 17.8
      }
    },
    {
      "quarter": "Q2 2014",
      "income status": {
        "Net sales": 468750,
        "Cost of goods sold": 398960,
        "Gross Profit": 69790,
        "Financial expenses": 8301,
        "Of which: Interest expense": 2079,
        "Cost of sales": 16503,
        "Enterprise cost management": 8344,
        "Total Operating Expenses": 33148,
        "Total revenue financing activities": 10773,
        "Net profit from business activities": 45939,
        "Profit": -60,
        "Profit before tax": 45879,
        "Present corporate income tax expenses": 6172,
        "Deferred income taxes expenses": "N/A",
        "The interests of minority shareholders": 13321,
        "Total Cost of profits": 19493,
        "Profit after tax corporate income": 26386,
        "Volume": 33499366,
        "Close of Quarter": "N/A",
        "EPS": 3394.2,
        "Non-adjusted EPS": 5067,
        "PE": "N/A",
        "Book Price": 16.6
      }
    },
    {
      "quarter": "Q1 2014",
      "income status": {
        "Net sales": 456735,
        "Cost of goods sold": 359084,
        "Gross Profit": 97651,
        "Financial expenses": 1815,
        "Of which: Interest expense": 1498,
        "Cost of sales": 19934,
        "Enterprise cost management": 5339,
        "Total Operating Expenses": 27088,
        "Total revenue financing activities": 6945,
        "Net profit from business activities": 77508,
        "Profit": -56,
        "Profit before tax": 77452,
        "Present corporate income tax expenses": 11449,
        "Deferred income taxes expenses": "N/A",
        "The interests of minority shareholders": 23470,
        "Total Cost of profits": 34919,
        "Profit after tax corporate income": 42533,
        "Volume": 33499366,
        "Close of Quarter": "N/A",
        "EPS": 3753.9,
        "Non-adjusted EPS": 5604,
        "PE": "N/A",
        "Book Price": 15.9
      }
    },
    {
      "quarter": "Q3 2013",
      "income status": {
        "Net sales": 477658,
        "Cost of goods sold": 359447,
        "Gross Profit": 118211,
        "Financial expenses": 3069,
        "Of which: Interest expense": 1216,
        "Cost of sales": 22673,
        "Enterprise cost management": 4117,
        "Total Operating Expenses": 29859,
        "Total revenue financing activities": 8762,
        "Net profit from business activities": 97114,
        "Profit": -170,
        "Profit before tax": 96988,
        "Present corporate income tax expenses": 8237,
        "Deferred income taxes expenses": 1,
        "The interests of minority shareholders": 32538,
        "Total Cost of profits": 40776,
        "Profit after tax corporate income": 56212,
        "Volume": 33499366,
        "Close of Quarter": "N/A",
        "EPS": 2903.2,
        "Non-adjusted EPS": 4334,
        "PE": "N/A",
        "Book Price": 11.9
      }
    },
    {
      "quarter": "Q3 2012",
      "income status": {
        "Net sales": 516797,
        "Cost of goods sold": 398199,
        "Gross Profit": 118598,
        "Financial expenses": 1334,
        "Of which: Interest expense": 767,
        "Cost of sales": 26123,
        "Enterprise cost management": 5817,
        "Total Operating Expenses": 33274,
        "Total revenue financing activities": 6418,
        "Net profit from business activities": 91742,
        "Profit": -471,
        "Profit before tax": 91271,
        "Present corporate income tax expenses": 12924,
        "Deferred income taxes expenses": "N/A",
        "The interests of minority shareholders": 33750,
        "Total Cost of profits": 46674,
        "Profit after tax corporate income": 44597,
        "Volume": 33499366,
        "Close of Quarter": "N/A",
        "EPS": 1779.2,
        "Non-adjusted EPS": 2656,
        "PE": "N/A",
        "Book Price": "N/A"
      }
    },
    {
      "quarter": "Q2 2012",
      "income status": {
        "Net sales": 506955,
        "Cost of goods sold": 395573,
        "Gross Profit": 111382,
        "Financial expenses": 1922,
        "Of which: Interest expense": 1259,
        "Cost of sales": 24814,
        "Enterprise cost management": 4296,
        "Total Operating Expenses": 31032,
        "Total revenue financing activities": 3254,
        "Net profit from business activities": 83604,
        "Profit": -1020,
        "Profit before tax": 82583,
        "Present corporate income tax expenses": 15461,
        "Deferred income taxes expenses": "N/A",
        "The interests of minority shareholders": 22751,
        "Total Cost of profits": 38212,
        "Profit after tax corporate income": 44372,
        "Volume": 33499366,
        "Close of Quarter": "N/A",
        "EPS": 887.6,
        "Non-adjusted EPS": 1325,
        "PE": "N/A",
        "Book Price": "N/A"
      }
    }
  ]
}