{
  "ticker": "THS",
  "data": [
    {
      "quarter": "Q4 2016",
      "income status": {
        "Net sales": 49908,
        "Cost of goods sold": 43118,
        "Gross Profit": 6790,
        "Financial expenses": 165,
        "Of which: Interest expense": 165,
        "Cost of sales": 3375,
        "Enterprise cost management": 1566,
        "Total Operating Expenses": 5106,
        "Total revenue financing activities": 75,
        "Net profit from business activities": 1758,
        "Profit": 400,
        "Profit before tax": 2158,
        "Present corporate income tax expenses": 420,
        "Deferred income taxes expenses": "N/A",
        "The interests of minority shareholders": "N/A",
        "Total Cost of profits": 420,
        "Profit after tax corporate income": 1739,
        "Volume": 3000000,
        "Close of Quarter": 6.5,
        "EPS": 1667,
        "Non-adjusted EPS": 1667,
        "PE": 3.9,
        "Book Price": 12.5
      }
    },
    {
      "quarter": "Q3 2016",
      "income status": {
        "Net sales": 46377,
        "Cost of goods sold": 43682,
        "Gross Profit": 2695,
        "Financial expenses": 101,
        "Of which: Interest expense": 101,
        "Cost of sales": 1755,
        "Enterprise cost management": 927,
        "Total Operating Expenses": 2783,
        "Total revenue financing activities": 77,
        "Net profit from business activities": -11,
        "Profit": 483,
        "Profit before tax": 472,
        "Present corporate income tax expenses": 123,
        "Deferred income taxes expenses": "N/A",
        "The interests of minority shareholders": "N/A",
        "Total Cost of profits": 123,
        "Profit after tax corporate income": 349,
        "Volume": 3000000,
        "Close of Quarter": 6.5,
        "EPS": 1473,
        "Non-adjusted EPS": 1473,
        "PE": 4.4,
        "Book Price": 11.9
      }
    },
    {
      "quarter": "Q2 2016",
      "income status": {
        "Net sales": 70791,
        "Cost of goods sold": 66611,
        "Gross Profit": 4180,
        "Financial expenses": 157,
        "Of which: Interest expense": 157,
        "Cost of sales": 2210,
        "Enterprise cost management": 1327,
        "Total Operating Expenses": 3694,
        "Total revenue financing activities": 113,
        "Net profit from business activities": 599,
        "Profit": 3060,
        "Profit before tax": 3659,
        "Present corporate income tax expenses": 728,
        "Deferred income taxes expenses": "N/A",
        "The interests of minority shareholders": "N/A",
        "Total Cost of profits": 728,
        "Profit after tax corporate income": 2931,
        "Volume": 3000000,
        "Close of Quarter": 7.4,
        "EPS": 1574,
        "Non-adjusted EPS": 1574,
        "PE": 4.7,
        "Book Price": 11.8
      }
    },
    {
      "quarter": "Q1 2016",
      "income status": {
        "Net sales": 63384,
        "Cost of goods sold": 60310,
        "Gross Profit": 3074,
        "Financial expenses": 188,
        "Of which: Interest expense": 188,
        "Cost of sales": 1807,
        "Enterprise cost management": 1276,
        "Total Operating Expenses": 3271,
        "Total revenue financing activities": 97,
        "Net profit from business activities": -101,
        "Profit": 82,
        "Profit before tax": -19,
        "Present corporate income tax expenses": "N/A",
        "Deferred income taxes expenses": "N/A",
        "The interests of minority shareholders": "N/A",
        "Total Cost of profits": 0,
        "Profit after tax corporate income": -19,
        "Volume": 3000000,
        "Close of Quarter": 5.7,
        "EPS": 784,
        "Non-adjusted EPS": 784,
        "PE": 7.3,
        "Book Price": 11.8
      }
    },
    {
      "quarter": "Q4 2015",
      "income status": {
        "Net sales": 46136,
        "Cost of goods sold": 42451,
        "Gross Profit": 3685,
        "Financial expenses": 218,
        "Of which: Interest expense": 218,
        "Cost of sales": 2947,
        "Enterprise cost management": 1264,
        "Total Operating Expenses": 4429,
        "Total revenue financing activities": 101,
        "Net profit from business activities": -642,
        "Profit": 2135,
        "Profit before tax": 1493,
        "Present corporate income tax expenses": 336,
        "Deferred income taxes expenses": "N/A",
        "The interests of minority shareholders": "N/A",
        "Total Cost of profits": 336,
        "Profit after tax corporate income": 1157,
        "Volume": 3000000,
        "Close of Quarter": 5.2,
        "EPS": 1056,
        "Non-adjusted EPS": 1056,
        "PE": 4.9,
        "Book Price": 11.8
      }
    },
    {
      "quarter": "Q3 2015",
      "income status": {
        "Net sales": 37300,
        "Cost of goods sold": 34451,
        "Gross Profit": 2850,
        "Financial expenses": 99,
        "Of which: Interest expense": 99,
        "Cost of sales": 1703,
        "Enterprise cost management": 915,
        "Total Operating Expenses": 2717,
        "Total revenue financing activities": 88,
        "Net profit from business activities": 220,
        "Profit": 616,
        "Profit before tax": 836,
        "Present corporate income tax expenses": 184,
        "Deferred income taxes expenses": "N/A",
        "The interests of minority shareholders": "N/A",
        "Total Cost of profits": 184,
        "Profit after tax corporate income": 652,
        "Volume": 3000000,
        "Close of Quarter": 5.4,
        "EPS": 951,
        "Non-adjusted EPS": 951,
        "PE": 5.7,
        "Book Price": 11.4
      }
    },
    {
      "quarter": "Q2 2015",
      "income status": {
        "Net sales": 62933,
        "Cost of goods sold": 59610,
        "Gross Profit": 3323,
        "Financial expenses": 43,
        "Of which: Interest expense": 43,
        "Cost of sales": 2053,
        "Enterprise cost management": 1232,
        "Total Operating Expenses": 3328,
        "Total revenue financing activities": 129,
        "Net profit from business activities": 124,
        "Profit": 620,
        "Profit before tax": 744,
        "Present corporate income tax expenses": 183,
        "Deferred income taxes expenses": "N/A",
        "The interests of minority shareholders": "N/A",
        "Total Cost of profits": 183,
        "Profit after tax corporate income": 561,
        "Volume": 3000000,
        "Close of Quarter": 5.0,
        "EPS": 1034,
        "Non-adjusted EPS": 1034,
        "PE": 4.9,
        "Book Price": 11.2
      }
    },
    {
      "quarter": "Q1 2015",
      "income status": {
        "Net sales": 50138,
        "Cost of goods sold": 47130,
        "Gross Profit": 3007,
        "Financial expenses": 21,
        "Of which: Interest expense": 21,
        "Cost of sales": 1794,
        "Enterprise cost management": 902,
        "Total Operating Expenses": 2717,
        "Total revenue financing activities": 78,
        "Net profit from business activities": 368,
        "Profit": 656,
        "Profit before tax": 1024,
        "Present corporate income tax expenses": 225,
        "Deferred income taxes expenses": "N/A",
        "The interests of minority shareholders": "N/A",
        "Total Cost of profits": 225,
        "Profit after tax corporate income": 799,
        "Volume": 3000000,
        "Close of Quarter": 4.9,
        "EPS": 978,
        "Non-adjusted EPS": 978,
        "PE": 5.0,
        "Book Price": 11
      }
    },
    {
      "quarter": "Q4 2014",
      "income status": {
        "Net sales": 37058,
        "Cost of goods sold": 33165,
        "Gross Profit": 3894,
        "Financial expenses": 47,
        "Of which: Interest expense": 47,
        "Cost of sales": 2498,
        "Enterprise cost management": 1207,
        "Total Operating Expenses": 3752,
        "Total revenue financing activities": 87,
        "Net profit from business activities": 228,
        "Profit": 849,
        "Profit before tax": 1077,
        "Present corporate income tax expenses": 237,
        "Deferred income taxes expenses": "N/A",
        "The interests of minority shareholders": "N/A",
        "Total Cost of profits": 237,
        "Profit after tax corporate income": 840,
        "Volume": 3000000,
        "Close of Quarter": 4.3,
        "EPS": 826,
        "Non-adjusted EPS": 826,
        "PE": 5.2,
        "Book Price": 11.4
      }
    },
    {
      "quarter": "Q3 2014",
      "income status": {
        "Net sales": 29628,
        "Cost of goods sold": 26817,
        "Gross Profit": 2810,
        "Financial expenses": 19,
        "Of which: Interest expense": 19,
        "Cost of sales": 1791,
        "Enterprise cost management": 826,
        "Total Operating Expenses": 2636,
        "Total revenue financing activities": 61,
        "Net profit from business activities": 235,
        "Profit": 927,
        "Profit before tax": 1162,
        "Present corporate income tax expenses": 261,
        "Deferred income taxes expenses": "N/A",
        "The interests of minority shareholders": "N/A",
        "Total Cost of profits": 261,
        "Profit after tax corporate income": 901,
        "Volume": 3000000,
        "Close of Quarter": 4.9,
        "EPS": 643,
        "Non-adjusted EPS": 643,
        "PE": 7.6,
        "Book Price": 11.8
      }
    },
    {
      "quarter": "Q2 2014",
      "income status": {
        "Net sales": 50307,
        "Cost of goods sold": 48039,
        "Gross Profit": 2268,
        "Financial expenses": 123,
        "Of which: Interest expense": 123,
        "Cost of sales": 1879,
        "Enterprise cost management": 890,
        "Total Operating Expenses": 2892,
        "Total revenue financing activities": 52,
        "Net profit from business activities": -571,
        "Profit": 1144,
        "Profit before tax": 573,
        "Present corporate income tax expenses": 178,
        "Deferred income taxes expenses": "N/A",
        "The interests of minority shareholders": "N/A",
        "Total Cost of profits": 178,
        "Profit after tax corporate income": 395,
        "Volume": 3000000,
        "Close of Quarter": 7.6,
        "EPS": 576,
        "Non-adjusted EPS": 576,
        "PE": 13.2,
        "Book Price": 11.5
      }
    },
    {
      "quarter": "Q1 2014",
      "income status": {
        "Net sales": 36749,
        "Cost of goods sold": 34324,
        "Gross Profit": 2424,
        "Financial expenses": 119,
        "Of which: Interest expense": 119,
        "Cost of sales": 1954,
        "Enterprise cost management": 873,
        "Total Operating Expenses": 2946,
        "Total revenue financing activities": 58,
        "Net profit from business activities": -463,
        "Profit": 902,
        "Profit before tax": 438,
        "Present corporate income tax expenses": 96,
        "Deferred income taxes expenses": "N/A",
        "The interests of minority shareholders": "N/A",
        "Total Cost of profits": 96,
        "Profit after tax corporate income": 342,
        "Volume": 3000000,
        "Close of Quarter": 4.7,
        "EPS": 444,
        "Non-adjusted EPS": 444,
        "PE": 10.6,
        "Book Price": 12.1
      }
    },
    {
      "quarter": "Q4 2013",
      "income status": {
        "Net sales": 40148,
        "Cost of goods sold": 36665,
        "Gross Profit": 3483,
        "Financial expenses": 164,
        "Of which: Interest expense": 164,
        "Cost of sales": 2501,
        "Enterprise cost management": 1675,
        "Total Operating Expenses": 4340,
        "Total revenue financing activities": 55,
        "Net profit from business activities": -802,
        "Profit": 1199,
        "Profit before tax": 397,
        "Present corporate income tax expenses": 108,
        "Deferred income taxes expenses": "N/A",
        "The interests of minority shareholders": "N/A",
        "Total Cost of profits": 108,
        "Profit after tax corporate income": 290,
        "Volume": 3000000,
        "Close of Quarter": 4.1,
        "EPS": 330,
        "Non-adjusted EPS": 330,
        "PE": 12.6,
        "Book Price": 12
      }
    },
    {
      "quarter": "Q3 2013",
      "income status": {
        "Net sales": 30965,
        "Cost of goods sold": 28488,
        "Gross Profit": 2477,
        "Financial expenses": 10,
        "Of which: Interest expense": 10,
        "Cost of sales": 2174,
        "Enterprise cost management": 865,
        "Total Operating Expenses": 3049,
        "Total revenue financing activities": 97,
        "Net profit from business activities": -476,
        "Profit": 1354,
        "Profit before tax": 878,
        "Present corporate income tax expenses": 177,
        "Deferred income taxes expenses": "N/A",
        "The interests of minority shareholders": "N/A",
        "Total Cost of profits": 177,
        "Profit after tax corporate income": 701,
        "Volume": 3000000,
        "Close of Quarter": "N/A",
        "EPS": 234,
        "Non-adjusted EPS": 234,
        "PE": "N/A",
        "Book Price": 11.9
      }
    }
  ]
}