{
  "ticker": "SCL",
  "data": [
    {
      "quarter": "Q4 2016",
      "income status": {
        "Net sales": 18323,
        "Cost of goods sold": 15961,
        "Gross Profit": 2363,
        "Financial expenses": 1139,
        "Of which: Interest expense": 1139,
        "Cost of sales": 1297,
        "Enterprise cost management": 1024,
        "Total Operating Expenses": 3460,
        "Total revenue financing activities": 8,
        "Net profit from business activities": -1090,
        "Profit": -1201,
        "Profit before tax": -2291,
        "Present corporate income tax expenses": -435,
        "Deferred income taxes expenses": "N/A",
        "The interests of minority shareholders": "N/A",
        "Total Cost of profits": -435,
        "Profit after tax corporate income": -1856,
        "Volume": 13889973,
        "Close of Quarter": 4.2,
        "EPS": 58,
        "Non-adjusted EPS": 58,
        "PE": 72.4,
        "Book Price": 12.8
      }
    },
    {
      "quarter": "Q3 2016",
      "income status": {
        "Net sales": 15880,
        "Cost of goods sold": 13244,
        "Gross Profit": 2636,
        "Financial expenses": 1060,
        "Of which: Interest expense": 1060,
        "Cost of sales": 2804,
        "Enterprise cost management": 1409,
        "Total Operating Expenses": 5273,
        "Total revenue financing activities": 21,
        "Net profit from business activities": -2616,
        "Profit": -1236,
        "Profit before tax": -3852,
        "Present corporate income tax expenses": "N/A",
        "Deferred income taxes expenses": "N/A",
        "The interests of minority shareholders": "N/A",
        "Total Cost of profits": 0,
        "Profit after tax corporate income": -3852,
        "Volume": 13889973,
        "Close of Quarter": 6.4,
        "EPS": 289,
        "Non-adjusted EPS": 289,
        "PE": 22.2,
        "Book Price": 13
      }
    },
    {
      "quarter": "Q2 2016",
      "income status": {
        "Net sales": 38626,
        "Cost of goods sold": 15507,
        "Gross Profit": 23119,
        "Financial expenses": 1313,
        "Of which: Interest expense": 1313,
        "Cost of sales": 13864,
        "Enterprise cost management": 1413,
        "Total Operating Expenses": 16590,
        "Total revenue financing activities": 6,
        "Net profit from business activities": 6535,
        "Profit": -958,
        "Profit before tax": 5576,
        "Present corporate income tax expenses": 409,
        "Deferred income taxes expenses": "N/A",
        "The interests of minority shareholders": "N/A",
        "Total Cost of profits": 409,
        "Profit after tax corporate income": 5168,
        "Volume": 13889973,
        "Close of Quarter": 7.2,
        "EPS": 450,
        "Non-adjusted EPS": 450,
        "PE": 16,
        "Book Price": 13.3
      }
    },
    {
      "quarter": "Q1 2016",
      "income status": {
        "Net sales": 29078,
        "Cost of goods sold": 12970,
        "Gross Profit": 16109,
        "Financial expenses": 1161,
        "Of which: Interest expense": 1161,
        "Cost of sales": 10730,
        "Enterprise cost management": 1515,
        "Total Operating Expenses": 13406,
        "Total revenue financing activities": 124,
        "Net profit from business activities": 2827,
        "Profit": -1354,
        "Profit before tax": 1473,
        "Present corporate income tax expenses": 123,
        "Deferred income taxes expenses": "N/A",
        "The interests of minority shareholders": "N/A",
        "Total Cost of profits": 123,
        "Profit after tax corporate income": 1350,
        "Volume": 13889973,
        "Close of Quarter": 8,
        "EPS": -764,
        "Non-adjusted EPS": -764,
        "PE": -10.5,
        "Book Price": 12.9
      }
    },
    {
      "quarter": "Q4 2015",
      "income status": {
        "Net sales": 43287,
        "Cost of goods sold": 20992,
        "Gross Profit": 22294,
        "Financial expenses": 3454,
        "Of which: Interest expense": 3454,
        "Cost of sales": 14335,
        "Enterprise cost management": 1795,
        "Total Operating Expenses": 19584,
        "Total revenue financing activities": 5,
        "Net profit from business activities": 2714,
        "Profit": -1381,
        "Profit before tax": 1334,
        "Present corporate income tax expenses": -14,
        "Deferred income taxes expenses": "N/A",
        "The interests of minority shareholders": "N/A",
        "Total Cost of profits": -14,
        "Profit after tax corporate income": 1348,
        "Volume": 10889973,
        "Close of Quarter": 7.9,
        "EPS": 34.5,
        "Non-adjusted EPS": 44,
        "PE": 179.6,
        "Book Price": 10.7
      }
    },
    {
      "quarter": "Q3 2015",
      "income status": {
        "Net sales": 21394,
        "Cost of goods sold": 11758,
        "Gross Profit": 9637,
        "Financial expenses": 2021,
        "Of which: Interest expense": 2021,
        "Cost of sales": 7759,
        "Enterprise cost management": 1808,
        "Total Operating Expenses": 11588,
        "Total revenue financing activities": 4,
        "Net profit from business activities": -1948,
        "Profit": 330,
        "Profit before tax": -1617,
        "Present corporate income tax expenses": "N/A",
        "Deferred income taxes expenses": "N/A",
        "The interests of minority shareholders": "N/A",
        "Total Cost of profits": 0,
        "Profit after tax corporate income": -1617,
        "Volume": 9000000,
        "Close of Quarter": 7.6,
        "EPS": 619.4,
        "Non-adjusted EPS": 956,
        "PE": 8.0,
        "Book Price": 9.2
      }
    },
    {
      "quarter": "Q2 2015",
      "income status": {
        "Net sales": 29990,
        "Cost of goods sold": 23045,
        "Gross Profit": 6945,
        "Financial expenses": 2935,
        "Of which: Interest expense": 2156,
        "Cost of sales": 10485,
        "Enterprise cost management": 2193,
        "Total Operating Expenses": 15613,
        "Total revenue financing activities": 5,
        "Net profit from business activities": -8663,
        "Profit": -3422,
        "Profit before tax": -12085,
        "Present corporate income tax expenses": -392,
        "Deferred income taxes expenses": "N/A",
        "The interests of minority shareholders": "N/A",
        "Total Cost of profits": -392,
        "Profit after tax corporate income": -11693,
        "Volume": 9000000,
        "Close of Quarter": 11.3,
        "EPS": 749.0,
        "Non-adjusted EPS": 1156,
        "PE": 9.8,
        "Book Price": 9.3
      }
    },
    {
      "quarter": "Q1 2015",
      "income status": {
        "Net sales": 55751,
        "Cost of goods sold": 23916,
        "Gross Profit": 31835,
        "Financial expenses": 3116,
        "Of which: Interest expense": 1827,
        "Cost of sales": 12487,
        "Enterprise cost management": 1770,
        "Total Operating Expenses": 17373,
        "Total revenue financing activities": 12,
        "Net profit from business activities": 14475,
        "Profit": -1370,
        "Profit before tax": 13104,
        "Present corporate income tax expenses": 659,
        "Deferred income taxes expenses": "N/A",
        "The interests of minority shareholders": "N/A",
        "Total Cost of profits": 659,
        "Profit after tax corporate income": 12445,
        "Volume": 9000000,
        "Close of Quarter": 12.0,
        "EPS": 2048.2,
        "Non-adjusted EPS": 3161,
        "PE": 3.8,
        "Book Price": 11.3
      }
    },
    {
      "quarter": "Q4 2014",
      "income status": {
        "Net sales": 56576,
        "Cost of goods sold": 28354,
        "Gross Profit": 28222,
        "Financial expenses": 4917,
        "Of which: Interest expense": 2591,
        "Cost of sales": 10641,
        "Enterprise cost management": 2085,
        "Total Operating Expenses": 17643,
        "Total revenue financing activities": 9,
        "Net profit from business activities": 10587,
        "Profit": -611,
        "Profit before tax": 9977,
        "Present corporate income tax expenses": 504,
        "Deferred income taxes expenses": "N/A",
        "The interests of minority shareholders": "N/A",
        "Total Cost of profits": 504,
        "Profit after tax corporate income": 9472,
        "Volume": 9000000,
        "Close of Quarter": 12.0,
        "EPS": 1480.6,
        "Non-adjusted EPS": 2285,
        "PE": 5.3,
        "Book Price": 10.4
      }
    },
    {
      "quarter": "Q3 2014",
      "income status": {
        "Net sales": 34231,
        "Cost of goods sold": 19841,
        "Gross Profit": 14390,
        "Financial expenses": 3794,
        "Of which: Interest expense": 3794,
        "Cost of sales": 6625,
        "Enterprise cost management": 1580,
        "Total Operating Expenses": 11999,
        "Total revenue financing activities": 7,
        "Net profit from business activities": 2398,
        "Profit": -2206,
        "Profit before tax": 192,
        "Present corporate income tax expenses": 14,
        "Deferred income taxes expenses": "N/A",
        "The interests of minority shareholders": "N/A",
        "Total Cost of profits": 14,
        "Profit after tax corporate income": 178,
        "Volume": 9000000,
        "Close of Quarter": 15.7,
        "EPS": 2396.1,
        "Non-adjusted EPS": 3698,
        "PE": 4.2,
        "Book Price": 9.7
      }
    },
    {
      "quarter": "Q2 2014",
      "income status": {
        "Net sales": 40064,
        "Cost of goods sold": 13812,
        "Gross Profit": 26252,
        "Financial expenses": 3080,
        "Of which: Interest expense": 2646,
        "Cost of sales": 12806,
        "Enterprise cost management": 1806,
        "Total Operating Expenses": 17692,
        "Total revenue financing activities": 11,
        "Net profit from business activities": 8572,
        "Profit": -1875,
        "Profit before tax": 6696,
        "Present corporate income tax expenses": 343,
        "Deferred income taxes expenses": "N/A",
        "The interests of minority shareholders": "N/A",
        "Total Cost of profits": 343,
        "Profit after tax corporate income": 6353,
        "Volume": 9000000,
        "Close of Quarter": 11.1,
        "EPS": 2838.7,
        "Non-adjusted EPS": 4381,
        "PE": 2.5,
        "Book Price": 9.7
      }
    },
    {
      "quarter": "Q1 2014",
      "income status": {
        "Net sales": 40698,
        "Cost of goods sold": 20728,
        "Gross Profit": 19969,
        "Financial expenses": 2392,
        "Of which: Interest expense": 2392,
        "Cost of sales": 9691,
        "Enterprise cost management": 1650,
        "Total Operating Expenses": 13733,
        "Total revenue financing activities": 8,
        "Net profit from business activities": 6244,
        "Profit": -1442,
        "Profit before tax": 4802,
        "Present corporate income tax expenses": 242,
        "Deferred income taxes expenses": "N/A",
        "The interests of minority shareholders": "N/A",
        "Total Cost of profits": 242,
        "Profit after tax corporate income": 4560,
        "Volume": 9000000,
        "Close of Quarter": 19.9,
        "EPS": 2427.2,
        "Non-adjusted EPS": 3746,
        "PE": 5.3,
        "Book Price": 10.8
      }
    },
    {
      "quarter": "Q4 2013",
      "income status": {
        "Net sales": 93223,
        "Cost of goods sold": 48818,
        "Gross Profit": 44405,
        "Financial expenses": 3119,
        "Of which: Interest expense": 3119,
        "Cost of sales": 1508,
        "Enterprise cost management": 1508,
        "Total Operating Expenses": 6135,
        "Total revenue financing activities": 15,
        "Net profit from business activities": 25227,
        "Profit": -1774,
        "Profit before tax": 23453,
        "Present corporate income tax expenses": 1264,
        "Deferred income taxes expenses": "N/A",
        "The interests of minority shareholders": "N/A",
        "Total Cost of profits": 1264,
        "Profit after tax corporate income": 22189,
        "Volume": 9000000,
        "Close of Quarter": 12.8,
        "EPS": 2704.5,
        "Non-adjusted EPS": 4174,
        "PE": 3.1,
        "Book Price": 10.6
      }
    },
    {
      "quarter": "Q3 2013",
      "income status": {
        "Net sales": 47321,
        "Cost of goods sold": 32244,
        "Gross Profit": 15077,
        "Financial expenses": 2426,
        "Of which: Interest expense": 2426,
        "Cost of sales": 2961,
        "Enterprise cost management": 1120,
        "Total Operating Expenses": 6507,
        "Total revenue financing activities": 5,
        "Net profit from business activities": 8575,
        "Profit": -1907,
        "Profit before tax": 6668,
        "Present corporate income tax expenses": 337,
        "Deferred income taxes expenses": "N/A",
        "The interests of minority shareholders": "N/A",
        "Total Cost of profits": 337,
        "Profit after tax corporate income": 6331,
        "Volume": 9000000,
        "Close of Quarter": 7.1,
        "EPS": 541.7,
        "Non-adjusted EPS": 836,
        "PE": 8.5,
        "Book Price": 8.9
      }
    },
    {
      "quarter": "Q2 2013",
      "income status": {
        "Net sales": 37363,
        "Cost of goods sold": 16356,
        "Gross Profit": 21007,
        "Financial expenses": 2699,
        "Of which: Interest expense": 2699,
        "Cost of sales": 11910,
        "Enterprise cost management": 1485,
        "Total Operating Expenses": 16094,
        "Total revenue financing activities": 10,
        "Net profit from business activities": 4922,
        "Profit": -4217,
        "Profit before tax": 705,
        "Present corporate income tax expenses": 72,
        "Deferred income taxes expenses": "N/A",
        "The interests of minority shareholders": "N/A",
        "Total Cost of profits": 72,
        "Profit after tax corporate income": 633,
        "Volume": 9000000,
        "Close of Quarter": 4.8,
        "EPS": 81.0,
        "Non-adjusted EPS": 125,
        "PE": 38.1,
        "Book Price": 8.5
      }
    },
    {
      "quarter": "Q1 2013",
      "income status": {
        "Net sales": 35350,
        "Cost of goods sold": 14520,
        "Gross Profit": 20830,
        "Financial expenses": 2379,
        "Of which: Interest expense": 2379,
        "Cost of sales": 8795,
        "Enterprise cost management": 1246,
        "Total Operating Expenses": 12420,
        "Total revenue financing activities": 9,
        "Net profit from business activities": 8419,
        "Profit": "N/A",
        "Profit before tax": 8419,
        "Present corporate income tax expenses": 2,
        "Deferred income taxes expenses": "N/A",
        "The interests of minority shareholders": "N/A",
        "Total Cost of profits": 2,
        "Profit after tax corporate income": 8416,
        "Volume": 9000000,
        "Close of Quarter": 1.9,
        "EPS": -252.1,
        "Non-adjusted EPS": -389,
        "PE": -4.8,
        "Book Price": 8.5
      }
    },
    {
      "quarter": "Q4 2012",
      "income status": {
        "Net sales": 9738,
        "Cost of goods sold": 10087,
        "Gross Profit": -349,
        "Financial expenses": 2566,
        "Of which: Interest expense": 2566,
        "Cost of sales": 3599,
        "Enterprise cost management": 1279,
        "Total Operating Expenses": 7444,
        "Total revenue financing activities": 11,
        "Net profit from business activities": -7781,
        "Profit": -78,
        "Profit before tax": -7859,
        "Present corporate income tax expenses": "N/A",
        "Deferred income taxes expenses": "N/A",
        "The interests of minority shareholders": "N/A",
        "Total Cost of profits": 0,
        "Profit after tax corporate income": -7859,
        "Volume": 9000000,
        "Close of Quarter": 3.1,
        "EPS": -768.5,
        "Non-adjusted EPS": -1186,
        "PE": -2.6,
        "Book Price": 7.7
      }
    },
    {
      "quarter": "Q3 2012",
      "income status": {
        "Net sales": 18500,
        "Cost of goods sold": 12284,
        "Gross Profit": 6217,
        "Financial expenses": 3051,
        "Of which: Interest expense": 3051,
        "Cost of sales": 2045,
        "Enterprise cost management": 1142,
        "Total Operating Expenses": 6238,
        "Total revenue financing activities": 11,
        "Net profit from business activities": -10,
        "Profit": -4,
        "Profit before tax": -14,
        "Present corporate income tax expenses": 51,
        "Deferred income taxes expenses": "N/A",
        "The interests of minority shareholders": "N/A",
        "Total Cost of profits": 51,
        "Profit after tax corporate income": -65,
        "Volume": 9000000,
        "Close of Quarter": 3.2,
        "EPS": -241.7,
        "Non-adjusted EPS": -373,
        "PE": -8.5,
        "Book Price": 8.3
      }
    },
    {
      "quarter": "Q2 2012",
      "income status": {
        "Net sales": 14817,
        "Cost of goods sold": 12507,
        "Gross Profit": 2310,
        "Financial expenses": 3302,
        "Of which: Interest expense": 3302,
        "Cost of sales": 1491,
        "Enterprise cost management": 1436,
        "Total Operating Expenses": 6229,
        "Total revenue financing activities": -67,
        "Net profit from business activities": -3986,
        "Profit": "N/A",
        "Profit before tax": -3986,
        "Present corporate income tax expenses": "N/A",
        "Deferred income taxes expenses": "N/A",
        "The interests of minority shareholders": 5,
        "Total Cost of profits": 5,
        "Profit after tax corporate income": -3991,
        "Volume": 9000000,
        "Close of Quarter": 3.6,
        "EPS": -202.8,
        "Non-adjusted EPS": -313,
        "PE": -11.6,
        "Book Price": 8.3
      }
    },
    {
      "quarter": "Q1 2012",
      "income status": {
        "Net sales": 24066,
        "Cost of goods sold": 18460,
        "Gross Profit": 5605,
        "Financial expenses": 882,
        "Of which: Interest expense": 882,
        "Cost of sales": 2645,
        "Enterprise cost management": 932,
        "Total Operating Expenses": 4459,
        "Total revenue financing activities": 92,
        "Net profit from business activities": 1239,
        "Profit": "N/A",
        "Profit before tax": 1239,
        "Present corporate income tax expenses": "N/A",
        "Deferred income taxes expenses": "N/A",
        "The interests of minority shareholders": -5,
        "Total Cost of profits": -5,
        "Profit after tax corporate income": 1244,
        "Volume": 9000000,
        "Close of Quarter": 3.5,
        "EPS": 324.6,
        "Non-adjusted EPS": 501,
        "PE": 7.0,
        "Book Price": 8.9
      }
    },
    {
      "quarter": "Q4 2011",
      "income status": {
        "Net sales": 22813,
        "Cost of goods sold": 16552,
        "Gross Profit": 6260,
        "Financial expenses": 877,
        "Of which: Interest expense": "N/A",
        "Cost of sales": 4437,
        "Enterprise cost management": 1282,
        "Total Operating Expenses": 6596,
        "Total revenue financing activities": 48,
        "Net profit from business activities": -288,
        "Profit": -173,
        "Profit before tax": -461,
        "Present corporate income tax expenses": 126,
        "Deferred income taxes expenses": "N/A",
        "The interests of minority shareholders": -42,
        "Total Cost of profits": 84,
        "Profit after tax corporate income": -545,
        "Volume": 9000000,
        "Close of Quarter": 3.5,
        "EPS": 594.8,
        "Non-adjusted EPS": 918,
        "PE": 3.8,
        "Book Price": 9.1
      }
    },
    {
      "quarter": "Q3 2011",
      "income status": {
        "Net sales": 9648,
        "Cost of goods sold": 6684,
        "Gross Profit": 2963,
        "Financial expenses": 930,
        "Of which: Interest expense": "N/A",
        "Cost of sales": 561,
        "Enterprise cost management": 706,
        "Total Operating Expenses": 2197,
        "Total revenue financing activities": 20,
        "Net profit from business activities": 786,
        "Profit": -308,
        "Profit before tax": 478,
        "Present corporate income tax expenses": "N/A",
        "Deferred income taxes expenses": "N/A",
        "The interests of minority shareholders": "N/A",
        "Total Cost of profits": 0,
        "Profit after tax corporate income": 478,
        "Volume": 9000000,
        "Close of Quarter": 5.6,
        "EPS": 962.2,
        "Non-adjusted EPS": 1485,
        "PE": 3.8,
        "Book Price": 9.0
      }
    },
    {
      "quarter": "Q2 2011",
      "income status": {
        "Net sales": 17928,
        "Cost of goods sold": 12373,
        "Gross Profit": 5555,
        "Financial expenses": 749,
        "Of which: Interest expense": 749,
        "Cost of sales": 343,
        "Enterprise cost management": 1347,
        "Total Operating Expenses": 2439,
        "Total revenue financing activities": 293,
        "Net profit from business activities": 3407,
        "Profit": "N/A",
        "Profit before tax": 3407,
        "Present corporate income tax expenses": 50,
        "Deferred income taxes expenses": "N/A",
        "The interests of minority shareholders": 23,
        "Total Cost of profits": 73,
        "Profit after tax corporate income": 3334,
        "Volume": 9000000,
        "Close of Quarter": 6.3,
        "EPS": 1255.7,
        "Non-adjusted EPS": 1938,
        "PE": 3.2,
        "Book Price": 9.0
      }
    },
    {
      "quarter": "Q1 2011",
      "income status": {
        "Net sales": 23458,
        "Cost of goods sold": 16680,
        "Gross Profit": 6778,
        "Financial expenses": 379,
        "Of which: Interest expense": 379,
        "Cost of sales": 249,
        "Enterprise cost management": 1291,
        "Total Operating Expenses": 1919,
        "Total revenue financing activities": 151,
        "Net profit from business activities": 5010,
        "Profit": "N/A",
        "Profit before tax": 5010,
        "Present corporate income tax expenses": "N/A",
        "Deferred income taxes expenses": "N/A",
        "The interests of minority shareholders": 14,
        "Total Cost of profits": 14,
        "Profit after tax corporate income": 4996,
        "Volume": 9000000,
        "Close of Quarter": 11.7,
        "EPS": 1379.5,
        "Non-adjusted EPS": 2129,
        "PE": 5.5,
        "Book Price": 10.4
      }
    }
  ]
}