{
  "ticker": "DQC",
  "data": [
    {
      "quarter": "Q4 2016",
      "income status": {
        "Net sales": 343303,
        "Cost of goods sold": 261381,
        "Gross Profit": 81921,
        "Financial expenses": 1921,
        "Of which: Interest expense": 538,
        "Cost of sales": 25680,
        "Enterprise cost management": 32152,
        "Total Operating Expenses": 59753,
        "Total revenue financing activities": 44890,
        "Net profit from business activities": 70888,
        "Profit": 856,
        "Profit before tax": 71744,
        "Present corporate income tax expenses": 13638,
        "Deferred income taxes expenses": "N/A",
        "The interests of minority shareholders": 737,
        "Total Cost of profits": 14375,
        "Profit after tax corporate income": 57369,
        "Volume": 31919216,
        "Close of Quarter": 59.2,
        "EPS": 6534,
        "Non-adjusted EPS": 6534,
        "PE": 9.1,
        "Book Price": 36.3
      }
    },
    {
      "quarter": "Q3 2016",
      "income status": {
        "Net sales": 250366,
        "Cost of goods sold": 181576,
        "Gross Profit": 68790,
        "Financial expenses": 435,
        "Of which: Interest expense": 546,
        "Cost of sales": 27787,
        "Enterprise cost management": 11255,
        "Total Operating Expenses": 39477,
        "Total revenue financing activities": 25750,
        "Net profit from business activities": 55928,
        "Profit": 61,
        "Profit before tax": 55989,
        "Present corporate income tax expenses": 10855,
        "Deferred income taxes expenses": "N/A",
        "The interests of minority shareholders": 628,
        "Total Cost of profits": 11483,
        "Profit after tax corporate income": 44507,
        "Volume": 31919216,
        "Close of Quarter": 70.9,
        "EPS": 7078,
        "Non-adjusted EPS": 7078,
        "PE": 10.0,
        "Book Price": 36.1
      }
    },
    {
      "quarter": "Q2 2016",
      "income status": {
        "Net sales": 203825,
        "Cost of goods sold": 143399,
        "Gross Profit": 60426,
        "Financial expenses": -249,
        "Of which: Interest expense": 50,
        "Cost of sales": 19915,
        "Enterprise cost management": 12155,
        "Total Operating Expenses": 31821,
        "Total revenue financing activities": 55446,
        "Net profit from business activities": 85173,
        "Profit": 14,
        "Profit before tax": 85188,
        "Present corporate income tax expenses": 15792,
        "Deferred income taxes expenses": "N/A",
        "The interests of minority shareholders": 81,
        "Total Cost of profits": 15873,
        "Profit after tax corporate income": 69315,
        "Volume": 29018142,
        "Close of Quarter": 70.0,
        "EPS": 6550.2,
        "Non-adjusted EPS": 7205,
        "PE": 9.7,
        "Book Price": 35.1
      }
    },
    {
      "quarter": "Q1 2016",
      "income status": {
        "Net sales": 244153,
        "Cost of goods sold": 179796,
        "Gross Profit": 64357,
        "Financial expenses": 160,
        "Of which: Interest expense": 103,
        "Cost of sales": 19561,
        "Enterprise cost management": 14116,
        "Total Operating Expenses": 33837,
        "Total revenue financing activities": 16388,
        "Net profit from business activities": 47666,
        "Profit": -30,
        "Profit before tax": 47636,
        "Present corporate income tax expenses": 10194,
        "Deferred income taxes expenses": "N/A",
        "The interests of minority shareholders": 65,
        "Total Cost of profits": 10259,
        "Profit after tax corporate income": 37377,
        "Volume": 29018142,
        "Close of Quarter": 54.0,
        "EPS": 6599.2,
        "Non-adjusted EPS": 7259,
        "PE": 7.4,
        "Book Price": 34.9
      }
    },
    {
      "quarter": "Q4 2015",
      "income status": {
        "Net sales": 504586,
        "Cost of goods sold": 365870,
        "Gross Profit": 138716,
        "Financial expenses": 19278,
        "Of which: Interest expense": 74,
        "Cost of sales": 33148,
        "Enterprise cost management": 23316,
        "Total Operating Expenses": 75742,
        "Total revenue financing activities": 31502,
        "Net profit from business activities": 94891,
        "Profit": -452,
        "Profit before tax": 94438,
        "Present corporate income tax expenses": 19213,
        "Deferred income taxes expenses": "N/A",
        "The interests of minority shareholders": 486,
        "Total Cost of profits": 19699,
        "Profit after tax corporate income": 74739,
        "Volume": 29018142,
        "Close of Quarter": 47.7,
        "EPS": 6398.3,
        "Non-adjusted EPS": 7038,
        "PE": 6.8,
        "Book Price": 31.6
      }
    },
    {
      "quarter": "Q3 2015",
      "income status": {
        "Net sales": 279307,
        "Cost of goods sold": 195273,
        "Gross Profit": 84035,
        "Financial expenses": 2133,
        "Of which: Interest expense": 532,
        "Cost of sales": 47589,
        "Enterprise cost management": 15550,
        "Total Operating Expenses": 65272,
        "Total revenue financing activities": 20455,
        "Net profit from business activities": 39219,
        "Profit": -195,
        "Profit before tax": 39024,
        "Present corporate income tax expenses": 10350,
        "Deferred income taxes expenses": "N/A",
        "The interests of minority shareholders": 1039,
        "Total Cost of profits": 11389,
        "Profit after tax corporate income": 27635,
        "Volume": 29018142,
        "Close of Quarter": 54.0,
        "EPS": 6339.2,
        "Non-adjusted EPS": 6973,
        "PE": 7.7,
        "Book Price": 29.8
      }
    },
    {
      "quarter": "Q2 2015",
      "income status": {
        "Net sales": 188448,
        "Cost of goods sold": 106056,
        "Gross Profit": 82392,
        "Financial expenses": 4823,
        "Of which: Interest expense": 840,
        "Cost of sales": 17330,
        "Enterprise cost management": 10175,
        "Total Operating Expenses": 32328,
        "Total revenue financing activities": 35674,
        "Net profit from business activities": 85739,
        "Profit": 6340,
        "Profit before tax": 92080,
        "Present corporate income tax expenses": 20236,
        "Deferred income taxes expenses": "N/A",
        "The interests of minority shareholders": 961,
        "Total Cost of profits": 21197,
        "Profit after tax corporate income": 70883,
        "Volume": 26380694,
        "Close of Quarter": 43.1,
        "EPS": 8659.1,
        "Non-adjusted EPS": 10477,
        "PE": 4.1,
        "Book Price": 32.6
      }
    },
    {
      "quarter": "Q1 2015",
      "income status": {
        "Net sales": 171526,
        "Cost of goods sold": 119045,
        "Gross Profit": 52481,
        "Financial expenses": 2414,
        "Of which: Interest expense": 1933,
        "Cost of sales": 25544,
        "Enterprise cost management": 13875,
        "Total Operating Expenses": 41833,
        "Total revenue financing activities": 30040,
        "Net profit from business activities": 40687,
        "Profit": -106,
        "Profit before tax": 40581,
        "Present corporate income tax expenses": 8870,
        "Deferred income taxes expenses": "N/A",
        "The interests of minority shareholders": 728,
        "Total Cost of profits": 9598,
        "Profit after tax corporate income": 30984,
        "Volume": 26380694,
        "Close of Quarter": 39.6,
        "EPS": 7954.9,
        "Non-adjusted EPS": 9625,
        "PE": 4.1,
        "Book Price": 29.5
      }
    },
    {
      "quarter": "Q4 2014",
      "income status": {
        "Net sales": 234266,
        "Cost of goods sold": 157364,
        "Gross Profit": 76901,
        "Financial expenses": 2118,
        "Of which: Interest expense": 3145,
        "Cost of sales": 16324,
        "Enterprise cost management": 8644,
        "Total Operating Expenses": 27086,
        "Total revenue financing activities": 34842,
        "Net profit from business activities": 84658,
        "Profit": -33,
        "Profit before tax": 84625,
        "Present corporate income tax expenses": 10444,
        "Deferred income taxes expenses": "N/A",
        "The interests of minority shareholders": 1354,
        "Total Cost of profits": 11798,
        "Profit after tax corporate income": 72827,
        "Volume": 21984479,
        "Close of Quarter": 33.9,
        "EPS": 7752.6,
        "Non-adjusted EPS": 11256,
        "PE": 3.0,
        "Book Price": 30.9
      }
    },
    {
      "quarter": "Q3 2014",
      "income status": {
        "Net sales": 414952,
        "Cost of goods sold": 252078,
        "Gross Profit": 162874,
        "Financial expenses": 6141,
        "Of which: Interest expense": 4815,
        "Cost of sales": 37165,
        "Enterprise cost management": 14564,
        "Total Operating Expenses": 57870,
        "Total revenue financing activities": 28931,
        "Net profit from business activities": 133936,
        "Profit": 40,
        "Profit before tax": 133976,
        "Present corporate income tax expenses": 29767,
        "Deferred income taxes expenses": "N/A",
        "The interests of minority shareholders": 2515,
        "Total Cost of profits": 32282,
        "Profit after tax corporate income": 101694,
        "Volume": 21984479,
        "Close of Quarter": 31.2,
        "EPS": 6610.7,
        "Non-adjusted EPS": 9598,
        "PE": 3.3,
        "Book Price": 26.3
      }
    },
    {
      "quarter": "Q2 2014",
      "income status": {
        "Net sales": 369515,
        "Cost of goods sold": 247130,
        "Gross Profit": 122386,
        "Financial expenses": 15612,
        "Of which: Interest expense": 4995,
        "Cost of sales": 55462,
        "Enterprise cost management": 26564,
        "Total Operating Expenses": 97638,
        "Total revenue financing activities": 39678,
        "Net profit from business activities": 64425,
        "Profit": -1379,
        "Profit before tax": 63047,
        "Present corporate income tax expenses": 13408,
        "Deferred income taxes expenses": "N/A",
        "The interests of minority shareholders": 1229,
        "Total Cost of profits": 14637,
        "Profit after tax corporate income": 48409,
        "Volume": 21984479,
        "Close of Quarter": 22.9,
        "EPS": 4397,
        "Non-adjusted EPS": 6384,
        "PE": 3.6,
        "Book Price": 22.5
      }
    },
    {
      "quarter": "Q1 2014",
      "income status": {
        "Net sales": 207885,
        "Cost of goods sold": 142716,
        "Gross Profit": 65169,
        "Financial expenses": 11544,
        "Of which: Interest expense": 5490,
        "Cost of sales": 31471,
        "Enterprise cost management": 11584,
        "Total Operating Expenses": 54599,
        "Total revenue financing activities": 19702,
        "Net profit from business activities": 30272,
        "Profit": 2019,
        "Profit before tax": 32291,
        "Present corporate income tax expenses": 7102,
        "Deferred income taxes expenses": "N/A",
        "The interests of minority shareholders": 653,
        "Total Cost of profits": 7755,
        "Profit after tax corporate income": 24536,
        "Volume": 21984479,
        "Close of Quarter": 24.1,
        "EPS": 3218.6,
        "Non-adjusted EPS": 4673,
        "PE": 5.2,
        "Book Price": 26.9
      }
    },
    {
      "quarter": "Q4 2013",
      "income status": {
        "Net sales": 202085,
        "Cost of goods sold": 140877,
        "Gross Profit": 61208,
        "Financial expenses": 28752,
        "Of which: Interest expense": 7063,
        "Cost of sales": 30056,
        "Enterprise cost management": 13695,
        "Total Operating Expenses": 72503,
        "Total revenue financing activities": 57130,
        "Net profit from business activities": 45834,
        "Profit": 803,
        "Profit before tax": 46636,
        "Present corporate income tax expenses": 9487,
        "Deferred income taxes expenses": 218,
        "The interests of minority shareholders": 563,
        "Total Cost of profits": 10268,
        "Profit after tax corporate income": 36369,
        "Volume": 21984479,
        "Close of Quarter": 20.1,
        "EPS": 3022.9,
        "Non-adjusted EPS": 4389,
        "PE": 4.6,
        "Book Price": 25.8
      }
    },
    {
      "quarter": "Q3 2013",
      "income status": {
        "Net sales": 187178,
        "Cost of goods sold": 123706,
        "Gross Profit": 63472,
        "Financial expenses": 11003,
        "Of which: Interest expense": 6908,
        "Cost of sales": 23381,
        "Enterprise cost management": 11288,
        "Total Operating Expenses": 45672,
        "Total revenue financing activities": 26492,
        "Net profit from business activities": 44292,
        "Profit": 144,
        "Profit before tax": 44436,
        "Present corporate income tax expenses": 12875,
        "Deferred income taxes expenses": 12,
        "The interests of minority shareholders": 515,
        "Total Cost of profits": 13402,
        "Profit after tax corporate income": 31033,
        "Volume": 21984479,
        "Close of Quarter": 14.7,
        "EPS": 2649.0,
        "Non-adjusted EPS": 3846,
        "PE": 3.8,
        "Book Price": 24.5
      }
    },
    {
      "quarter": "Q2 2013",
      "income status": {
        "Net sales": 259927,
        "Cost of goods sold": 176706,
        "Gross Profit": 83221,
        "Financial expenses": 12807,
        "Of which: Interest expense": 7086,
        "Cost of sales": 27951,
        "Enterprise cost management": 35939,
        "Total Operating Expenses": 76697,
        "Total revenue financing activities": 16514,
        "Net profit from business activities": 23038,
        "Profit": -3422,
        "Profit before tax": 19616,
        "Present corporate income tax expenses": 8132,
        "Deferred income taxes expenses": 80,
        "The interests of minority shareholders": 619,
        "Total Cost of profits": 8831,
        "Profit after tax corporate income": 10785,
        "Volume": 21984479,
        "Close of Quarter": 13.2,
        "EPS": 2155.1,
        "Non-adjusted EPS": 3129,
        "PE": 4.2,
        "Book Price": 24.2
      }
    },
    {
      "quarter": "Q1 2013",
      "income status": {
        "Net sales": 169452,
        "Cost of goods sold": 118585,
        "Gross Profit": 50866,
        "Financial expenses": 7535,
        "Of which: Interest expense": 7657,
        "Cost of sales": 22411,
        "Enterprise cost management": 13647,
        "Total Operating Expenses": 43593,
        "Total revenue financing activities": 18641,
        "Net profit from business activities": 25915,
        "Profit": -165,
        "Profit before tax": 25750,
        "Present corporate income tax expenses": 7378,
        "Deferred income taxes expenses": 12,
        "The interests of minority shareholders": 58,
        "Total Cost of profits": 7448,
        "Profit after tax corporate income": 18302,
        "Volume": 21984479,
        "Close of Quarter": 11.6,
        "EPS": 2135.8,
        "Non-adjusted EPS": 3101,
        "PE": 3.8,
        "Book Price": 20.3
      }
    },
    {
      "quarter": "Q4 2012",
      "income status": {
        "Net sales": 164993,
        "Cost of goods sold": 125726,
        "Gross Profit": 39267,
        "Financial expenses": 17882,
        "Of which: Interest expense": 11670,
        "Cost of sales": 33780,
        "Enterprise cost management": 8919,
        "Total Operating Expenses": 60581,
        "Total revenue financing activities": 52561,
        "Net profit from business activities": 31247,
        "Profit": 862,
        "Profit before tax": 32108,
        "Present corporate income tax expenses": 6469,
        "Deferred income taxes expenses": 876,
        "The interests of minority shareholders": 335,
        "Total Cost of profits": 7680,
        "Profit after tax corporate income": 24428,
        "Volume": 21984479,
        "Close of Quarter": 10.1,
        "EPS": 1931.3,
        "Non-adjusted EPS": 2804,
        "PE": 3.6,
        "Book Price": 24.2
      }
    },
    {
      "quarter": "Q3 2012",
      "income status": {
        "Net sales": 129300,
        "Cost of goods sold": 90703,
        "Gross Profit": 38597,
        "Financial expenses": 8510,
        "Of which: Interest expense": 6361,
        "Cost of sales": 24445,
        "Enterprise cost management": 9368,
        "Total Operating Expenses": 42323,
        "Total revenue financing activities": 21825,
        "Net profit from business activities": 18099,
        "Profit": 935,
        "Profit before tax": 19033,
        "Present corporate income tax expenses": 3177,
        "Deferred income taxes expenses": 976,
        "The interests of minority shareholders": -385,
        "Total Cost of profits": 3768,
        "Profit after tax corporate income": 15265,
        "Volume": 21984479,
        "Close of Quarter": 8.6,
        "EPS": 1731.5,
        "Non-adjusted EPS": 2514,
        "PE": 3.4,
        "Book Price": 19.5
      }
    },
    {
      "quarter": "Q2 2012",
      "income status": {
        "Net sales": 130018,
        "Cost of goods sold": 109599,
        "Gross Profit": 20419,
        "Financial expenses": 11073,
        "Of which: Interest expense": 11330,
        "Cost of sales": 18612,
        "Enterprise cost management": 15565,
        "Total Operating Expenses": 45250,
        "Total revenue financing activities": 39897,
        "Net profit from business activities": 15067,
        "Profit": -1704,
        "Profit before tax": 13363,
        "Present corporate income tax expenses": 4164,
        "Deferred income taxes expenses": 926,
        "The interests of minority shareholders": -1901,
        "Total Cost of profits": 3189,
        "Profit after tax corporate income": 10174,
        "Volume": 21984479,
        "Close of Quarter": 10.3,
        "EPS": 1519.4,
        "Non-adjusted EPS": 2206,
        "PE": 4.7,
        "Book Price": 24.5
      }
    },
    {
      "quarter": "Q1 2012",
      "income status": {
        "Net sales": 212259,
        "Cost of goods sold": 155453,
        "Gross Profit": 56806,
        "Financial expenses": 19577,
        "Of which: Interest expense": 10851,
        "Cost of sales": 21971,
        "Enterprise cost management": 11286,
        "Total Operating Expenses": 52834,
        "Total revenue financing activities": 10625,
        "Net profit from business activities": 14596,
        "Profit": 420,
        "Profit before tax": 15016,
        "Present corporate income tax expenses": 3863,
        "Deferred income taxes expenses": -109,
        "The interests of minority shareholders": -517,
        "Total Cost of profits": 3237,
        "Profit after tax corporate income": 11779,
        "Volume": 21984479,
        "Close of Quarter": 7.9,
        "EPS": 1489.8,
        "Non-adjusted EPS": 2163,
        "PE": 3.7,
        "Book Price": 19.3
      }
    },
    {
      "quarter": "Q4 2011",
      "income status": {
        "Net sales": 242713,
        "Cost of goods sold": 206081,
        "Gross Profit": 36631,
        "Financial expenses": 31444,
        "Of which: Interest expense": 15741,
        "Cost of sales": 24082,
        "Enterprise cost management": 15509,
        "Total Operating Expenses": 71035,
        "Total revenue financing activities": 58150,
        "Net profit from business activities": 23747,
        "Profit": 151,
        "Profit before tax": 56260,
        "Present corporate income tax expenses": 6510,
        "Deferred income taxes expenses": -853,
        "The interests of minority shareholders": 189,
        "Total Cost of profits": 5846,
        "Profit after tax corporate income": 18052,
        "Volume": 21984479,
        "Close of Quarter": 5.7,
        "EPS": 1286.6,
        "Non-adjusted EPS": 1868,
        "PE": 3.1,
        "Book Price": 24.9
      }
    },
    {
      "quarter": "Q3 2011",
      "income status": {
        "Net sales": 142305,
        "Cost of goods sold": 107790,
        "Gross Profit": 34514,
        "Financial expenses": 19344,
        "Of which: Interest expense": 11457,
        "Cost of sales": 17432,
        "Enterprise cost management": 8776,
        "Total Operating Expenses": 45552,
        "Total revenue financing activities": 22946,
        "Net profit from business activities": 11909,
        "Profit": 192,
        "Profit before tax": 31020,
        "Present corporate income tax expenses": 3680,
        "Deferred income taxes expenses": -185,
        "The interests of minority shareholders": 125,
        "Total Cost of profits": 3620,
        "Profit after tax corporate income": 8482,
        "Volume": 24389679,
        "Close of Quarter": 7.8,
        "EPS": 1741.4,
        "Non-adjusted EPS": 2279,
        "PE": 3.4,
        "Book Price": 20.3
      }
    },
    {
      "quarter": "Q2 2011",
      "income status": {
        "Net sales": 111617,
        "Cost of goods sold": 83639,
        "Gross Profit": 27978,
        "Financial expenses": 25567,
        "Of which: Interest expense": 14794,
        "Cost of sales": 15086,
        "Enterprise cost management": 7545,
        "Total Operating Expenses": 48198,
        "Total revenue financing activities": 31203,
        "Net profit from business activities": 10982,
        "Profit": 492,
        "Profit before tax": 11474,
        "Present corporate income tax expenses": 2143,
        "Deferred income taxes expenses": -114,
        "The interests of minority shareholders": 216,
        "Total Cost of profits": 2245,
        "Profit after tax corporate income": 9230,
        "Volume": 24389679,
        "Close of Quarter": 7.7,
        "EPS": 1694.8,
        "Non-adjusted EPS": 2218,
        "PE": 3.5,
        "Book Price": 25.8
      }
    },
    {
      "quarter": "Q1 2011",
      "income status": {
        "Net sales": 101294,
        "Cost of goods sold": 78076,
        "Gross Profit": 23218,
        "Financial expenses": 16628,
        "Of which: Interest expense": 10435,
        "Cost of sales": 12759,
        "Enterprise cost management": 8750,
        "Total Operating Expenses": 38137,
        "Total revenue financing activities": 20490,
        "Net profit from business activities": 5570,
        "Profit": 89,
        "Profit before tax": 5660,
        "Present corporate income tax expenses": 647,
        "Deferred income taxes expenses": -1,
        "The interests of minority shareholders": -284,
        "Total Cost of profits": 362,
        "Profit after tax corporate income": 5298,
        "Volume": 24389679,
        "Close of Quarter": 10.5,
        "EPS": 1460.2,
        "Non-adjusted EPS": 1911,
        "PE": 5.5,
        "Book Price": 21.3
      }
    }
  ]
}