{
  "ticker": "SJ1",
  "data": [
    {
      "quarter": "Q4 2016",
      "income status": {
        "Net sales": 251599,
        "Cost of goods sold": 229352,
        "Gross Profit": 22247,
        "Financial expenses": 9488,
        "Of which: Interest expense": 8837,
        "Cost of sales": 6730,
        "Enterprise cost management": 3605,
        "Total Operating Expenses": 19823,
        "Total revenue financing activities": 607,
        "Net profit from business activities": 3031,
        "Profit": -61,
        "Profit before tax": 2970,
        "Present corporate income tax expenses": 594,
        "Deferred income taxes expenses": "N/A",
        "The interests of minority shareholders": "N/A",
        "Total Cost of profits": 594,
        "Profit after tax corporate income": 2376,
        "Volume": 10455371,
        "Close of Quarter": 20,
        "EPS": 2078,
        "Non-adjusted EPS": 2078,
        "PE": 9.6,
        "Book Price": 14.1
      }
    },
    {
      "quarter": "Q3 2016",
      "income status": {
        "Net sales": 260782,
        "Cost of goods sold": 235101,
        "Gross Profit": 25681,
        "Financial expenses": 6802,
        "Of which: Interest expense": 6579,
        "Cost of sales": 3389,
        "Enterprise cost management": 2819,
        "Total Operating Expenses": 13010,
        "Total revenue financing activities": 720,
        "Net profit from business activities": 13391,
        "Profit": 206,
        "Profit before tax": 13597,
        "Present corporate income tax expenses": 2611,
        "Deferred income taxes expenses": "N/A",
        "The interests of minority shareholders": "N/A",
        "Total Cost of profits": 2611,
        "Profit after tax corporate income": 10985,
        "Volume": 10455371,
        "Close of Quarter": 18.1,
        "EPS": 2435,
        "Non-adjusted EPS": 2435,
        "PE": 7.4,
        "Book Price": 14.7
      }
    },
    {
      "quarter": "Q2 2016",
      "income status": {
        "Net sales": 150369,
        "Cost of goods sold": 133980,
        "Gross Profit": 16389,
        "Financial expenses": 5400,
        "Of which: Interest expense": 5258,
        "Cost of sales": 2688,
        "Enterprise cost management": 2679,
        "Total Operating Expenses": 10767,
        "Total revenue financing activities": 693,
        "Net profit from business activities": 6314,
        "Profit": -50,
        "Profit before tax": 6264,
        "Present corporate income tax expenses": 1097,
        "Deferred income taxes expenses": "N/A",
        "The interests of minority shareholders": "N/A",
        "Total Cost of profits": 1097,
        "Profit after tax corporate income": 5167,
        "Volume": 7745184,
        "Close of Quarter": 14,
        "EPS": 1754.9,
        "Non-adjusted EPS": 2369,
        "PE": 5.9,
        "Book Price": 13.6
      }
    },
    {
      "quarter": "Q1 2016",
      "income status": {
        "Net sales": 125721,
        "Cost of goods sold": 113351,
        "Gross Profit": 12369,
        "Financial expenses": 4001,
        "Of which: Interest expense": 3731,
        "Cost of sales": 2054,
        "Enterprise cost management": 3145,
        "Total Operating Expenses": 9200,
        "Total revenue financing activities": 877,
        "Net profit from business activities": 4046,
        "Profit": -43,
        "Profit before tax": 4003,
        "Present corporate income tax expenses": 801,
        "Deferred income taxes expenses": "N/A",
        "The interests of minority shareholders": "N/A",
        "Total Cost of profits": 801,
        "Profit after tax corporate income": 3203,
        "Volume": 7745184,
        "Close of Quarter": 14.7,
        "EPS": 1569.7,
        "Non-adjusted EPS": 2119,
        "PE": 6.9,
        "Book Price": 13.3
      }
    },
    {
      "quarter": "Q4 2015",
      "income status": {
        "Net sales": 130788,
        "Cost of goods sold": 115743,
        "Gross Profit": 15045,
        "Financial expenses": 4407,
        "Of which: Interest expense": "N/A",
        "Cost of sales": 1949,
        "Enterprise cost management": 4564,
        "Total Operating Expenses": 10920,
        "Total revenue financing activities": 1028,
        "Net profit from business activities": 5154,
        "Profit": 2854,
        "Profit before tax": 8009,
        "Present corporate income tax expenses": 1907,
        "Deferred income taxes expenses": "N/A",
        "The interests of minority shareholders": "N/A",
        "Total Cost of profits": 1907,
        "Profit after tax corporate income": 6102,
        "Volume": 7745184,
        "Close of Quarter": 13.7,
        "EPS": 1494.2,
        "Non-adjusted EPS": 2017,
        "PE": 6.8,
        "Book Price": 13.3
      }
    },
    {
      "quarter": "Q3 2015",
      "income status": {
        "Net sales": 141056,
        "Cost of goods sold": 127223,
        "Gross Profit": 13833,
        "Financial expenses": 4547,
        "Of which: Interest expense": 3285,
        "Cost of sales": 2899,
        "Enterprise cost management": 3413,
        "Total Operating Expenses": 10859,
        "Total revenue financing activities": 886,
        "Net profit from business activities": 3860,
        "Profit": 1114,
        "Profit before tax": 4974,
        "Present corporate income tax expenses": 1094,
        "Deferred income taxes expenses": "N/A",
        "The interests of minority shareholders": "N/A",
        "Total Cost of profits": 1094,
        "Profit after tax corporate income": 3880,
        "Volume": 7745184,
        "Close of Quarter": 12.3,
        "EPS": 1413.4,
        "Non-adjusted EPS": 1908,
        "PE": 6.5,
        "Book Price": 12.8
      }
    },
    {
      "quarter": "Q2 2015",
      "income status": {
        "Net sales": 129224,
        "Cost of goods sold": 117416,
        "Gross Profit": 11808,
        "Financial expenses": 4770,
        "Of which: Interest expense": 3282,
        "Cost of sales": 1945,
        "Enterprise cost management": 2748,
        "Total Operating Expenses": 9463,
        "Total revenue financing activities": 533,
        "Net profit from business activities": 2877,
        "Profit": 1255,
        "Profit before tax": 4133,
        "Present corporate income tax expenses": 909,
        "Deferred income taxes expenses": "N/A",
        "The interests of minority shareholders": "N/A",
        "Total Cost of profits": 909,
        "Profit after tax corporate income": 3224,
        "Volume": 6978653,
        "Close of Quarter": 11.4,
        "EPS": 1206.8,
        "Non-adjusted EPS": 1808,
        "PE": 6.3,
        "Book Price": 12.2
      }
    },
    {
      "quarter": "Q1 2015",
      "income status": {
        "Net sales": 112248,
        "Cost of goods sold": 104593,
        "Gross Profit": 7655,
        "Financial expenses": 1931,
        "Of which: Interest expense": 1836,
        "Cost of sales": 1818,
        "Enterprise cost management": 2512,
        "Total Operating Expenses": 6261,
        "Total revenue financing activities": 361,
        "Net profit from business activities": 1756,
        "Profit": 1337,
        "Profit before tax": 3094,
        "Present corporate income tax expenses": 681,
        "Deferred income taxes expenses": "N/A",
        "The interests of minority shareholders": "N/A",
        "Total Cost of profits": 681,
        "Profit after tax corporate income": 2413,
        "Volume": 5583200,
        "Close of Quarter": 10.3,
        "EPS": 1265.1,
        "Non-adjusted EPS": 2369,
        "PE": 4.3,
        "Book Price": 12.3
      }
    },
    {
      "quarter": "Q4 2014",
      "income status": {
        "Net sales": 105528,
        "Cost of goods sold": 92382,
        "Gross Profit": 13146,
        "Financial expenses": 2998,
        "Of which: Interest expense": 2239,
        "Cost of sales": 2704,
        "Enterprise cost management": 3491,
        "Total Operating Expenses": 9193,
        "Total revenue financing activities": 842,
        "Net profit from business activities": 4795,
        "Profit": 2035,
        "Profit before tax": 6829,
        "Present corporate income tax expenses": 1571,
        "Deferred income taxes expenses": "N/A",
        "The interests of minority shareholders": "N/A",
        "Total Cost of profits": 1571,
        "Profit after tax corporate income": 5259,
        "Volume": 5583200,
        "Close of Quarter": 11.8,
        "EPS": 1180.2,
        "Non-adjusted EPS": 2210,
        "PE": 5.4,
        "Book Price": 12.1
      }
    },
    {
      "quarter": "Q3 2014",
      "income status": {
        "Net sales": 124891,
        "Cost of goods sold": 115652,
        "Gross Profit": 9239,
        "Financial expenses": 2157,
        "Of which: Interest expense": 1916,
        "Cost of sales": 3312,
        "Enterprise cost management": 3452,
        "Total Operating Expenses": 8921,
        "Total revenue financing activities": 632,
        "Net profit from business activities": 949,
        "Profit": 1260,
        "Profit before tax": 2209,
        "Present corporate income tax expenses": 486,
        "Deferred income taxes expenses": "N/A",
        "The interests of minority shareholders": "N/A",
        "Total Cost of profits": 486,
        "Profit after tax corporate income": 1723,
        "Volume": 5583200,
        "Close of Quarter": 10.3,
        "EPS": 1142.8,
        "Non-adjusted EPS": 2140,
        "PE": 4.8,
        "Book Price": 11.6
      }
    },
    {
      "quarter": "Q2 2014",
      "income status": {
        "Net sales": 123061,
        "Cost of goods sold": 115362,
        "Gross Profit": 7699,
        "Financial expenses": 2470,
        "Of which: Interest expense": 1682,
        "Cost of sales": 2395,
        "Enterprise cost management": 1535,
        "Total Operating Expenses": 6400,
        "Total revenue financing activities": 2128,
        "Net profit from business activities": 3426,
        "Profit": 1487,
        "Profit before tax": 4913,
        "Present corporate income tax expenses": 1081,
        "Deferred income taxes expenses": "N/A",
        "The interests of minority shareholders": "N/A",
        "Total Cost of profits": 1081,
        "Profit after tax corporate income": 3832,
        "Volume": 5583200,
        "Close of Quarter": 9.2,
        "EPS": 1073.4,
        "Non-adjusted EPS": 2010,
        "PE": 4.6,
        "Book Price": 11.5
      }
    },
    {
      "quarter": "Q1 2014",
      "income status": {
        "Net sales": 80169,
        "Cost of goods sold": 73598,
        "Gross Profit": 6571,
        "Financial expenses": 1539,
        "Of which: Interest expense": 1471,
        "Cost of sales": 2571,
        "Enterprise cost management": 2323,
        "Total Operating Expenses": 6433,
        "Total revenue financing activities": 221,
        "Net profit from business activities": 360,
        "Profit": 1594,
        "Profit before tax": 1954,
        "Present corporate income tax expenses": 430,
        "Deferred income taxes expenses": "N/A",
        "The interests of minority shareholders": "N/A",
        "Total Cost of profits": 430,
        "Profit after tax corporate income": 1524,
        "Volume": 3850000,
        "Close of Quarter": 10.2,
        "EPS": 891.9,
        "Non-adjusted EPS": 2422,
        "PE": 4.2,
        "Book Price": 9.8
      }
    },
    {
      "quarter": "Q4 2013",
      "income status": {
        "Net sales": 100273,
        "Cost of goods sold": 90330,
        "Gross Profit": 9943,
        "Financial expenses": 1344,
        "Of which: Interest expense": 1324,
        "Cost of sales": 2977,
        "Enterprise cost management": 3094,
        "Total Operating Expenses": 7415,
        "Total revenue financing activities": 286,
        "Net profit from business activities": 2814,
        "Profit": 3796,
        "Profit before tax": 6610,
        "Present corporate income tax expenses": 1743,
        "Deferred income taxes expenses": "N/A",
        "The interests of minority shareholders": "N/A",
        "Total Cost of profits": 1743,
        "Profit after tax corporate income": 4867,
        "Volume": 3850000,
        "Close of Quarter": 10.1,
        "EPS": 789.5,
        "Non-adjusted EPS": 2144,
        "PE": 4.7,
        "Book Price": 9.7
      }
    },
    {
      "quarter": "Q3 2013",
      "income status": {
        "Net sales": 104339,
        "Cost of goods sold": 96139,
        "Gross Profit": 8200,
        "Financial expenses": 1883,
        "Of which: Interest expense": "N/A",
        "Cost of sales": 3305,
        "Enterprise cost management": 2830,
        "Total Operating Expenses": 8018,
        "Total revenue financing activities": 475,
        "Net profit from business activities": 657,
        "Profit": 680,
        "Profit before tax": 1337,
        "Present corporate income tax expenses": 334,
        "Deferred income taxes expenses": "N/A",
        "The interests of minority shareholders": "N/A",
        "Total Cost of profits": 334,
        "Profit after tax corporate income": 1002,
        "Volume": 3850000,
        "Close of Quarter": 9.4,
        "EPS": 813.8,
        "Non-adjusted EPS": 2210,
        "PE": 4.2,
        "Book Price": 9.2
      }
    },
    {
      "quarter": "Q2 2013",
      "income status": {
        "Net sales": 89826,
        "Cost of goods sold": 80716,
        "Gross Profit": 9110,
        "Financial expenses": 1482,
        "Of which: Interest expense": 2218,
        "Cost of sales": 3155,
        "Enterprise cost management": 2459,
        "Total Operating Expenses": 7096,
        "Total revenue financing activities": 267,
        "Net profit from business activities": 2281,
        "Profit": 407,
        "Profit before tax": 2687,
        "Present corporate income tax expenses": 754,
        "Deferred income taxes expenses": "N/A",
        "The interests of minority shareholders": "N/A",
        "Total Cost of profits": 754,
        "Profit after tax corporate income": 1933,
        "Volume": 3850000,
        "Close of Quarter": 9.7,
        "EPS": 784.0,
        "Non-adjusted EPS": 2129,
        "PE": 4.6,
        "Book Price": 9.1
      }
    },
    {
      "quarter": "Q1 2013",
      "income status": {
        "Net sales": 80395,
        "Cost of goods sold": 74098,
        "Gross Profit": 6297,
        "Financial expenses": 981,
        "Of which: Interest expense": "N/A",
        "Cost of sales": 2691,
        "Enterprise cost management": 2628,
        "Total Operating Expenses": 6300,
        "Total revenue financing activities": 255,
        "Net profit from business activities": 252,
        "Profit": 349,
        "Profit before tax": 601,
        "Present corporate income tax expenses": 150,
        "Deferred income taxes expenses": "N/A",
        "The interests of minority shareholders": "N/A",
        "Total Cost of profits": 150,
        "Profit after tax corporate income": 451,
        "Volume": 3850000,
        "Close of Quarter": 8.2,
        "EPS": 934.6,
        "Non-adjusted EPS": 2538,
        "PE": 3.2,
        "Book Price": 9.4
      }
    },
    {
      "quarter": "Q4 2012",
      "income status": {
        "Net sales": 108696,
        "Cost of goods sold": 96102,
        "Gross Profit": 12594,
        "Financial expenses": 1141,
        "Of which: Interest expense": "N/A",
        "Cost of sales": 3539,
        "Enterprise cost management": 2723,
        "Total Operating Expenses": 7403,
        "Total revenue financing activities": 468,
        "Net profit from business activities": 5659,
        "Profit": 341,
        "Profit before tax": 6000,
        "Present corporate income tax expenses": 879,
        "Deferred income taxes expenses": "N/A",
        "The interests of minority shareholders": "N/A",
        "Total Cost of profits": 879,
        "Profit after tax corporate income": 5121,
        "Volume": 3850000,
        "Close of Quarter": 8.1,
        "EPS": 1113.2,
        "Non-adjusted EPS": 3023,
        "PE": 2.7,
        "Book Price": 9.5
      }
    },
    {
      "quarter": "Q3 2012",
      "income status": {
        "Net sales": 83382,
        "Cost of goods sold": 77263,
        "Gross Profit": 6120,
        "Financial expenses": 970,
        "Of which: Interest expense": "N/A",
        "Cost of sales": 3445,
        "Enterprise cost management": 2295,
        "Total Operating Expenses": 6710,
        "Total revenue financing activities": 302,
        "Net profit from business activities": -287,
        "Profit": 1123,
        "Profit before tax": 836,
        "Present corporate income tax expenses": 146,
        "Deferred income taxes expenses": "N/A",
        "The interests of minority shareholders": "N/A",
        "Total Cost of profits": 146,
        "Profit after tax corporate income": 690,
        "Volume": 3500000,
        "Close of Quarter": 9.2,
        "EPS": 1111.1,
        "Non-adjusted EPS": 3319,
        "PE": 2.8,
        "Book Price": 9.1
      }
    },
    {
      "quarter": "Q2 2012",
      "income status": {
        "Net sales": 82193,
        "Cost of goods sold": 72651,
        "Gross Profit": 9541,
        "Financial expenses": 693,
        "Of which: Interest expense": 998,
        "Cost of sales": 2895,
        "Enterprise cost management": 3009,
        "Total Operating Expenses": 6597,
        "Total revenue financing activities": 375,
        "Net profit from business activities": 3320,
        "Profit": 1360,
        "Profit before tax": 4680,
        "Present corporate income tax expenses": 1170,
        "Deferred income taxes expenses": "N/A",
        "The interests of minority shareholders": "N/A",
        "Total Cost of profits": 1170,
        "Profit after tax corporate income": 3510,
        "Volume": 3500000,
        "Close of Quarter": 9.9,
        "EPS": 1217.2,
        "Non-adjusted EPS": 3636,
        "PE": 2.7,
        "Book Price": 9.0
      }
    },
    {
      "quarter": "Q1 2012",
      "income status": {
        "Net sales": 55912,
        "Cost of goods sold": 48261,
        "Gross Profit": 7650,
        "Financial expenses": 566,
        "Of which: Interest expense": "N/A",
        "Cost of sales": 1402,
        "Enterprise cost management": 3804,
        "Total Operating Expenses": 5772,
        "Total revenue financing activities": 322,
        "Net profit from business activities": 2200,
        "Profit": 891,
        "Profit before tax": 3091,
        "Present corporate income tax expenses": 773,
        "Deferred income taxes expenses": "N/A",
        "The interests of minority shareholders": "N/A",
        "Total Cost of profits": 773,
        "Profit after tax corporate income": 2318,
        "Volume": 3500000,
        "Close of Quarter": 9.0,
        "EPS": 1083.9,
        "Non-adjusted EPS": 3238,
        "PE": 2.8,
        "Book Price": 9.0
      }
    },
    {
      "quarter": "Q4 2011",
      "income status": {
        "Net sales": 89051,
        "Cost of goods sold": 78429,
        "Gross Profit": 10622,
        "Financial expenses": 792,
        "Of which: Interest expense": "N/A",
        "Cost of sales": 2008,
        "Enterprise cost management": 4432,
        "Total Operating Expenses": 7232,
        "Total revenue financing activities": 780,
        "Net profit from business activities": 4170,
        "Profit": 1222,
        "Profit before tax": 5392,
        "Present corporate income tax expenses": 293,
        "Deferred income taxes expenses": "N/A",
        "The interests of minority shareholders": "N/A",
        "Total Cost of profits": 293,
        "Profit after tax corporate income": 5099,
        "Volume": 3500000,
        "Close of Quarter": 10.1,
        "EPS": 1120.4,
        "Non-adjusted EPS": 3347,
        "PE": 3.0,
        "Book Price": 8.8
      }
    },
    {
      "quarter": "Q3 2011",
      "income status": {
        "Net sales": 64297,
        "Cost of goods sold": 56462,
        "Gross Profit": 7835,
        "Financial expenses": 436,
        "Of which: Interest expense": "N/A",
        "Cost of sales": 1509,
        "Enterprise cost management": 3731,
        "Total Operating Expenses": 5676,
        "Total revenue financing activities": 219,
        "Net profit from business activities": 2379,
        "Profit": 21,
        "Profit before tax": 2399,
        "Present corporate income tax expenses": 600,
        "Deferred income taxes expenses": "N/A",
        "The interests of minority shareholders": "N/A",
        "Total Cost of profits": 600,
        "Profit after tax corporate income": 1799,
        "Volume": 3500000,
        "Close of Quarter": 8.3,
        "EPS": 804.1,
        "Non-adjusted EPS": 2402,
        "PE": 3.5,
        "Book Price": 8.3
      }
    },
    {
      "quarter": "Q2 2011",
      "income status": {
        "Net sales": 51225,
        "Cost of goods sold": 44260,
        "Gross Profit": 6965,
        "Financial expenses": 312,
        "Of which: Interest expense": "N/A",
        "Cost of sales": 1453,
        "Enterprise cost management": 3139,
        "Total Operating Expenses": 4904,
        "Total revenue financing activities": 740,
        "Net profit from business activities": 2801,
        "Profit": 23,
        "Profit before tax": 2824,
        "Present corporate income tax expenses": 706,
        "Deferred income taxes expenses": "N/A",
        "The interests of minority shareholders": "N/A",
        "Total Cost of profits": 706,
        "Profit after tax corporate income": 2118,
        "Volume": 3500000,
        "Close of Quarter": 8.0,
        "EPS": 842.6,
        "Non-adjusted EPS": 2517,
        "PE": 3.2,
        "Book Price": 8.1
      }
    },
    {
      "quarter": "Q1 2011",
      "income status": {
        "Net sales": 38184,
        "Cost of goods sold": 31861,
        "Gross Profit": 6323,
        "Financial expenses": 67,
        "Of which: Interest expense": "N/A",
        "Cost of sales": 1266,
        "Enterprise cost management": 2854,
        "Total Operating Expenses": 4187,
        "Total revenue financing activities": 1451,
        "Net profit from business activities": 3589,
        "Profit": 8,
        "Profit before tax": 3596,
        "Present corporate income tax expenses": 899,
        "Deferred income taxes expenses": "N/A",
        "The interests of minority shareholders": "N/A",
        "Total Cost of profits": 899,
        "Profit after tax corporate income": 2697,
        "Volume": 3500000,
        "Close of Quarter": 9.4,
        "EPS": 933.0,
        "Non-adjusted EPS": 2787,
        "PE": 3.4,
        "Book Price": 7.9
      }
    }
  ]
}