{
  "ticker": "TIG",
  "data": [
    {
      "quarter": "Q4 2016",
      "income status": {
        "Net sales": 44078,
        "Cost of goods sold": 43054,
        "Gross Profit": 1023,
        "Financial expenses": 108,
        "Of which: Interest expense": 108,
        "Cost of sales": 68,
        "Enterprise cost management": 4096,
        "Total Operating Expenses": 4272,
        "Total revenue financing activities": 6267,
        "Net profit from business activities": 3030,
        "Profit": -1788,
        "Profit before tax": 1242,
        "Present corporate income tax expenses": 845,
        "Deferred income taxes expenses": "N/A",
        "The interests of minority shareholders": 33,
        "Total Cost of profits": 878,
        "Profit after tax corporate income": 364,
        "Volume": 73565000,
        "Close of Quarter": 3.6,
        "EPS": 597,
        "Non-adjusted EPS": 597,
        "PE": 6.0,
        "Book Price": 11.5
      }
    },
    {
      "quarter": "Q3 2016",
      "income status": {
        "Net sales": 43244,
        "Cost of goods sold": 33706,
        "Gross Profit": 9538,
        "Financial expenses": 77,
        "Of which: Interest expense": 77,
        "Cost of sales": "N/A",
        "Enterprise cost management": 3286,
        "Total Operating Expenses": 3363,
        "Total revenue financing activities": 2858,
        "Net profit from business activities": 9088,
        "Profit": -1669,
        "Profit before tax": 7420,
        "Present corporate income tax expenses": 2008,
        "Deferred income taxes expenses": "N/A",
        "The interests of minority shareholders": -3,
        "Total Cost of profits": 2005,
        "Profit after tax corporate income": 5415,
        "Volume": 68000000,
        "Close of Quarter": 5.3,
        "EPS": 907.7,
        "Non-adjusted EPS": 982,
        "PE": 5.4,
        "Book Price": 11.6
      }
    },
    {
      "quarter": "Q2 2016",
      "income status": {
        "Net sales": 60607,
        "Cost of goods sold": 55272,
        "Gross Profit": 5335,
        "Financial expenses": 767,
        "Of which: Interest expense": 118,
        "Cost of sales": "N/A",
        "Enterprise cost management": 3622,
        "Total Operating Expenses": 4389,
        "Total revenue financing activities": 26486,
        "Net profit from business activities": 27460,
        "Profit": -848,
        "Profit before tax": 26613,
        "Present corporate income tax expenses": 5149,
        "Deferred income taxes expenses": "N/A",
        "The interests of minority shareholders": 153,
        "Total Cost of profits": 5302,
        "Profit after tax corporate income": 21310,
        "Volume": 68000000,
        "Close of Quarter": 5.6,
        "EPS": 1065.8,
        "Non-adjusted EPS": 1153,
        "PE": 4.9,
        "Book Price": 11.6
      }
    },
    {
      "quarter": "Q1 2016",
      "income status": {
        "Net sales": 34536,
        "Cost of goods sold": 28357,
        "Gross Profit": 6178,
        "Financial expenses": 110,
        "Of which: Interest expense": 110,
        "Cost of sales": 100,
        "Enterprise cost management": 3238,
        "Total Operating Expenses": 3448,
        "Total revenue financing activities": 18784,
        "Net profit from business activities": 21521,
        "Profit": -55,
        "Profit before tax": 21466,
        "Present corporate income tax expenses": 4625,
        "Deferred income taxes expenses": "N/A",
        "The interests of minority shareholders": -12,
        "Total Cost of profits": 4613,
        "Profit after tax corporate income": 16853,
        "Volume": 55650000,
        "Close of Quarter": 7.2,
        "EPS": 1189.9,
        "Non-adjusted EPS": 1573,
        "PE": 4.6,
        "Book Price": 10.0
      }
    },
    {
      "quarter": "Q4 2015",
      "income status": {
        "Net sales": 105165,
        "Cost of goods sold": 83631,
        "Gross Profit": 21535,
        "Financial expenses": 107,
        "Of which: Interest expense": 155,
        "Cost of sales": 45,
        "Enterprise cost management": 3873,
        "Total Operating Expenses": 4025,
        "Total revenue financing activities": 13965,
        "Net profit from business activities": 30297,
        "Profit": 609,
        "Profit before tax": 30906,
        "Present corporate income tax expenses": 7488,
        "Deferred income taxes expenses": -2,
        "The interests of minority shareholders": 220,
        "Total Cost of profits": 7706,
        "Profit after tax corporate income": 23200,
        "Volume": 55650000,
        "Close of Quarter": 9.5,
        "EPS": 1180.9,
        "Non-adjusted EPS": 1561,
        "PE": 6.1,
        "Book Price": 9.8
      }
    },
    {
      "quarter": "Q3 2015",
      "income status": {
        "Net sales": 54507,
        "Cost of goods sold": 38512,
        "Gross Profit": 15995,
        "Financial expenses": 196,
        "Of which: Interest expense": 196,
        "Cost of sales": 117,
        "Enterprise cost management": 3057,
        "Total Operating Expenses": 3370,
        "Total revenue financing activities": 2684,
        "Net profit from business activities": 17412,
        "Profit": 4402,
        "Profit before tax": 21815,
        "Present corporate income tax expenses": 4671,
        "Deferred income taxes expenses": -5,
        "The interests of minority shareholders": 133,
        "Total Cost of profits": 4799,
        "Profit after tax corporate income": 17016,
        "Volume": 55650000,
        "Close of Quarter": 8.0,
        "EPS": 1015.2,
        "Non-adjusted EPS": 1342,
        "PE": 5.9,
        "Book Price": 9.5
      }
    },
    {
      "quarter": "Q2 2015",
      "income status": {
        "Net sales": 90615,
        "Cost of goods sold": 65964,
        "Gross Profit": 24650,
        "Financial expenses": 113,
        "Of which: Interest expense": 112,
        "Cost of sales": 102,
        "Enterprise cost management": 3232,
        "Total Operating Expenses": 3447,
        "Total revenue financing activities": 18386,
        "Net profit from business activities": 39577,
        "Profit": -53,
        "Profit before tax": 39524,
        "Present corporate income tax expenses": 9044,
        "Deferred income taxes expenses": -13,
        "The interests of minority shareholders": 9,
        "Total Cost of profits": 9040,
        "Profit after tax corporate income": 30484,
        "Volume": 26500000,
        "Close of Quarter": 8.3,
        "EPS": 937.7,
        "Non-adjusted EPS": 2603,
        "PE": 3.2,
        "Book Price": 5.6
      }
    },
    {
      "quarter": "Q1 2015",
      "income status": {
        "Net sales": 60492,
        "Cost of goods sold": 37050,
        "Gross Profit": 23442,
        "Financial expenses": 1394,
        "Of which: Interest expense": 129,
        "Cost of sales": "N/A",
        "Enterprise cost management": 2879,
        "Total Operating Expenses": 4273,
        "Total revenue financing activities": 2057,
        "Net profit from business activities": 21221,
        "Profit": -28,
        "Profit before tax": 21193,
        "Present corporate income tax expenses": 5043,
        "Deferred income taxes expenses": -3,
        "The interests of minority shareholders": 4,
        "Total Cost of profits": 5044,
        "Profit after tax corporate income": 16149,
        "Volume": 26500000,
        "Close of Quarter": 7.9,
        "EPS": 545.0,
        "Non-adjusted EPS": 1513,
        "PE": 5.2,
        "Book Price": 5.2
      }
    },
    {
      "quarter": "Q4 2014",
      "income status": {
        "Net sales": 28780,
        "Cost of goods sold": 27170,
        "Gross Profit": 1609,
        "Financial expenses": 142,
        "Of which: Interest expense": 142,
        "Cost of sales": "N/A",
        "Enterprise cost management": 3058,
        "Total Operating Expenses": 3200,
        "Total revenue financing activities": 6755,
        "Net profit from business activities": 14451,
        "Profit": -35,
        "Profit before tax": 14417,
        "Present corporate income tax expenses": 1385,
        "Deferred income taxes expenses": 2016,
        "The interests of minority shareholders": -4,
        "Total Cost of profits": 3397,
        "Profit after tax corporate income": 11020,
        "Volume": 26500000,
        "Close of Quarter": 7.1,
        "EPS": 372.1,
        "Non-adjusted EPS": 1033,
        "PE": 6.9,
        "Book Price": 5.0
      }
    },
    {
      "quarter": "Q3 2014",
      "income status": {
        "Net sales": 58799,
        "Cost of goods sold": 50935,
        "Gross Profit": 7864,
        "Financial expenses": 44,
        "Of which: Interest expense": 63,
        "Cost of sales": "N/A",
        "Enterprise cost management": 2829,
        "Total Operating Expenses": 2873,
        "Total revenue financing activities": 9844,
        "Net profit from business activities": 14828,
        "Profit": 6,
        "Profit before tax": 14834,
        "Present corporate income tax expenses": 3463,
        "Deferred income taxes expenses": -5,
        "The interests of minority shareholders": 39,
        "Total Cost of profits": 3497,
        "Profit after tax corporate income": 11337,
        "Volume": 16500000,
        "Close of Quarter": 9.5,
        "EPS": 251.2,
        "Non-adjusted EPS": 1120,
        "PE": 8.5,
        "Book Price": 4.8
      }
    },
    {
      "quarter": "Q2 2014",
      "income status": {
        "Net sales": 20398,
        "Cost of goods sold": 20366,
        "Gross Profit": 31,
        "Financial expenses": -41,
        "Of which: Interest expense": 113,
        "Cost of sales": "N/A",
        "Enterprise cost management": 2560,
        "Total Operating Expenses": 2519,
        "Total revenue financing activities": 4847,
        "Net profit from business activities": 2348,
        "Profit": -6,
        "Profit before tax": 2342,
        "Present corporate income tax expenses": 729,
        "Deferred income taxes expenses": -4,
        "The interests of minority shareholders": 28,
        "Total Cost of profits": 753,
        "Profit after tax corporate income": 1589,
        "Volume": 16500000,
        "Close of Quarter": 5.7,
        "EPS": 163.5,
        "Non-adjusted EPS": 729,
        "PE": 7.8,
        "Book Price": 3.3
      }
    },
    {
      "quarter": "Q1 2014",
      "income status": {
        "Net sales": 28011,
        "Cost of goods sold": 25112,
        "Gross Profit": 2900,
        "Financial expenses": 38,
        "Of which: Interest expense": 5,
        "Cost of sales": "N/A",
        "Enterprise cost management": 2349,
        "Total Operating Expenses": 2387,
        "Total revenue financing activities": 4133,
        "Net profit from business activities": 4636,
        "Profit": "N/A",
        "Profit before tax": 4636,
        "Present corporate income tax expenses": 1222,
        "Deferred income taxes expenses": -12,
        "The interests of minority shareholders": -10,
        "Total Cost of profits": 1200,
        "Profit after tax corporate income": 3437,
        "Volume": 16500000,
        "Close of Quarter": 7.3,
        "EPS": 152.5,
        "Non-adjusted EPS": 680,
        "PE": 10.8,
        "Book Price": 3.3
      }
    },
    {
      "quarter": "Q4 2013",
      "income status": {
        "Net sales": 27970,
        "Cost of goods sold": 27845,
        "Gross Profit": 125,
        "Financial expenses": -622,
        "Of which: Interest expense": 133,
        "Cost of sales": "N/A",
        "Enterprise cost management": 1257,
        "Total Operating Expenses": 635,
        "Total revenue financing activities": 1307,
        "Net profit from business activities": 797,
        "Profit": "N/A",
        "Profit before tax": 2217,
        "Present corporate income tax expenses": 33,
        "Deferred income taxes expenses": 20,
        "The interests of minority shareholders": 52,
        "Total Cost of profits": 105,
        "Profit after tax corporate income": 2112,
        "Volume": 16500000,
        "Close of Quarter": 5.7,
        "EPS": 109.0,
        "Non-adjusted EPS": 486,
        "PE": 11.7,
        "Book Price": 2.3
      }
    },
    {
      "quarter": "Q3 2013",
      "income status": {
        "Net sales": 8038,
        "Cost of goods sold": 7168,
        "Gross Profit": 870,
        "Financial expenses": 589,
        "Of which: Interest expense": 88,
        "Cost of sales": 314,
        "Enterprise cost management": 1615,
        "Total Operating Expenses": 2518,
        "Total revenue financing activities": 7643,
        "Net profit from business activities": 5995,
        "Profit": 28,
        "Profit before tax": 5475,
        "Present corporate income tax expenses": 561,
        "Deferred income taxes expenses": 24,
        "The interests of minority shareholders": 3,
        "Total Cost of profits": 588,
        "Profit after tax corporate income": 4887,
        "Volume": 16500000,
        "Close of Quarter": 3.0,
        "EPS": 145.6,
        "Non-adjusted EPS": 649,
        "PE": 4.7,
        "Book Price": 2.3
      }
    },
    {
      "quarter": "Q2 2013",
      "income status": {
        "Net sales": 28017,
        "Cost of goods sold": 28873,
        "Gross Profit": -856,
        "Financial expenses": 326,
        "Of which: Interest expense": 200,
        "Cost of sales": "N/A",
        "Enterprise cost management": 4698,
        "Total Operating Expenses": 5024,
        "Total revenue financing activities": 8406,
        "Net profit from business activities": 2526,
        "Profit": -226,
        "Profit before tax": 2152,
        "Present corporate income tax expenses": 1378,
        "Deferred income taxes expenses": -48,
        "The interests of minority shareholders": 41,
        "Total Cost of profits": 1371,
        "Profit after tax corporate income": 782,
        "Volume": 16500000,
        "Close of Quarter": 2.9,
        "EPS": 85.9,
        "Non-adjusted EPS": 383,
        "PE": 7.7,
        "Book Price": 2.2
      }
    },
    {
      "quarter": "Q1 2013",
      "income status": {
        "Net sales": 11534,
        "Cost of goods sold": 9362,
        "Gross Profit": 2173,
        "Financial expenses": -1219,
        "Of which: Interest expense": 249,
        "Cost of sales": 460,
        "Enterprise cost management": 1707,
        "Total Operating Expenses": 948,
        "Total revenue financing activities": 499,
        "Net profit from business activities": 1724,
        "Profit": -8,
        "Profit before tax": 761,
        "Present corporate income tax expenses": 476,
        "Deferred income taxes expenses": -8,
        "The interests of minority shareholders": 53,
        "Total Cost of profits": 521,
        "Profit after tax corporate income": 240,
        "Volume": 16500000,
        "Close of Quarter": 3.5,
        "EPS": 40.6,
        "Non-adjusted EPS": 181,
        "PE": 19.2,
        "Book Price": 2.2
      }
    },
    {
      "quarter": "Q4 2012",
      "income status": {
        "Net sales": 1976,
        "Cost of goods sold": 1886,
        "Gross Profit": 91,
        "Financial expenses": 3726,
        "Of which: Interest expense": 848,
        "Cost of sales": 78,
        "Enterprise cost management": 2858,
        "Total Operating Expenses": 6662,
        "Total revenue financing activities": 11659,
        "Net profit from business activities": 5089,
        "Profit": -28,
        "Profit before tax": 4904,
        "Present corporate income tax expenses": 39,
        "Deferred income taxes expenses": -83,
        "The interests of minority shareholders": 144,
        "Total Cost of profits": 100,
        "Profit after tax corporate income": 4804,
        "Volume": 16500000,
        "Close of Quarter": 2.8,
        "EPS": 39.0,
        "Non-adjusted EPS": 174,
        "PE": 16.0,
        "Book Price": 2.2
      }
    },
    {
      "quarter": "Q3 2012",
      "income status": {
        "Net sales": 2351,
        "Cost of goods sold": 2337,
        "Gross Profit": 15,
        "Financial expenses": -229,
        "Of which: Interest expense": 261,
        "Cost of sales": "N/A",
        "Enterprise cost management": 1457,
        "Total Operating Expenses": 1228,
        "Total revenue financing activities": 2288,
        "Net profit from business activities": 1075,
        "Profit": "N/A",
        "Profit before tax": 918,
        "Present corporate income tax expenses": 216,
        "Deferred income taxes expenses": 183,
        "The interests of minority shareholders": 32,
        "Total Cost of profits": 431,
        "Profit after tax corporate income": 488,
        "Volume": 16500000,
        "Close of Quarter": 2.0,
        "EPS": -146.0,
        "Non-adjusted EPS": -651,
        "PE": -3.0,
        "Book Price": 2.2
      }
    },
    {
      "quarter": "Q2 2012",
      "income status": {
        "Net sales": 3301,
        "Cost of goods sold": 3095,
        "Gross Profit": 206,
        "Financial expenses": -1789,
        "Of which: Interest expense": 218,
        "Cost of sales": "N/A",
        "Enterprise cost management": 5294,
        "Total Operating Expenses": 3505,
        "Total revenue financing activities": 92,
        "Net profit from business activities": -3208,
        "Profit": -85,
        "Profit before tax": -3207,
        "Present corporate income tax expenses": -482,
        "Deferred income taxes expenses": -108,
        "The interests of minority shareholders": -77,
        "Total Cost of profits": -667,
        "Profit after tax corporate income": -2539,
        "Volume": 16500000,
        "Close of Quarter": 2.6,
        "EPS": -150.3,
        "Non-adjusted EPS": -670,
        "PE": -3.8,
        "Book Price": 2.1
      }
    },
    {
      "quarter": "Q1 2012",
      "income status": {
        "Net sales": 2597,
        "Cost of goods sold": 2366,
        "Gross Profit": 231,
        "Financial expenses": 117,
        "Of which: Interest expense": 117,
        "Cost of sales": "N/A",
        "Enterprise cost management": 3872,
        "Total Operating Expenses": 3989,
        "Total revenue financing activities": 4868,
        "Net profit from business activities": 1110,
        "Profit": "N/A",
        "Profit before tax": 1023,
        "Present corporate income tax expenses": 837,
        "Deferred income taxes expenses": -33,
        "The interests of minority shareholders": 107,
        "Total Cost of profits": 911,
        "Profit after tax corporate income": 112,
        "Volume": 16500000,
        "Close of Quarter": 3.0,
        "EPS": -137.9,
        "Non-adjusted EPS": -615,
        "PE": -4.9,
        "Book Price": 2.2
      }
    },
    {
      "quarter": "Q4 2011",
      "income status": {
        "Net sales": 1585,
        "Cost of goods sold": 1918,
        "Gross Profit": -333,
        "Financial expenses": 8126,
        "Of which: Interest expense": "N/A",
        "Cost of sales": "N/A",
        "Enterprise cost management": 4175,
        "Total Operating Expenses": 12301,
        "Total revenue financing activities": 3854,
        "Net profit from business activities": -8780,
        "Profit": -50,
        "Profit before tax": -10052,
        "Present corporate income tax expenses": "N/A",
        "Deferred income taxes expenses": "N/A",
        "The interests of minority shareholders": -1242,
        "Total Cost of profits": -1242,
        "Profit after tax corporate income": -8810,
        "Volume": 16500000,
        "Close of Quarter": 2.3,
        "EPS": -135.9,
        "Non-adjusted EPS": -606,
        "PE": -3.9,
        "Book Price": 2.2
      }
    },
    {
      "quarter": "Q3 2011",
      "income status": {
        "Net sales": 3301,
        "Cost of goods sold": 3536,
        "Gross Profit": -235,
        "Financial expenses": 306,
        "Of which: Interest expense": 306,
        "Cost of sales": "N/A",
        "Enterprise cost management": 3649,
        "Total Operating Expenses": 3955,
        "Total revenue financing activities": 4716,
        "Net profit from business activities": 526,
        "Profit": 99,
        "Profit before tax": 2498,
        "Present corporate income tax expenses": 634,
        "Deferred income taxes expenses": "N/A",
        "The interests of minority shareholders": -104,
        "Total Cost of profits": 530,
        "Profit after tax corporate income": 190,
        "Volume": 16500000,
        "Close of Quarter": 5.0,
        "EPS": -20.6,
        "Non-adjusted EPS": -92,
        "PE": -54.1,
        "Book Price": 2.3
      }
    },
    {
      "quarter": "Q2 2011",
      "income status": {
        "Net sales": 3656,
        "Cost of goods sold": 2818,
        "Gross Profit": 838,
        "Financial expenses": 324,
        "Of which: Interest expense": 324,
        "Cost of sales": "N/A",
        "Enterprise cost management": 4580,
        "Total Operating Expenses": 4904,
        "Total revenue financing activities": 3526,
        "Net profit from business activities": -540,
        "Profit": -42,
        "Profit before tax": -582,
        "Present corporate income tax expenses": 451,
        "Deferred income taxes expenses": "N/A",
        "The interests of minority shareholders": 611,
        "Total Cost of profits": 1062,
        "Profit after tax corporate income": -1644,
        "Volume": 15000000,
        "Close of Quarter": 5.0,
        "EPS": 42.4,
        "Non-adjusted EPS": 208,
        "PE": 24.1,
        "Book Price": 2.3
      }
    },
    {
      "quarter": "Q1 2011",
      "income status": {
        "Net sales": 714,
        "Cost of goods sold": 610,
        "Gross Profit": 104,
        "Financial expenses": 2128,
        "Of which: Interest expense": 1965,
        "Cost of sales": "N/A",
        "Enterprise cost management": 3278,
        "Total Operating Expenses": 5406,
        "Total revenue financing activities": 7104,
        "Net profit from business activities": 1802,
        "Profit": -94,
        "Profit before tax": 1708,
        "Present corporate income tax expenses": 891,
        "Deferred income taxes expenses": "N/A",
        "The interests of minority shareholders": 559,
        "Total Cost of profits": 1450,
        "Profit after tax corporate income": 259,
        "Volume": 15000000,
        "Close of Quarter": 9.6,
        "EPS": 114.2,
        "Non-adjusted EPS": 560,
        "PE": 17.1,
        "Book Price": 2.3
      }
    }
  ]
}