{
  "ticker": "HGM",
  "data": [
    {
      "quarter": "Q4 2016",
      "income status": {
        "Net sales": 24695,
        "Cost of goods sold": 10317,
        "Gross Profit": 14379,
        "Financial expenses": 12834,
        "Of which: Interest expense": "N/A",
        "Cost of sales": 398,
        "Enterprise cost management": 3604,
        "Total Operating Expenses": 16836,
        "Total revenue financing activities": 3881,
        "Net profit from business activities": 1424,
        "Profit": 8920,
        "Profit before tax": 10344,
        "Present corporate income tax expenses": -31,
        "Deferred income taxes expenses": "N/A",
        "The interests of minority shareholders": "N/A",
        "Total Cost of profits": -31,
        "Profit after tax corporate income": 10375,
        "Volume": 12600000,
        "Close of Quarter": 40.8,
        "EPS": 1386,
        "Non-adjusted EPS": 1386,
        "PE": 29.4,
        "Book Price": 16.8
      }
    },
    {
      "quarter": "Q3 2016",
      "income status": {
        "Net sales": 28770,
        "Cost of goods sold": 22071,
        "Gross Profit": 6699,
        "Financial expenses": "N/A",
        "Of which: Interest expense": "N/A",
        "Cost of sales": 392,
        "Enterprise cost management": 2328,
        "Total Operating Expenses": 2720,
        "Total revenue financing activities": 974,
        "Net profit from business activities": 4954,
        "Profit": 88,
        "Profit before tax": 5042,
        "Present corporate income tax expenses": 386,
        "Deferred income taxes expenses": "N/A",
        "The interests of minority shareholders": "N/A",
        "Total Cost of profits": 386,
        "Profit after tax corporate income": 4656,
        "Volume": 12600000,
        "Close of Quarter": 34.7,
        "EPS": 668,
        "Non-adjusted EPS": 668,
        "PE": 52.0,
        "Book Price": 16.1
      }
    },
    {
      "quarter": "Q2 2016",
      "income status": {
        "Net sales": 19867,
        "Cost of goods sold": 16198,
        "Gross Profit": 3669,
        "Financial expenses": "N/A",
        "Of which: Interest expense": "N/A",
        "Cost of sales": 271,
        "Enterprise cost management": 2583,
        "Total Operating Expenses": 2854,
        "Total revenue financing activities": 1283,
        "Net profit from business activities": 2098,
        "Profit": -127,
        "Profit before tax": 1971,
        "Present corporate income tax expenses": 172,
        "Deferred income taxes expenses": "N/A",
        "The interests of minority shareholders": "N/A",
        "Total Cost of profits": 172,
        "Profit after tax corporate income": 1799,
        "Volume": 12600000,
        "Close of Quarter": 41.0,
        "EPS": 908,
        "Non-adjusted EPS": 908,
        "PE": 45.2,
        "Book Price": 15.8
      }
    },
    {
      "quarter": "Q1 2016",
      "income status": {
        "Net sales": 17145,
        "Cost of goods sold": 13497,
        "Gross Profit": 3648,
        "Financial expenses": 279,
        "Of which: Interest expense": 7,
        "Cost of sales": 332,
        "Enterprise cost management": 2322,
        "Total Operating Expenses": 2933,
        "Total revenue financing activities": 565,
        "Net profit from business activities": 1281,
        "Profit": -549,
        "Profit before tax": 732,
        "Present corporate income tax expenses": 101,
        "Deferred income taxes expenses": "N/A",
        "The interests of minority shareholders": "N/A",
        "Total Cost of profits": 101,
        "Profit after tax corporate income": 632,
        "Volume": 12600000,
        "Close of Quarter": 38,
        "EPS": 1213,
        "Non-adjusted EPS": 1213,
        "PE": 31.3,
        "Book Price": 16.2
      }
    },
    {
      "quarter": "Q4 2015",
      "income status": {
        "Net sales": 16179,
        "Cost of goods sold": 12710,
        "Gross Profit": 3469,
        "Financial expenses": 55,
        "Of which: Interest expense": "N/A",
        "Cost of sales": 241,
        "Enterprise cost management": 3560,
        "Total Operating Expenses": 3856,
        "Total revenue financing activities": 2057,
        "Net profit from business activities": 1670,
        "Profit": -235,
        "Profit before tax": 1436,
        "Present corporate income tax expenses": 111,
        "Deferred income taxes expenses": "N/A",
        "The interests of minority shareholders": "N/A",
        "Total Cost of profits": 111,
        "Profit after tax corporate income": 1325,
        "Volume": 12600000,
        "Close of Quarter": 41.4,
        "EPS": 1636,
        "Non-adjusted EPS": 1636,
        "PE": 25.3,
        "Book Price": 16.1
      }
    },
    {
      "quarter": "Q3 2015",
      "income status": {
        "Net sales": 18240,
        "Cost of goods sold": 12040,
        "Gross Profit": 6200,
        "Financial expenses": "N/A",
        "Of which: Interest expense": "N/A",
        "Cost of sales": 381,
        "Enterprise cost management": 3054,
        "Total Operating Expenses": 3435,
        "Total revenue financing activities": 1921,
        "Net profit from business activities": 4686,
        "Profit": 3568,
        "Profit before tax": 8254,
        "Present corporate income tax expenses": 573,
        "Deferred income taxes expenses": "N/A",
        "The interests of minority shareholders": "N/A",
        "Total Cost of profits": 573,
        "Profit after tax corporate income": 7681,
        "Volume": 12600000,
        "Close of Quarter": 32.7,
        "EPS": 1850,
        "Non-adjusted EPS": 1850,
        "PE": 17.7,
        "Book Price": 17
      }
    },
    {
      "quarter": "Q2 2015",
      "income status": {
        "Net sales": 29018,
        "Cost of goods sold": 19379,
        "Gross Profit": 9639,
        "Financial expenses": "N/A",
        "Of which: Interest expense": "N/A",
        "Cost of sales": 421,
        "Enterprise cost management": 2466,
        "Total Operating Expenses": 2887,
        "Total revenue financing activities": 1395,
        "Net profit from business activities": 8148,
        "Profit": -2068,
        "Profit before tax": 6079,
        "Present corporate income tax expenses": 431,
        "Deferred income taxes expenses": "N/A",
        "The interests of minority shareholders": "N/A",
        "Total Cost of profits": 431,
        "Profit after tax corporate income": 5648,
        "Volume": 12600000,
        "Close of Quarter": 36.2,
        "EPS": 1433,
        "Non-adjusted EPS": 1433,
        "PE": 25.3,
        "Book Price": 16.4
      }
    },
    {
      "quarter": "Q1 2015",
      "income status": {
        "Net sales": 21745,
        "Cost of goods sold": 11028,
        "Gross Profit": 10717,
        "Financial expenses": "N/A",
        "Of which: Interest expense": "N/A",
        "Cost of sales": 256,
        "Enterprise cost management": 2794,
        "Total Operating Expenses": 3050,
        "Total revenue financing activities": 817,
        "Net profit from business activities": 8483,
        "Profit": -2072,
        "Profit before tax": 6411,
        "Present corporate income tax expenses": 446,
        "Deferred income taxes expenses": "N/A",
        "The interests of minority shareholders": "N/A",
        "Total Cost of profits": 446,
        "Profit after tax corporate income": 5965,
        "Volume": 12600000,
        "Close of Quarter": 48.6,
        "EPS": 1596,
        "Non-adjusted EPS": 1596,
        "PE": 30.5,
        "Book Price": 16
      }
    },
    {
      "quarter": "Q4 2014",
      "income status": {
        "Net sales": 30204,
        "Cost of goods sold": 21409,
        "Gross Profit": 8795,
        "Financial expenses": "N/A",
        "Of which: Interest expense": "N/A",
        "Cost of sales": 590,
        "Enterprise cost management": 3439,
        "Total Operating Expenses": 4029,
        "Total revenue financing activities": 997,
        "Net profit from business activities": 5764,
        "Profit": -2147,
        "Profit before tax": 3617,
        "Present corporate income tax expenses": -402,
        "Deferred income taxes expenses": "N/A",
        "The interests of minority shareholders": "N/A",
        "Total Cost of profits": -402,
        "Profit after tax corporate income": 4019,
        "Volume": 12600000,
        "Close of Quarter": 44.5,
        "EPS": 2367,
        "Non-adjusted EPS": 2367,
        "PE": 18.8,
        "Book Price": 18
      }
    },
    {
      "quarter": "Q3 2014",
      "income status": {
        "Net sales": 18809,
        "Cost of goods sold": 11893,
        "Gross Profit": 6916,
        "Financial expenses": "N/A",
        "Of which: Interest expense": "N/A",
        "Cost of sales": 567,
        "Enterprise cost management": 3221,
        "Total Operating Expenses": 3788,
        "Total revenue financing activities": 1648,
        "Net profit from business activities": 4775,
        "Profit": -2079,
        "Profit before tax": 2696,
        "Present corporate income tax expenses": 270,
        "Deferred income taxes expenses": "N/A",
        "The interests of minority shareholders": "N/A",
        "Total Cost of profits": 270,
        "Profit after tax corporate income": 2426,
        "Volume": 12600000,
        "Close of Quarter": 46.8,
        "EPS": 3376,
        "Non-adjusted EPS": 3376,
        "PE": 13.9,
        "Book Price": 17.8
      }
    },
    {
      "quarter": "Q2 2014",
      "income status": {
        "Net sales": 26109,
        "Cost of goods sold": 14475,
        "Gross Profit": 11634,
        "Financial expenses": 741,
        "Of which: Interest expense": 1,
        "Cost of sales": 242,
        "Enterprise cost management": 2929,
        "Total Operating Expenses": 3912,
        "Total revenue financing activities": 2273,
        "Net profit from business activities": 9995,
        "Profit": -2256,
        "Profit before tax": 7738,
        "Present corporate income tax expenses": 43,
        "Deferred income taxes expenses": "N/A",
        "The interests of minority shareholders": "N/A",
        "Total Cost of profits": 43,
        "Profit after tax corporate income": 7695,
        "Volume": 12600000,
        "Close of Quarter": 47.1,
        "EPS": 4653,
        "Non-adjusted EPS": 4653,
        "PE": 10.1,
        "Book Price": 19.1
      }
    },
    {
      "quarter": "Q1 2014",
      "income status": {
        "Net sales": 37352,
        "Cost of goods sold": 17075,
        "Gross Profit": 20277,
        "Financial expenses": "N/A",
        "Of which: Interest expense": "N/A",
        "Cost of sales": 195,
        "Enterprise cost management": 2739,
        "Total Operating Expenses": 2934,
        "Total revenue financing activities": 2296,
        "Net profit from business activities": 19639,
        "Profit": -2506,
        "Profit before tax": 17133,
        "Present corporate income tax expenses": 1444,
        "Deferred income taxes expenses": "N/A",
        "The interests of minority shareholders": "N/A",
        "Total Cost of profits": 1444,
        "Profit after tax corporate income": 15690,
        "Volume": 12600000,
        "Close of Quarter": 48.4,
        "EPS": 6146,
        "Non-adjusted EPS": 6146,
        "PE": 7.9,
        "Book Price": 20
      }
    },
    {
      "quarter": "Q4 2013",
      "income status": {
        "Net sales": 40871,
        "Cost of goods sold": 17276,
        "Gross Profit": 23594,
        "Financial expenses": "N/A",
        "Of which: Interest expense": "N/A",
        "Cost of sales": 285,
        "Enterprise cost management": 3153,
        "Total Operating Expenses": 3438,
        "Total revenue financing activities": 3252,
        "Net profit from business activities": 23409,
        "Profit": -5008,
        "Profit before tax": 18401,
        "Present corporate income tax expenses": 1677,
        "Deferred income taxes expenses": "N/A",
        "The interests of minority shareholders": "N/A",
        "Total Cost of profits": 1677,
        "Profit after tax corporate income": 16724,
        "Volume": 12600000,
        "Close of Quarter": 46.9,
        "EPS": 6814,
        "Non-adjusted EPS": 6814,
        "PE": 6.9,
        "Book Price": 20.9
      }
    },
    {
      "quarter": "Q3 2013",
      "income status": {
        "Net sales": 40049,
        "Cost of goods sold": 18733,
        "Gross Profit": 21317,
        "Financial expenses": 7,
        "Of which: Interest expense": 1,
        "Cost of sales": 362,
        "Enterprise cost management": 2658,
        "Total Operating Expenses": 3027,
        "Total revenue financing activities": 4971,
        "Net profit from business activities": 23261,
        "Profit": -1803,
        "Profit before tax": 21458,
        "Present corporate income tax expenses": 2945,
        "Deferred income taxes expenses": "N/A",
        "The interests of minority shareholders": "N/A",
        "Total Cost of profits": 2945,
        "Profit after tax corporate income": 18513,
        "Volume": 12600000,
        "Close of Quarter": 46.0,
        "EPS": 8388,
        "Non-adjusted EPS": 8388,
        "PE": 5.5,
        "Book Price": 22.5
      }
    },
    {
      "quarter": "Q2 2013",
      "income status": {
        "Net sales": 44672,
        "Cost of goods sold": 13228,
        "Gross Profit": 31444,
        "Financial expenses": 74,
        "Of which: Interest expense": 74,
        "Cost of sales": 184,
        "Enterprise cost management": 2789,
        "Total Operating Expenses": 3047,
        "Total revenue financing activities": 5057,
        "Net profit from business activities": 33454,
        "Profit": -4484,
        "Profit before tax": 28970,
        "Present corporate income tax expenses": 2463,
        "Deferred income taxes expenses": "N/A",
        "The interests of minority shareholders": "N/A",
        "Total Cost of profits": 2463,
        "Profit after tax corporate income": 26507,
        "Volume": 6300000,
        "Close of Quarter": 51.2,
        "EPS": 9691,
        "Non-adjusted EPS": 19382,
        "PE": 2.6,
        "Book Price": 23.4
      }
    },
    {
      "quarter": "Q1 2013",
      "income status": {
        "Net sales": 40171,
        "Cost of goods sold": 14691,
        "Gross Profit": 25480,
        "Financial expenses": "N/A",
        "Of which: Interest expense": "N/A",
        "Cost of sales": 144,
        "Enterprise cost management": 2354,
        "Total Operating Expenses": 2498,
        "Total revenue financing activities": 3252,
        "Net profit from business activities": 26234,
        "Profit": -204,
        "Profit before tax": 26031,
        "Present corporate income tax expenses": 1916,
        "Deferred income taxes expenses": "N/A",
        "The interests of minority shareholders": "N/A",
        "Total Cost of profits": 1916,
        "Profit after tax corporate income": 24115,
        "Volume": 6300000,
        "Close of Quarter": 41.7,
        "EPS": 10315,
        "Non-adjusted EPS": 20630,
        "PE": 2.0,
        "Book Price": 21.5
      }
    },
    {
      "quarter": "Q4 2012",
      "income status": {
        "Net sales": 44448,
        "Cost of goods sold": 14678,
        "Gross Profit": 29771,
        "Financial expenses": 34,
        "Of which: Interest expense": 34,
        "Cost of sales": 271,
        "Enterprise cost management": 3423,
        "Total Operating Expenses": 3728,
        "Total revenue financing activities": 5385,
        "Net profit from business activities": 31426,
        "Profit": 9865,
        "Profit before tax": 41291,
        "Present corporate income tax expenses": 4737,
        "Deferred income taxes expenses": "N/A",
        "The interests of minority shareholders": "N/A",
        "Total Cost of profits": 4737,
        "Profit after tax corporate income": 36554,
        "Volume": 6300000,
        "Close of Quarter": 34.4,
        "EPS": 10937,
        "Non-adjusted EPS": 21874,
        "PE": 1.6,
        "Book Price": 20.9
      }
    },
    {
      "quarter": "Q3 2012",
      "income status": {
        "Net sales": 46086,
        "Cost of goods sold": 13236,
        "Gross Profit": 32850,
        "Financial expenses": "N/A",
        "Of which: Interest expense": "N/A",
        "Cost of sales": 189,
        "Enterprise cost management": 2512,
        "Total Operating Expenses": 2701,
        "Total revenue financing activities": 7325,
        "Net profit from business activities": 37474,
        "Profit": -818,
        "Profit before tax": 36656,
        "Present corporate income tax expenses": 1726,
        "Deferred income taxes expenses": "N/A",
        "The interests of minority shareholders": "N/A",
        "Total Cost of profits": 1726,
        "Profit after tax corporate income": 34930,
        "Volume": 6300000,
        "Close of Quarter": 31.1,
        "EPS": 10800,
        "Non-adjusted EPS": 21600,
        "PE": 1.4,
        "Book Price": 21.8
      }
    },
    {
      "quarter": "Q2 2012",
      "income status": {
        "Net sales": 49027,
        "Cost of goods sold": 12619,
        "Gross Profit": 36408,
        "Financial expenses": "N/A",
        "Of which: Interest expense": "N/A",
        "Cost of sales": 181,
        "Enterprise cost management": 2109,
        "Total Operating Expenses": 2290,
        "Total revenue financing activities": 5652,
        "Net profit from business activities": 39770,
        "Profit": -2997,
        "Profit before tax": 36773,
        "Present corporate income tax expenses": 2405,
        "Deferred income taxes expenses": "N/A",
        "The interests of minority shareholders": "N/A",
        "Total Cost of profits": 2405,
        "Profit after tax corporate income": 34368,
        "Volume": 6300000,
        "Close of Quarter": 32.5,
        "EPS": 10858.5,
        "Non-adjusted EPS": 21717,
        "PE": 1.5,
        "Book Price": 19.1
      }
    },
    {
      "quarter": "Q1 2012",
      "income status": {
        "Net sales": 43347,
        "Cost of goods sold": 12440,
        "Gross Profit": 30907,
        "Financial expenses": "N/A",
        "Of which: Interest expense": "N/A",
        "Cost of sales": 192,
        "Enterprise cost management": 1716,
        "Total Operating Expenses": 1908,
        "Total revenue financing activities": 6394,
        "Net profit from business activities": 35393,
        "Profit": -513,
        "Profit before tax": 34880,
        "Present corporate income tax expenses": 2925,
        "Deferred income taxes expenses": "N/A",
        "The interests of minority shareholders": "N/A",
        "Total Cost of profits": 2925,
        "Profit after tax corporate income": 31955,
        "Volume": 6000000,
        "Close of Quarter": 30.7,
        "EPS": 11852.9,
        "Non-adjusted EPS": 24891,
        "PE": 1.2,
        "Book Price": 18.1
      }
    },
    {
      "quarter": "Q4 2011",
      "income status": {
        "Net sales": 51149,
        "Cost of goods sold": 15678,
        "Gross Profit": 35470,
        "Financial expenses": 24,
        "Of which: Interest expense": 24,
        "Cost of sales": 169,
        "Enterprise cost management": 2024,
        "Total Operating Expenses": 2217,
        "Total revenue financing activities": 5021,
        "Net profit from business activities": 38275,
        "Profit": -791,
        "Profit before tax": 37483,
        "Present corporate income tax expenses": 2658,
        "Deferred income taxes expenses": "N/A",
        "The interests of minority shareholders": "N/A",
        "Total Cost of profits": 2658,
        "Profit after tax corporate income": 34825,
        "Volume": 6000000,
        "Close of Quarter": 29.3,
        "EPS": 11592.4,
        "Non-adjusted EPS": 24344,
        "PE": 1.2,
        "Book Price": 16.3
      }
    },
    {
      "quarter": "Q3 2011",
      "income status": {
        "Net sales": 45770,
        "Cost of goods sold": 9555,
        "Gross Profit": 36215,
        "Financial expenses": "N/A",
        "Of which: Interest expense": "N/A",
        "Cost of sales": 224,
        "Enterprise cost management": 1605,
        "Total Operating Expenses": 1829,
        "Total revenue financing activities": 4827,
        "Net profit from business activities": 39213,
        "Profit": -170,
        "Profit before tax": 123371,
        "Present corporate income tax expenses": 3376,
        "Deferred income taxes expenses": "N/A",
        "The interests of minority shareholders": "N/A",
        "Total Cost of profits": 3376,
        "Profit after tax corporate income": 35667,
        "Volume": 6000000,
        "Close of Quarter": 27.9,
        "EPS": 10246.7,
        "Non-adjusted EPS": 21518,
        "PE": 1.3,
        "Book Price": 14.4
      }
    },
    {
      "quarter": "Q2 2011",
      "income status": {
        "Net sales": 58028,
        "Cost of goods sold": 9200,
        "Gross Profit": 48828,
        "Financial expenses": 100,
        "Of which: Interest expense": "N/A",
        "Cost of sales": 210,
        "Enterprise cost management": 2113,
        "Total Operating Expenses": 2423,
        "Total revenue financing activities": 4559,
        "Net profit from business activities": 50964,
        "Profit": -138,
        "Profit before tax": 50826,
        "Present corporate income tax expenses": 3925,
        "Deferred income taxes expenses": "N/A",
        "The interests of minority shareholders": "N/A",
        "Total Cost of profits": 3925,
        "Profit after tax corporate income": 46901,
        "Volume": 6000000,
        "Close of Quarter": 28.7,
        "EPS": 8742.9,
        "Non-adjusted EPS": 18360,
        "PE": 1.6,
        "Book Price": 13.6
      }
    },
    {
      "quarter": "Q1 2011",
      "income status": {
        "Net sales": 40364,
        "Cost of goods sold": 10495,
        "Gross Profit": 29868,
        "Financial expenses": "N/A",
        "Of which: Interest expense": "N/A",
        "Cost of sales": 103,
        "Enterprise cost management": 1184,
        "Total Operating Expenses": 1287,
        "Total revenue financing activities": 1998,
        "Net profit from business activities": 30579,
        "Profit": 13,
        "Profit before tax": 30592,
        "Present corporate income tax expenses": 1922,
        "Deferred income taxes expenses": "N/A",
        "The interests of minority shareholders": "N/A",
        "Total Cost of profits": 1922,
        "Profit after tax corporate income": 28669,
        "Volume": 6000000,
        "Close of Quarter": 30.8,
        "EPS": 6364.8,
        "Non-adjusted EPS": 13366,
        "PE": 2.3,
        "Book Price": 10.3
      }
    }
  ]
}