{
  "ticker": "SAV",
  "data": [
    {
      "quarter": "Q4 2016",
      "income status": {
        "Net sales": 113258,
        "Cost of goods sold": 97680,
        "Gross Profit": 15578,
        "Financial expenses": 3174,
        "Of which: Interest expense": 616,
        "Cost of sales": 3177,
        "Enterprise cost management": 9413,
        "Total Operating Expenses": 15764,
        "Total revenue financing activities": 1131,
        "Net profit from business activities": 945,
        "Profit": 14,
        "Profit before tax": 959,
        "Present corporate income tax expenses": "N/A",
        "Deferred income taxes expenses": "N/A",
        "The interests of minority shareholders": "N/A",
        "Total Cost of profits": 0,
        "Profit after tax corporate income": 959,
        "Volume": 11155574,
        "Close of Quarter": 7.2,
        "EPS": 248,
        "Non-adjusted EPS": 248,
        "PE": 29.0,
        "Book Price": 20.7
      }
    },
    {
      "quarter": "Q3 2016",
      "income status": {
        "Net sales": 113831,
        "Cost of goods sold": 100340,
        "Gross Profit": 13490,
        "Financial expenses": 996,
        "Of which: Interest expense": 901,
        "Cost of sales": 2648,
        "Enterprise cost management": 8896,
        "Total Operating Expenses": 12540,
        "Total revenue financing activities": 646,
        "Net profit from business activities": 1595,
        "Profit": -6,
        "Profit before tax": 1590,
        "Present corporate income tax expenses": "N/A",
        "Deferred income taxes expenses": "N/A",
        "The interests of minority shareholders": "N/A",
        "Total Cost of profits": 0,
        "Profit after tax corporate income": 1590,
        "Volume": 10141623,
        "Close of Quarter": 7.0,
        "EPS": -666.4,
        "Non-adjusted EPS": -733,
        "PE": -9.5,
        "Book Price": 20.6
      }
    },
    {
      "quarter": "Q2 2016",
      "income status": {
        "Net sales": 131890,
        "Cost of goods sold": 119291,
        "Gross Profit": 12599,
        "Financial expenses": 1843,
        "Of which: Interest expense": 1051,
        "Cost of sales": 4607,
        "Enterprise cost management": 8962,
        "Total Operating Expenses": 15412,
        "Total revenue financing activities": 1652,
        "Net profit from business activities": -1161,
        "Profit": 61,
        "Profit before tax": -1100,
        "Present corporate income tax expenses": "N/A",
        "Deferred income taxes expenses": "N/A",
        "The interests of minority shareholders": "N/A",
        "Total Cost of profits": 0,
        "Profit after tax corporate income": -1100,
        "Volume": 10141623,
        "Close of Quarter": 7.4,
        "EPS": -1408.2,
        "Non-adjusted EPS": -1549,
        "PE": -4.8,
        "Book Price": 20.5
      }
    },
    {
      "quarter": "Q1 2016",
      "income status": {
        "Net sales": 150655,
        "Cost of goods sold": 135815,
        "Gross Profit": 14841,
        "Financial expenses": 2379,
        "Of which: Interest expense": 1716,
        "Cost of sales": 3300,
        "Enterprise cost management": 8492,
        "Total Operating Expenses": 14171,
        "Total revenue financing activities": 574,
        "Net profit from business activities": 1245,
        "Profit": 78,
        "Profit before tax": 1323,
        "Present corporate income tax expenses": "N/A",
        "Deferred income taxes expenses": "N/A",
        "The interests of minority shareholders": "N/A",
        "Total Cost of profits": 0,
        "Profit after tax corporate income": 1323,
        "Volume": 9567680,
        "Close of Quarter": 8.6,
        "EPS": -1942.6,
        "Non-adjusted EPS": -2265,
        "PE": -3.8,
        "Book Price": 20.6
      }
    },
    {
      "quarter": "Q4 2015",
      "income status": {
        "Net sales": 136866,
        "Cost of goods sold": 127559,
        "Gross Profit": 9307,
        "Financial expenses": 5532,
        "Of which: Interest expense": 2579,
        "Cost of sales": 3646,
        "Enterprise cost management": 12464,
        "Total Operating Expenses": 21642,
        "Total revenue financing activities": 747,
        "Net profit from business activities": -11588,
        "Profit": 488,
        "Profit before tax": -11099,
        "Present corporate income tax expenses": -1852,
        "Deferred income taxes expenses": "N/A",
        "The interests of minority shareholders": "N/A",
        "Total Cost of profits": -1852,
        "Profit after tax corporate income": -9247,
        "Volume": 9567680,
        "Close of Quarter": 9.0,
        "EPS": -2269.4,
        "Non-adjusted EPS": -2646,
        "PE": -3.4,
        "Book Price": 20.5
      }
    },
    {
      "quarter": "Q3 2015",
      "income status": {
        "Net sales": 155537,
        "Cost of goods sold": 144584,
        "Gross Profit": 10952,
        "Financial expenses": 3809,
        "Of which: Interest expense": 1772,
        "Cost of sales": 3751,
        "Enterprise cost management": 10336,
        "Total Operating Expenses": 17896,
        "Total revenue financing activities": 1547,
        "Net profit from business activities": -5397,
        "Profit": -84,
        "Profit before tax": -5481,
        "Present corporate income tax expenses": 1207,
        "Deferred income taxes expenses": "N/A",
        "The interests of minority shareholders": "N/A",
        "Total Cost of profits": 1207,
        "Profit after tax corporate income": -6687,
        "Volume": 9567680,
        "Close of Quarter": 8.2,
        "EPS": -2084.1,
        "Non-adjusted EPS": -2430,
        "PE": -3.4,
        "Book Price": 21.3
      }
    },
    {
      "quarter": "Q2 2015",
      "income status": {
        "Net sales": 123101,
        "Cost of goods sold": 111228,
        "Gross Profit": 11872,
        "Financial expenses": 3581,
        "Of which: Interest expense": 1322,
        "Cost of sales": 3020,
        "Enterprise cost management": 10031,
        "Total Operating Expenses": 16632,
        "Total revenue financing activities": 742,
        "Net profit from business activities": -4017,
        "Profit": -783,
        "Profit before tax": -4800,
        "Present corporate income tax expenses": 2263,
        "Deferred income taxes expenses": "N/A",
        "The interests of minority shareholders": "N/A",
        "Total Cost of profits": 2263,
        "Profit after tax corporate income": -7063,
        "Volume": 9567680,
        "Close of Quarter": 7.7,
        "EPS": -1482.0,
        "Non-adjusted EPS": -1728,
        "PE": -4.5,
        "Book Price": 21.9
      }
    },
    {
      "quarter": "Q1 2015",
      "income status": {
        "Net sales": 110406,
        "Cost of goods sold": 100107,
        "Gross Profit": 10299,
        "Financial expenses": 1558,
        "Of which: Interest expense": 734,
        "Cost of sales": 3313,
        "Enterprise cost management": 11034,
        "Total Operating Expenses": 15905,
        "Total revenue financing activities": 1039,
        "Net profit from business activities": -4568,
        "Profit": 3400,
        "Profit before tax": -1168,
        "Present corporate income tax expenses": 1153,
        "Deferred income taxes expenses": "N/A",
        "The interests of minority shareholders": "N/A",
        "Total Cost of profits": 1153,
        "Profit after tax corporate income": -2321,
        "Volume": 9567680,
        "Close of Quarter": 8.4,
        "EPS": -2054.1,
        "Non-adjusted EPS": -2395,
        "PE": -3.5,
        "Book Price": 22.6
      }
    },
    {
      "quarter": "Q4 2014",
      "income status": {
        "Net sales": 276911,
        "Cost of goods sold": 243780,
        "Gross Profit": 33131,
        "Financial expenses": 1204,
        "Of which: Interest expense": 366,
        "Cost of sales": 5383,
        "Enterprise cost management": 23582,
        "Total Operating Expenses": 30169,
        "Total revenue financing activities": 1601,
        "Net profit from business activities": 4563,
        "Profit": -7883,
        "Profit before tax": -3320,
        "Present corporate income tax expenses": 3861,
        "Deferred income taxes expenses": "N/A",
        "The interests of minority shareholders": "N/A",
        "Total Cost of profits": 3861,
        "Profit after tax corporate income": -7181,
        "Volume": 9567680,
        "Close of Quarter": 10.1,
        "EPS": -1845.7,
        "Non-adjusted EPS": -2152,
        "PE": -4.7,
        "Book Price": 23.1
      }
    },
    {
      "quarter": "Q3 2014",
      "income status": {
        "Net sales": 160300,
        "Cost of goods sold": 145391,
        "Gross Profit": 14909,
        "Financial expenses": 1028,
        "Of which: Interest expense": 537,
        "Cost of sales": 3752,
        "Enterprise cost management": 10516,
        "Total Operating Expenses": 15296,
        "Total revenue financing activities": 542,
        "Net profit from business activities": 155,
        "Profit": -124,
        "Profit before tax": 31,
        "Present corporate income tax expenses": "N/A",
        "Deferred income taxes expenses": "N/A",
        "The interests of minority shareholders": "N/A",
        "Total Cost of profits": 0,
        "Profit after tax corporate income": 31,
        "Volume": 9567680,
        "Close of Quarter": 10.2,
        "EPS": -836.2,
        "Non-adjusted EPS": -975,
        "PE": -10.5,
        "Book Price": 23.8
      }
    },
    {
      "quarter": "Q2 2014",
      "income status": {
        "Net sales": 112555,
        "Cost of goods sold": 111694,
        "Gross Profit": 861,
        "Financial expenses": 1537,
        "Of which: Interest expense": 852,
        "Cost of sales": 2713,
        "Enterprise cost management": 10460,
        "Total Operating Expenses": 14710,
        "Total revenue financing activities": 372,
        "Net profit from business activities": -13477,
        "Profit": -12,
        "Profit before tax": -13489,
        "Present corporate income tax expenses": -83,
        "Deferred income taxes expenses": 37,
        "The interests of minority shareholders": "N/A",
        "Total Cost of profits": -46,
        "Profit after tax corporate income": -13444,
        "Volume": 9567680,
        "Close of Quarter": 11.5,
        "EPS": -823.4,
        "Non-adjusted EPS": -960,
        "PE": -12.0,
        "Book Price": 23.8
      }
    },
    {
      "quarter": "Q1 2014",
      "income status": {
        "Net sales": 112938,
        "Cost of goods sold": 103011,
        "Gross Profit": 9927,
        "Financial expenses": 1131,
        "Of which: Interest expense": 935,
        "Cost of sales": 2509,
        "Enterprise cost management": 6696,
        "Total Operating Expenses": 10336,
        "Total revenue financing activities": 463,
        "Net profit from business activities": 54,
        "Profit": -1,
        "Profit before tax": 54,
        "Present corporate income tax expenses": 46,
        "Deferred income taxes expenses": "N/A",
        "The interests of minority shareholders": "N/A",
        "Total Cost of profits": 46,
        "Profit after tax corporate income": 8,
        "Volume": 9567680,
        "Close of Quarter": 13.5,
        "EPS": 385.1,
        "Non-adjusted EPS": 449,
        "PE": 30.0,
        "Book Price": 25.3
      }
    },
    {
      "quarter": "Q4 2013",
      "income status": {
        "Net sales": 171339,
        "Cost of goods sold": 151035,
        "Gross Profit": 20305,
        "Financial expenses": 1323,
        "Of which: Interest expense": 101,
        "Cost of sales": 4589,
        "Enterprise cost management": 9727,
        "Total Operating Expenses": 15639,
        "Total revenue financing activities": 924,
        "Net profit from business activities": 5590,
        "Profit": 8,
        "Profit before tax": 5598,
        "Present corporate income tax expenses": 1519,
        "Deferred income taxes expenses": "N/A",
        "The interests of minority shareholders": "N/A",
        "Total Cost of profits": 1519,
        "Profit after tax corporate income": 4079,
        "Volume": 9567680,
        "Close of Quarter": 10.3,
        "EPS": 463.1,
        "Non-adjusted EPS": 540,
        "PE": 19.1,
        "Book Price": 25.4
      }
    },
    {
      "quarter": "Q3 2013",
      "income status": {
        "Net sales": 163493,
        "Cost of goods sold": 148882,
        "Gross Profit": 14612,
        "Financial expenses": 1072,
        "Of which: Interest expense": 64,
        "Cost of sales": 3177,
        "Enterprise cost management": 10937,
        "Total Operating Expenses": 15186,
        "Total revenue financing activities": 1138,
        "Net profit from business activities": 563,
        "Profit": -289,
        "Profit before tax": 274,
        "Present corporate income tax expenses": 101,
        "Deferred income taxes expenses": "N/A",
        "The interests of minority shareholders": "N/A",
        "Total Cost of profits": 101,
        "Profit after tax corporate income": 172,
        "Volume": 9567680,
        "Close of Quarter": 6.7,
        "EPS": 38.6,
        "Non-adjusted EPS": 45,
        "PE": 149.1,
        "Book Price": 25.1
      }
    },
    {
      "quarter": "Q2 2013",
      "income status": {
        "Net sales": 113381,
        "Cost of goods sold": 101828,
        "Gross Profit": 11553,
        "Financial expenses": 197,
        "Of which: Interest expense": 202,
        "Cost of sales": 2252,
        "Enterprise cost management": 11143,
        "Total Operating Expenses": 13592,
        "Total revenue financing activities": 1313,
        "Net profit from business activities": -725,
        "Profit": 826,
        "Profit before tax": 101,
        "Present corporate income tax expenses": 65,
        "Deferred income taxes expenses": "N/A",
        "The interests of minority shareholders": "N/A",
        "Total Cost of profits": 65,
        "Profit after tax corporate income": 35,
        "Volume": 9567680,
        "Close of Quarter": 6.1,
        "EPS": 593.5,
        "Non-adjusted EPS": 692,
        "PE": 8.8,
        "Book Price": 25.1
      }
    },
    {
      "quarter": "Q1 2013",
      "income status": {
        "Net sales": 103079,
        "Cost of goods sold": 91497,
        "Gross Profit": 11582,
        "Financial expenses": 878,
        "Of which: Interest expense": 663,
        "Cost of sales": 2746,
        "Enterprise cost management": 9034,
        "Total Operating Expenses": 12658,
        "Total revenue financing activities": 881,
        "Net profit from business activities": -196,
        "Profit": 1395,
        "Profit before tax": 1199,
        "Present corporate income tax expenses": 317,
        "Deferred income taxes expenses": "N/A",
        "The interests of minority shareholders": "N/A",
        "Total Cost of profits": 317,
        "Profit after tax corporate income": 882,
        "Volume": 9567680,
        "Close of Quarter": 5.2,
        "EPS": 612.4,
        "Non-adjusted EPS": 714,
        "PE": 7.3,
        "Book Price": 25.1
      }
    },
    {
      "quarter": "Q4 2012",
      "income status": {
        "Net sales": 140770,
        "Cost of goods sold": 126958,
        "Gross Profit": 13812,
        "Financial expenses": 1747,
        "Of which: Interest expense": 132,
        "Cost of sales": 4213,
        "Enterprise cost management": 11056,
        "Total Operating Expenses": 17016,
        "Total revenue financing activities": 1726,
        "Net profit from business activities": -1479,
        "Profit": 617,
        "Profit before tax": -862,
        "Present corporate income tax expenses": -209,
        "Deferred income taxes expenses": "N/A",
        "The interests of minority shareholders": "N/A",
        "Total Cost of profits": -209,
        "Profit after tax corporate income": -654,
        "Volume": 9567680,
        "Close of Quarter": 4.8,
        "EPS": 635.5,
        "Non-adjusted EPS": 741,
        "PE": 6.5,
        "Book Price": 25.6
      }
    },
    {
      "quarter": "Q3 2012",
      "income status": {
        "Net sales": 161613,
        "Cost of goods sold": 136245,
        "Gross Profit": 25368,
        "Financial expenses": 1082,
        "Of which: Interest expense": 551,
        "Cost of sales": 5769,
        "Enterprise cost management": 11231,
        "Total Operating Expenses": 18082,
        "Total revenue financing activities": 1093,
        "Net profit from business activities": 8379,
        "Profit": 134,
        "Profit before tax": 8513,
        "Present corporate income tax expenses": 2155,
        "Deferred income taxes expenses": "N/A",
        "The interests of minority shareholders": "N/A",
        "Total Cost of profits": 2155,
        "Profit after tax corporate income": 6358,
        "Volume": 9567680,
        "Close of Quarter": 4.8,
        "EPS": 1225.6,
        "Non-adjusted EPS": 1429,
        "PE": 3.4,
        "Book Price": 25.7
      }
    },
    {
      "quarter": "Q2 2012",
      "income status": {
        "Net sales": 132769,
        "Cost of goods sold": 117902,
        "Gross Profit": 14867,
        "Financial expenses": 1608,
        "Of which: Interest expense": 996,
        "Cost of sales": 3450,
        "Enterprise cost management": 10976,
        "Total Operating Expenses": 16034,
        "Total revenue financing activities": 837,
        "Net profit from business activities": -329,
        "Profit": 617,
        "Profit before tax": 339,
        "Present corporate income tax expenses": 199,
        "Deferred income taxes expenses": -55,
        "The interests of minority shareholders": -49,
        "Total Cost of profits": 95,
        "Profit after tax corporate income": 244,
        "Volume": 9567680,
        "Close of Quarter": 7.1,
        "EPS": 740.2,
        "Non-adjusted EPS": 863,
        "PE": 8.2,
        "Book Price": 25.1
      }
    },
    {
      "quarter": "Q1 2012",
      "income status": {
        "Net sales": 113181,
        "Cost of goods sold": 99766,
        "Gross Profit": 13415,
        "Financial expenses": 1236,
        "Of which: Interest expense": 553,
        "Cost of sales": 1935,
        "Enterprise cost management": 10655,
        "Total Operating Expenses": 13826,
        "Total revenue financing activities": 782,
        "Net profit from business activities": 372,
        "Profit": 1202,
        "Profit before tax": 1574,
        "Present corporate income tax expenses": 542,
        "Deferred income taxes expenses": "N/A",
        "The interests of minority shareholders": -112,
        "Total Cost of profits": 430,
        "Profit after tax corporate income": 1145,
        "Volume": 9567680,
        "Close of Quarter": 7.5,
        "EPS": 720.4,
        "Non-adjusted EPS": 840,
        "PE": 8.9,
        "Book Price": 25.1
      }
    },
    {
      "quarter": "Q4 2011",
      "income status": {
        "Net sales": 146825,
        "Cost of goods sold": 120113,
        "Gross Profit": 26713,
        "Financial expenses": 2025,
        "Of which: Interest expense": 570,
        "Cost of sales": 3562,
        "Enterprise cost management": 21344,
        "Total Operating Expenses": 26931,
        "Total revenue financing activities": 3462,
        "Net profit from business activities": 3243,
        "Profit": 2614,
        "Profit before tax": 8410,
        "Present corporate income tax expenses": 793,
        "Deferred income taxes expenses": "N/A",
        "The interests of minority shareholders": -772,
        "Total Cost of profits": 21,
        "Profit after tax corporate income": 5923,
        "Volume": 9601260,
        "Close of Quarter": 13.3,
        "EPS": 803.9,
        "Non-adjusted EPS": 934,
        "PE": 14.2,
        "Book Price": 25.6
      }
    },
    {
      "quarter": "Q3 2011",
      "income status": {
        "Net sales": 124116,
        "Cost of goods sold": 109149,
        "Gross Profit": 14967,
        "Financial expenses": 2521,
        "Of which: Interest expense": 1849,
        "Cost of sales": 2577,
        "Enterprise cost management": 10846,
        "Total Operating Expenses": 15944,
        "Total revenue financing activities": 2204,
        "Net profit from business activities": 1226,
        "Profit": -22,
        "Profit before tax": 2466,
        "Present corporate income tax expenses": 629,
        "Deferred income taxes expenses": "N/A",
        "The interests of minority shareholders": -365,
        "Total Cost of profits": 264,
        "Profit after tax corporate income": 941,
        "Volume": 9601260,
        "Close of Quarter": 15.0,
        "EPS": 485.4,
        "Non-adjusted EPS": 564,
        "PE": 26.7,
        "Book Price": 25.8
      }
    },
    {
      "quarter": "Q2 2011",
      "income status": {
        "Net sales": 106328,
        "Cost of goods sold": 95231,
        "Gross Profit": 11097,
        "Financial expenses": 4687,
        "Of which: Interest expense": 2475,
        "Cost of sales": 1827,
        "Enterprise cost management": 10560,
        "Total Operating Expenses": 17074,
        "Total revenue financing activities": 5818,
        "Net profit from business activities": -159,
        "Profit": 61,
        "Profit before tax": -55,
        "Present corporate income tax expenses": 379,
        "Deferred income taxes expenses": "N/A",
        "The interests of minority shareholders": -461,
        "Total Cost of profits": -82,
        "Profit after tax corporate income": 27,
        "Volume": 9601260,
        "Close of Quarter": 18.8,
        "EPS": 737.6,
        "Non-adjusted EPS": 857,
        "PE": 21.9,
        "Book Price": 25.6
      }
    },
    {
      "quarter": "Q1 2011",
      "income status": {
        "Net sales": 114444,
        "Cost of goods sold": 101082,
        "Gross Profit": 13362,
        "Financial expenses": 3501,
        "Of which: Interest expense": 2608,
        "Cost of sales": 2053,
        "Enterprise cost management": 10610,
        "Total Operating Expenses": 16164,
        "Total revenue financing activities": 5515,
        "Net profit from business activities": 2713,
        "Profit": -33,
        "Profit before tax": 2695,
        "Present corporate income tax expenses": 857,
        "Deferred income taxes expenses": "N/A",
        "The interests of minority shareholders": -237,
        "Total Cost of profits": 620,
        "Profit after tax corporate income": 2075,
        "Volume": 9601260,
        "Close of Quarter": 21.1,
        "EPS": 1002.7,
        "Non-adjusted EPS": 1165,
        "PE": 18.1,
        "Book Price": 25.7
      }
    }
  ]
}