{
  "ticker": "SD9",
  "data": [
    {
      "quarter": "Q4 2016",
      "income status": {
        "Net sales": 154084,
        "Cost of goods sold": 106379,
        "Gross Profit": 47705,
        "Financial expenses": 13017,
        "Of which: Interest expense": 16977,
        "Cost of sales": "N/A",
        "Enterprise cost management": 28559,
        "Total Operating Expenses": 41576,
        "Total revenue financing activities": 2267,
        "Net profit from business activities": 8397,
        "Profit": -1614,
        "Profit before tax": 6783,
        "Present corporate income tax expenses": 2877,
        "Deferred income taxes expenses": -174,
        "The interests of minority shareholders": -4095,
        "Total Cost of profits": -1392,
        "Profit after tax corporate income": 8174,
        "Volume": 34234000,
        "Close of Quarter": 8,
        "EPS": 918,
        "Non-adjusted EPS": 918,
        "PE": 8.7,
        "Book Price": 24
      }
    },
    {
      "quarter": "Q3 2016",
      "income status": {
        "Net sales": 179615,
        "Cost of goods sold": 142680,
        "Gross Profit": 36935,
        "Financial expenses": 17698,
        "Of which: Interest expense": 16266,
        "Cost of sales": "N/A",
        "Enterprise cost management": 12996,
        "Total Operating Expenses": 30694,
        "Total revenue financing activities": 8493,
        "Net profit from business activities": 14734,
        "Profit": 2700,
        "Profit before tax": 17434,
        "Present corporate income tax expenses": 2238,
        "Deferred income taxes expenses": "N/A",
        "The interests of minority shareholders": 4598,
        "Total Cost of profits": 6836,
        "Profit after tax corporate income": 10597,
        "Volume": 34234000,
        "Close of Quarter": 8.9,
        "EPS": 1268,
        "Non-adjusted EPS": 1268,
        "PE": 7.0,
        "Book Price": 23.9
      }
    },
    {
      "quarter": "Q2 2016",
      "income status": {
        "Net sales": 156553,
        "Cost of goods sold": 119465,
        "Gross Profit": 37087,
        "Financial expenses": 18332,
        "Of which: Interest expense": 16412,
        "Cost of sales": -12655,
        "Enterprise cost management": 27082,
        "Total Operating Expenses": 32759,
        "Total revenue financing activities": 485,
        "Net profit from business activities": 4813,
        "Profit": 5978,
        "Profit before tax": 10791,
        "Present corporate income tax expenses": 350,
        "Deferred income taxes expenses": "N/A",
        "The interests of minority shareholders": 6326,
        "Total Cost of profits": 6676,
        "Profit after tax corporate income": 4115,
        "Volume": 30566300,
        "Close of Quarter": 10.9,
        "EPS": 1493.8,
        "Non-adjusted EPS": 1673,
        "PE": 6.5,
        "Book Price": 23.5
      }
    },
    {
      "quarter": "Q1 2016",
      "income status": {
        "Net sales": 105391,
        "Cost of goods sold": 64320,
        "Gross Profit": 41072,
        "Financial expenses": 17270,
        "Of which: Interest expense": 17247,
        "Cost of sales": 12655,
        "Enterprise cost management": "N/A",
        "Total Operating Expenses": 29925,
        "Total revenue financing activities": 421,
        "Net profit from business activities": 11568,
        "Profit": 1929,
        "Profit before tax": 13497,
        "Present corporate income tax expenses": 2085,
        "Deferred income taxes expenses": "N/A",
        "The interests of minority shareholders": 2874,
        "Total Cost of profits": 4959,
        "Profit after tax corporate income": 8538,
        "Volume": 30566300,
        "Close of Quarter": 11.1,
        "EPS": 1983.1,
        "Non-adjusted EPS": 2221,
        "PE": 5.0,
        "Book Price": 23.8
      }
    },
    {
      "quarter": "Q4 2015",
      "income status": {
        "Net sales": 320923,
        "Cost of goods sold": 256003,
        "Gross Profit": 64920,
        "Financial expenses": 20484,
        "Of which: Interest expense": 18246,
        "Cost of sales": "N/A",
        "Enterprise cost management": 24832,
        "Total Operating Expenses": 45316,
        "Total revenue financing activities": 7640,
        "Net profit from business activities": 27243,
        "Profit": 4214,
        "Profit before tax": 31457,
        "Present corporate income tax expenses": 4490,
        "Deferred income taxes expenses": 1956,
        "The interests of minority shareholders": 4856,
        "Total Cost of profits": 11302,
        "Profit after tax corporate income": 20155,
        "Volume": 30566300,
        "Close of Quarter": 11.6,
        "EPS": 2055.4,
        "Non-adjusted EPS": 2302,
        "PE": 5.0,
        "Book Price": 23.4
      }
    },
    {
      "quarter": "Q3 2015",
      "income status": {
        "Net sales": 311488,
        "Cost of goods sold": 257682,
        "Gross Profit": 53806,
        "Financial expenses": 21867,
        "Of which: Interest expense": 19529,
        "Cost of sales": "N/A",
        "Enterprise cost management": 13122,
        "Total Operating Expenses": 34989,
        "Total revenue financing activities": 1425,
        "Net profit from business activities": 20242,
        "Profit": 6955,
        "Profit before tax": 27197,
        "Present corporate income tax expenses": 4652,
        "Deferred income taxes expenses": "N/A",
        "The interests of minority shareholders": 4205,
        "Total Cost of profits": 8857,
        "Profit after tax corporate income": 18340,
        "Volume": 30566300,
        "Close of Quarter": 11.5,
        "EPS": 1971.4,
        "Non-adjusted EPS": 2208,
        "PE": 5.2,
        "Book Price": 22.2
      }
    },
    {
      "quarter": "Q2 2015",
      "income status": {
        "Net sales": 240773,
        "Cost of goods sold": 175516,
        "Gross Profit": 65257,
        "Financial expenses": 23573,
        "Of which: Interest expense": 22482,
        "Cost of sales": "N/A",
        "Enterprise cost management": 15832,
        "Total Operating Expenses": 39405,
        "Total revenue financing activities": 1015,
        "Net profit from business activities": 26867,
        "Profit": 4170,
        "Profit before tax": 31037,
        "Present corporate income tax expenses": 5620,
        "Deferred income taxes expenses": -96,
        "The interests of minority shareholders": 4647,
        "Total Cost of profits": 10171,
        "Profit after tax corporate income": 20866,
        "Volume": 30566300,
        "Close of Quarter": 11.9,
        "EPS": 1886.6,
        "Non-adjusted EPS": 2113,
        "PE": 5.6,
        "Book Price": 21.5
      }
    },
    {
      "quarter": "Q1 2015",
      "income status": {
        "Net sales": 315566,
        "Cost of goods sold": 263707,
        "Gross Profit": 51859,
        "Financial expenses": 23874,
        "Of which: Interest expense": 24444,
        "Cost of sales": "N/A",
        "Enterprise cost management": 14666,
        "Total Operating Expenses": 38540,
        "Total revenue financing activities": 793,
        "Net profit from business activities": 14112,
        "Profit": 1926,
        "Profit before tax": 16038,
        "Present corporate income tax expenses": 2503,
        "Deferred income taxes expenses": "N/A",
        "The interests of minority shareholders": 2543,
        "Total Cost of profits": 5046,
        "Profit after tax corporate income": 10992,
        "Volume": 30566300,
        "Close of Quarter": 11.8,
        "EPS": 1813.4,
        "Non-adjusted EPS": 2031,
        "PE": 5.8,
        "Book Price": 22.1
      }
    },
    {
      "quarter": "Q4 2014",
      "income status": {
        "Net sales": 385403,
        "Cost of goods sold": 310249,
        "Gross Profit": 75154,
        "Financial expenses": 27946,
        "Of which: Interest expense": 24146,
        "Cost of sales": "N/A",
        "Enterprise cost management": 18074,
        "Total Operating Expenses": 46020,
        "Total revenue financing activities": 1485,
        "Net profit from business activities": 28859,
        "Profit": -910,
        "Profit before tax": 27950,
        "Present corporate income tax expenses": 7753,
        "Deferred income taxes expenses": -2170,
        "The interests of minority shareholders": 5068,
        "Total Cost of profits": 10651,
        "Profit after tax corporate income": 17299,
        "Volume": 30566300,
        "Close of Quarter": 11.6,
        "EPS": 1888.4,
        "Non-adjusted EPS": 2115,
        "PE": 5.5,
        "Book Price": 21.7
      }
    },
    {
      "quarter": "Q3 2014",
      "income status": {
        "Net sales": 256324,
        "Cost of goods sold": 201573,
        "Gross Profit": 54750,
        "Financial expenses": 25669,
        "Of which: Interest expense": 25624,
        "Cost of sales": "N/A",
        "Enterprise cost management": 13257,
        "Total Operating Expenses": 38926,
        "Total revenue financing activities": 939,
        "Net profit from business activities": 18523,
        "Profit": 904,
        "Profit before tax": 19428,
        "Present corporate income tax expenses": 3295,
        "Deferred income taxes expenses": "N/A",
        "The interests of minority shareholders": 703,
        "Total Cost of profits": 3998,
        "Profit after tax corporate income": 15429,
        "Volume": 30566300,
        "Close of Quarter": 12.3,
        "EPS": 2392.9,
        "Non-adjusted EPS": 2680,
        "PE": 4.6,
        "Book Price": 21.0
      }
    },
    {
      "quarter": "Q2 2014",
      "income status": {
        "Net sales": 362416,
        "Cost of goods sold": 290794,
        "Gross Profit": 71622,
        "Financial expenses": 28149,
        "Of which: Interest expense": 31914,
        "Cost of sales": 44,
        "Enterprise cost management": 18865,
        "Total Operating Expenses": 47058,
        "Total revenue financing activities": 964,
        "Net profit from business activities": 25529,
        "Profit": 2729,
        "Profit before tax": 28258,
        "Present corporate income tax expenses": 6002,
        "Deferred income taxes expenses": -81,
        "The interests of minority shareholders": 3964,
        "Total Cost of profits": 9885,
        "Profit after tax corporate income": 18373,
        "Volume": 30566300,
        "Close of Quarter": 9.7,
        "EPS": 2200.0,
        "Non-adjusted EPS": 2464,
        "PE": 4.0,
        "Book Price": 21.6
      }
    },
    {
      "quarter": "Q1 2014",
      "income status": {
        "Net sales": 229150,
        "Cost of goods sold": 179130,
        "Gross Profit": 50020,
        "Financial expenses": 21610,
        "Of which: Interest expense": 24259,
        "Cost of sales": 38,
        "Enterprise cost management": 16271,
        "Total Operating Expenses": 37919,
        "Total revenue financing activities": 6171,
        "Net profit from business activities": 18271,
        "Profit": 742,
        "Profit before tax": 19014,
        "Present corporate income tax expenses": 3710,
        "Deferred income taxes expenses": "N/A",
        "The interests of minority shareholders": 1761,
        "Total Cost of profits": 5471,
        "Profit after tax corporate income": 13543,
        "Volume": 30566300,
        "Close of Quarter": 12.9,
        "EPS": 2077.7,
        "Non-adjusted EPS": 2327,
        "PE": 5.5,
        "Book Price": 22.1
      }
    },
    {
      "quarter": "Q4 2013",
      "income status": {
        "Net sales": 404044,
        "Cost of goods sold": 295972,
        "Gross Profit": 108072,
        "Financial expenses": 39151,
        "Of which: Interest expense": 27241,
        "Cost of sales": "N/A",
        "Enterprise cost management": 19717,
        "Total Operating Expenses": 58868,
        "Total revenue financing activities": 1074,
        "Net profit from business activities": 50277,
        "Profit": 1106,
        "Profit before tax": 51590,
        "Present corporate income tax expenses": 7525,
        "Deferred income taxes expenses": 5558,
        "The interests of minority shareholders": 3925,
        "Total Cost of profits": 17008,
        "Profit after tax corporate income": 34582,
        "Volume": 29250000,
        "Close of Quarter": 9.7,
        "EPS": 1807.9,
        "Non-adjusted EPS": 2116,
        "PE": 4.6,
        "Book Price": 17.4
      }
    },
    {
      "quarter": "Q3 2013",
      "income status": {
        "Net sales": 268809,
        "Cost of goods sold": 203883,
        "Gross Profit": 64925,
        "Financial expenses": 32254,
        "Of which: Interest expense": 32247,
        "Cost of sales": 40,
        "Enterprise cost management": 16783,
        "Total Operating Expenses": 49077,
        "Total revenue financing activities": 1046,
        "Net profit from business activities": 16894,
        "Profit": -1025,
        "Profit before tax": 16060,
        "Present corporate income tax expenses": 3060,
        "Deferred income taxes expenses": -156,
        "The interests of minority shareholders": 4328,
        "Total Cost of profits": 7232,
        "Profit after tax corporate income": 8828,
        "Volume": 29250000,
        "Close of Quarter": 5.9,
        "EPS": 1883.1,
        "Non-adjusted EPS": 2204,
        "PE": 2.7,
        "Book Price": 16.5
      }
    },
    {
      "quarter": "Q2 2013",
      "income status": {
        "Net sales": 347820,
        "Cost of goods sold": 267228,
        "Gross Profit": 80592,
        "Financial expenses": 34715,
        "Of which: Interest expense": 30621,
        "Cost of sales": "N/A",
        "Enterprise cost management": 22851,
        "Total Operating Expenses": 57566,
        "Total revenue financing activities": 1001,
        "Net profit from business activities": 24027,
        "Profit": 362,
        "Profit before tax": 24536,
        "Present corporate income tax expenses": 3965,
        "Deferred income taxes expenses": 282,
        "The interests of minority shareholders": 6120,
        "Total Cost of profits": 10367,
        "Profit after tax corporate income": 14169,
        "Volume": 29250000,
        "Close of Quarter": 5.8,
        "EPS": 1854.9,
        "Non-adjusted EPS": 2171,
        "PE": 2.7,
        "Book Price": 16.2
      }
    },
    {
      "quarter": "Q1 2013",
      "income status": {
        "Net sales": 186456,
        "Cost of goods sold": 123821,
        "Gross Profit": 62635,
        "Financial expenses": 35934,
        "Of which: Interest expense": 33933,
        "Cost of sales": 54,
        "Enterprise cost management": 20512,
        "Total Operating Expenses": 56500,
        "Total revenue financing activities": 1119,
        "Net profit from business activities": 7253,
        "Profit": 3294,
        "Profit before tax": 10801,
        "Present corporate income tax expenses": 2552,
        "Deferred income taxes expenses": "N/A",
        "The interests of minority shareholders": 3941,
        "Total Cost of profits": 6493,
        "Profit after tax corporate income": 4308,
        "Volume": 29250000,
        "Close of Quarter": 5.5,
        "EPS": 1939.5,
        "Non-adjusted EPS": 2270,
        "PE": 2.4,
        "Book Price": 15.7
      }
    },
    {
      "quarter": "Q4 2012",
      "income status": {
        "Net sales": 430573,
        "Cost of goods sold": 306567,
        "Gross Profit": 124006,
        "Financial expenses": 48346,
        "Of which: Interest expense": 31785,
        "Cost of sales": 49,
        "Enterprise cost management": 28720,
        "Total Operating Expenses": 77115,
        "Total revenue financing activities": 1622,
        "Net profit from business activities": 48513,
        "Profit": 2005,
        "Profit before tax": 49866,
        "Present corporate income tax expenses": 7649,
        "Deferred income taxes expenses": 74,
        "The interests of minority shareholders": 4973,
        "Total Cost of profits": 12696,
        "Profit after tax corporate income": 37170,
        "Volume": 29250000,
        "Close of Quarter": 5,
        "EPS": 2081.4,
        "Non-adjusted EPS": 2436,
        "PE": 2.1,
        "Book Price": 15.6
      }
    },
    {
      "quarter": "Q3 2012",
      "income status": {
        "Net sales": 306616,
        "Cost of goods sold": 249362,
        "Gross Profit": 57254,
        "Financial expenses": 32084,
        "Of which: Interest expense": 32084,
        "Cost of sales": 173,
        "Enterprise cost management": 17298,
        "Total Operating Expenses": 49555,
        "Total revenue financing activities": 815,
        "Net profit from business activities": 8514,
        "Profit": 4681,
        "Profit before tax": 13448,
        "Present corporate income tax expenses": 1212,
        "Deferred income taxes expenses": -202,
        "The interests of minority shareholders": 4588,
        "Total Cost of profits": 5598,
        "Profit after tax corporate income": 7850,
        "Volume": 29250000,
        "Close of Quarter": 4.3,
        "EPS": 2092.5,
        "Non-adjusted EPS": 2449,
        "PE": 1.8,
        "Book Price": 15.6
      }
    },
    {
      "quarter": "Q2 2012",
      "income status": {
        "Net sales": 283142,
        "Cost of goods sold": 198214,
        "Gross Profit": 84928,
        "Financial expenses": 36432,
        "Of which: Interest expense": 38755,
        "Cost of sales": 165,
        "Enterprise cost management": 21460,
        "Total Operating Expenses": 58057,
        "Total revenue financing activities": 3917,
        "Net profit from business activities": 30789,
        "Profit": -113,
        "Profit before tax": 31316,
        "Present corporate income tax expenses": 6239,
        "Deferred income taxes expenses": 220,
        "The interests of minority shareholders": 7801,
        "Total Cost of profits": 14260,
        "Profit after tax corporate income": 17057,
        "Volume": 29250000,
        "Close of Quarter": 5.2,
        "EPS": 1945.5,
        "Non-adjusted EPS": 2277,
        "PE": 2.3,
        "Book Price": 15.5
      }
    },
    {
      "quarter": "Q1 2012",
      "income status": {
        "Net sales": 190567,
        "Cost of goods sold": 130718,
        "Gross Profit": 59849,
        "Financial expenses": 32912,
        "Of which: Interest expense": 32813,
        "Cost of sales": 134,
        "Enterprise cost management": 12536,
        "Total Operating Expenses": 45582,
        "Total revenue financing activities": 297,
        "Net profit from business activities": 14564,
        "Profit": -252,
        "Profit before tax": 14619,
        "Present corporate income tax expenses": 2621,
        "Deferred income taxes expenses": "N/A",
        "The interests of minority shareholders": 2817,
        "Total Cost of profits": 5438,
        "Profit after tax corporate income": 9181,
        "Volume": 29250000,
        "Close of Quarter": 5.3,
        "EPS": 1765.2,
        "Non-adjusted EPS": 2066,
        "PE": 2.6,
        "Book Price": 15.5
      }
    },
    {
      "quarter": "Q4 2011",
      "income status": {
        "Net sales": 364025,
        "Cost of goods sold": 252651,
        "Gross Profit": 111374,
        "Financial expenses": 47252,
        "Of which: Interest expense": 35686,
        "Cost of sales": 37,
        "Enterprise cost management": 18626,
        "Total Operating Expenses": 65915,
        "Total revenue financing activities": 315,
        "Net profit from business activities": 45774,
        "Profit": 614,
        "Profit before tax": 46263,
        "Present corporate income tax expenses": 4927,
        "Deferred income taxes expenses": 90,
        "The interests of minority shareholders": 3697,
        "Total Cost of profits": 8714,
        "Profit after tax corporate income": 37550,
        "Volume": 29250000,
        "Close of Quarter": 3.4,
        "EPS": 1840.4,
        "Non-adjusted EPS": 2154,
        "PE": 1.6,
        "Book Price": 15.3
      }
    },
    {
      "quarter": "Q3 2011",
      "income status": {
        "Net sales": 187363,
        "Cost of goods sold": 137280,
        "Gross Profit": 50082,
        "Financial expenses": 31652,
        "Of which: Interest expense": 29670,
        "Cost of sales": "N/A",
        "Enterprise cost management": 14614,
        "Total Operating Expenses": 46266,
        "Total revenue financing activities": 717,
        "Net profit from business activities": 4533,
        "Profit": -52,
        "Profit before tax": 4557,
        "Present corporate income tax expenses": 1883,
        "Deferred income taxes expenses": -613,
        "The interests of minority shareholders": 476,
        "Total Cost of profits": 1746,
        "Profit after tax corporate income": 2811,
        "Volume": 29250000,
        "Close of Quarter": 6.0,
        "EPS": 3858.5,
        "Non-adjusted EPS": 4516,
        "PE": 1.3,
        "Book Price": 14.5
      }
    },
    {
      "quarter": "Q2 2011",
      "income status": {
        "Net sales": 220883,
        "Cost of goods sold": 148898,
        "Gross Profit": 71985,
        "Financial expenses": 34268,
        "Of which: Interest expense": 30295,
        "Cost of sales": "N/A",
        "Enterprise cost management": 17749,
        "Total Operating Expenses": 52017,
        "Total revenue financing activities": 296,
        "Net profit from business activities": 20265,
        "Profit": 1056,
        "Profit before tax": 19868,
        "Present corporate income tax expenses": 4636,
        "Deferred income taxes expenses": -1389,
        "The interests of minority shareholders": 5722,
        "Total Cost of profits": 8969,
        "Profit after tax corporate income": 10899,
        "Volume": 29250000,
        "Close of Quarter": 5.7,
        "EPS": 4378.0,
        "Non-adjusted EPS": 5124,
        "PE": 1.1,
        "Book Price": 14.6
      }
    },
    {
      "quarter": "Q1 2011",
      "income status": {
        "Net sales": 99747,
        "Cost of goods sold": 57800,
        "Gross Profit": 41947,
        "Financial expenses": 19085,
        "Of which: Interest expense": 1908,
        "Cost of sales": "N/A",
        "Enterprise cost management": 6827,
        "Total Operating Expenses": 25912,
        "Total revenue financing activities": 417,
        "Net profit from business activities": 16453,
        "Profit": 1951,
        "Profit before tax": 18404,
        "Present corporate income tax expenses": 3780,
        "Deferred income taxes expenses": "N/A",
        "The interests of minority shareholders": 2879,
        "Total Cost of profits": 6659,
        "Profit after tax corporate income": 11746,
        "Volume": 29250000,
        "Close of Quarter": 8.5,
        "EPS": 4812.9,
        "Non-adjusted EPS": 5633,
        "PE": 1.5,
        "Book Price": 14.8
      }
    }
  ]
}