{
  "ticker": "TDW",
  "data": [
    {
      "quarter": "Q4 2016",
      "income status": {
        "Net sales": 146197,
        "Cost of goods sold": 100879,
        "Gross Profit": 45317,
        "Financial expenses": 1857,
        "Of which: Interest expense": 1857,
        "Cost of sales": 35612,
        "Enterprise cost management": 10566,
        "Total Operating Expenses": 48035,
        "Total revenue financing activities": 587,
        "Net profit from business activities": -2131,
        "Profit": 12986,
        "Profit before tax": 10855,
        "Present corporate income tax expenses": 2235,
        "Deferred income taxes expenses": "N/A",
        "The interests of minority shareholders": "N/A",
        "Total Cost of profits": 2235,
        "Profit after tax corporate income": 8620,
        "Volume": 8500000,
        "Close of Quarter": 27.2,
        "EPS": 1721,
        "Non-adjusted EPS": 1721,
        "PE": 15.8,
        "Book Price": 15.5
      }
    },
    {
      "quarter": "Q3 2016",
      "income status": {
        "Net sales": 155458,
        "Cost of goods sold": 106663,
        "Gross Profit": 48795,
        "Financial expenses": 1449,
        "Of which: Interest expense": 1449,
        "Cost of sales": 34714,
        "Enterprise cost management": 11617,
        "Total Operating Expenses": 47780,
        "Total revenue financing activities": 857,
        "Net profit from business activities": 1873,
        "Profit": 771,
        "Profit before tax": 2643,
        "Present corporate income tax expenses": 415,
        "Deferred income taxes expenses": "N/A",
        "The interests of minority shareholders": "N/A",
        "Total Cost of profits": 415,
        "Profit after tax corporate income": 2229,
        "Volume": 8500000,
        "Close of Quarter": 28.6,
        "EPS": 2466,
        "Non-adjusted EPS": 2466,
        "PE": 11.6,
        "Book Price": 16.4
      }
    },
    {
      "quarter": "Q2 2016",
      "income status": {
        "Net sales": 163426,
        "Cost of goods sold": 110137,
        "Gross Profit": 53288,
        "Financial expenses": 1383,
        "Of which: Interest expense": 1383,
        "Cost of sales": 39152,
        "Enterprise cost management": 8330,
        "Total Operating Expenses": 48865,
        "Total revenue financing activities": 855,
        "Net profit from business activities": 5278,
        "Profit": 2658,
        "Profit before tax": 7936,
        "Present corporate income tax expenses": 836,
        "Deferred income taxes expenses": "N/A",
        "The interests of minority shareholders": "N/A",
        "Total Cost of profits": 836,
        "Profit after tax corporate income": 7101,
        "Volume": 8500000,
        "Close of Quarter": 37.8,
        "EPS": 2482,
        "Non-adjusted EPS": 2482,
        "PE": 15.2,
        "Book Price": 16.2
      }
    },
    {
      "quarter": "Q1 2016",
      "income status": {
        "Net sales": 143842,
        "Cost of goods sold": 104778,
        "Gross Profit": 39064,
        "Financial expenses": 1064,
        "Of which: Interest expense": 1064,
        "Cost of sales": 35169,
        "Enterprise cost management": 7657,
        "Total Operating Expenses": 43890,
        "Total revenue financing activities": 1141,
        "Net profit from business activities": -3685,
        "Profit": 365,
        "Profit before tax": -3320,
        "Present corporate income tax expenses": "N/A",
        "Deferred income taxes expenses": "N/A",
        "The interests of minority shareholders": "N/A",
        "Total Cost of profits": 0,
        "Profit after tax corporate income": -3320,
        "Volume": 8500000,
        "Close of Quarter": 19.6,
        "EPS": 1961,
        "Non-adjusted EPS": 1961,
        "PE": 10.0,
        "Book Price": 18.3
      }
    },
    {
      "quarter": "Q4 2015",
      "income status": {
        "Net sales": 141529,
        "Cost of goods sold": 103332,
        "Gross Profit": 38196,
        "Financial expenses": 829,
        "Of which: Interest expense": 829,
        "Cost of sales": 32872,
        "Enterprise cost management": 8871,
        "Total Operating Expenses": 42572,
        "Total revenue financing activities": 923,
        "Net profit from business activities": -3453,
        "Profit": 22220,
        "Profit before tax": 18767,
        "Present corporate income tax expenses": 3812,
        "Deferred income taxes expenses": "N/A",
        "The interests of minority shareholders": "N/A",
        "Total Cost of profits": 3812,
        "Profit after tax corporate income": 14955,
        "Volume": 8500000,
        "Close of Quarter": 19.3,
        "EPS": 3046,
        "Non-adjusted EPS": 3046,
        "PE": 6.3,
        "Book Price": 18.7
      }
    },
    {
      "quarter": "Q3 2015",
      "income status": {
        "Net sales": 136560,
        "Cost of goods sold": 98585,
        "Gross Profit": 37976,
        "Financial expenses": 851,
        "Of which: Interest expense": 851,
        "Cost of sales": 24418,
        "Enterprise cost management": 11983,
        "Total Operating Expenses": 37252,
        "Total revenue financing activities": 1747,
        "Net profit from business activities": 2471,
        "Profit": 554,
        "Profit before tax": 3025,
        "Present corporate income tax expenses": 662,
        "Deferred income taxes expenses": "N/A",
        "The interests of minority shareholders": "N/A",
        "Total Cost of profits": 662,
        "Profit after tax corporate income": 2363,
        "Volume": 8500000,
        "Close of Quarter": 15.0,
        "EPS": 2036,
        "Non-adjusted EPS": 2036,
        "PE": 7.3,
        "Book Price": 16.9
      }
    },
    {
      "quarter": "Q2 2015",
      "income status": {
        "Net sales": 129044,
        "Cost of goods sold": 77255,
        "Gross Profit": 51790,
        "Financial expenses": 906,
        "Of which: Interest expense": 906,
        "Cost of sales": 42279,
        "Enterprise cost management": 7193,
        "Total Operating Expenses": 50378,
        "Total revenue financing activities": 1503,
        "Net profit from business activities": 2915,
        "Profit": 500,
        "Profit before tax": 3415,
        "Present corporate income tax expenses": 746,
        "Deferred income taxes expenses": "N/A",
        "The interests of minority shareholders": "N/A",
        "Total Cost of profits": 746,
        "Profit after tax corporate income": 2669,
        "Volume": 8500000,
        "Close of Quarter": 20.5,
        "EPS": 2549,
        "Non-adjusted EPS": 2549,
        "PE": 8.0,
        "Book Price": 16.7
      }
    },
    {
      "quarter": "Q1 2015",
      "income status": {
        "Net sales": 121966,
        "Cost of goods sold": 70369,
        "Gross Profit": 51597,
        "Financial expenses": 960,
        "Of which: Interest expense": 960,
        "Cost of sales": 36907,
        "Enterprise cost management": 8157,
        "Total Operating Expenses": 46024,
        "Total revenue financing activities": 1710,
        "Net profit from business activities": 7283,
        "Profit": 233,
        "Profit before tax": 7516,
        "Present corporate income tax expenses": 1611,
        "Deferred income taxes expenses": "N/A",
        "The interests of minority shareholders": "N/A",
        "Total Cost of profits": 1611,
        "Profit after tax corporate income": 5905,
        "Volume": 8500000,
        "Close of Quarter": 23.3,
        "EPS": 2881,
        "Non-adjusted EPS": 2881,
        "PE": 8.1,
        "Book Price": 18.2
      }
    },
    {
      "quarter": "Q4 2014",
      "income status": {
        "Net sales": 119577,
        "Cost of goods sold": 86478,
        "Gross Profit": 33098,
        "Financial expenses": 1116,
        "Of which: Interest expense": 1116,
        "Cost of sales": 16858,
        "Enterprise cost management": 8837,
        "Total Operating Expenses": 26811,
        "Total revenue financing activities": 2024,
        "Net profit from business activities": 8312,
        "Profit": 227,
        "Profit before tax": 8539,
        "Present corporate income tax expenses": 2166,
        "Deferred income taxes expenses": "N/A",
        "The interests of minority shareholders": "N/A",
        "Total Cost of profits": 2166,
        "Profit after tax corporate income": 6373,
        "Volume": 8500000,
        "Close of Quarter": 14.4,
        "EPS": 2846,
        "Non-adjusted EPS": 2846,
        "PE": 5.0,
        "Book Price": 16.5
      }
    },
    {
      "quarter": "Q3 2014",
      "income status": {
        "Net sales": 119942,
        "Cost of goods sold": 67450,
        "Gross Profit": 52491,
        "Financial expenses": 1040,
        "Of which: Interest expense": 1040,
        "Cost of sales": 36785,
        "Enterprise cost management": 7921,
        "Total Operating Expenses": 45746,
        "Total revenue financing activities": 2006,
        "Net profit from business activities": 8751,
        "Profit": -326,
        "Profit before tax": 8425,
        "Present corporate income tax expenses": 1705,
        "Deferred income taxes expenses": "N/A",
        "The interests of minority shareholders": "N/A",
        "Total Cost of profits": 1705,
        "Profit after tax corporate income": 6720,
        "Volume": 8500000,
        "Close of Quarter": 17.6,
        "EPS": 2837,
        "Non-adjusted EPS": 2837,
        "PE": 6.2,
        "Book Price": 15.8
      }
    },
    {
      "quarter": "Q2 2014",
      "income status": {
        "Net sales": 119036,
        "Cost of goods sold": 69089,
        "Gross Profit": 49947,
        "Financial expenses": 1302,
        "Of which: Interest expense": 1302,
        "Cost of sales": 35989,
        "Enterprise cost management": 8269,
        "Total Operating Expenses": 45560,
        "Total revenue financing activities": 1897,
        "Net profit from business activities": 6285,
        "Profit": 623,
        "Profit before tax": 6907,
        "Present corporate income tax expenses": 1413,
        "Deferred income taxes expenses": "N/A",
        "The interests of minority shareholders": "N/A",
        "Total Cost of profits": 1413,
        "Profit after tax corporate income": 5494,
        "Volume": 8500000,
        "Close of Quarter": 15.2,
        "EPS": 2893,
        "Non-adjusted EPS": 2893,
        "PE": 5.3,
        "Book Price": 15
      }
    },
    {
      "quarter": "Q1 2014",
      "income status": {
        "Net sales": 106556,
        "Cost of goods sold": 62201,
        "Gross Profit": 44355,
        "Financial expenses": 1056,
        "Of which: Interest expense": 1056,
        "Cost of sales": 32306,
        "Enterprise cost management": 6026,
        "Total Operating Expenses": 39388,
        "Total revenue financing activities": 1816,
        "Net profit from business activities": 6783,
        "Profit": 255,
        "Profit before tax": 7039,
        "Present corporate income tax expenses": 1434,
        "Deferred income taxes expenses": "N/A",
        "The interests of minority shareholders": "N/A",
        "Total Cost of profits": 1434,
        "Profit after tax corporate income": 5605,
        "Volume": 8500000,
        "Close of Quarter": 12.3,
        "EPS": 2645,
        "Non-adjusted EPS": 2645,
        "PE": 4.7,
        "Book Price": 16.2
      }
    },
    {
      "quarter": "Q4 2013",
      "income status": {
        "Net sales": 109458,
        "Cost of goods sold": 62896,
        "Gross Profit": 46562,
        "Financial expenses": 1282,
        "Of which: Interest expense": 1282,
        "Cost of sales": 31291,
        "Enterprise cost management": 8724,
        "Total Operating Expenses": 41297,
        "Total revenue financing activities": 1835,
        "Net profit from business activities": 7101,
        "Profit": 825,
        "Profit before tax": 7926,
        "Present corporate income tax expenses": 1989,
        "Deferred income taxes expenses": -357,
        "The interests of minority shareholders": "N/A",
        "Total Cost of profits": 1632,
        "Profit after tax corporate income": 6294,
        "Volume": 8500000,
        "Close of Quarter": 10.9,
        "EPS": 2524,
        "Non-adjusted EPS": 2524,
        "PE": 4.3,
        "Book Price": 15.5
      }
    },
    {
      "quarter": "Q3 2013",
      "income status": {
        "Net sales": 107488,
        "Cost of goods sold": 50629,
        "Gross Profit": 56859,
        "Financial expenses": 1249,
        "Of which: Interest expense": 1249,
        "Cost of sales": 41834,
        "Enterprise cost management": 7082,
        "Total Operating Expenses": 50165,
        "Total revenue financing activities": 1639,
        "Net profit from business activities": 8333,
        "Profit": 740,
        "Profit before tax": 9073,
        "Present corporate income tax expenses": 1877,
        "Deferred income taxes expenses": "N/A",
        "The interests of minority shareholders": "N/A",
        "Total Cost of profits": 1877,
        "Profit after tax corporate income": 7196,
        "Volume": 8500000,
        "Close of Quarter": 10.5,
        "EPS": 2386,
        "Non-adjusted EPS": 2386,
        "PE": 4.4,
        "Book Price": 14.8
      }
    },
    {
      "quarter": "Q2 2013",
      "income status": {
        "Net sales": 110630,
        "Cost of goods sold": 70858,
        "Gross Profit": 39771,
        "Financial expenses": 803,
        "Of which: Interest expense": 803,
        "Cost of sales": 30483,
        "Enterprise cost management": 7178,
        "Total Operating Expenses": 38464,
        "Total revenue financing activities": 2729,
        "Net profit from business activities": 4036,
        "Profit": 354,
        "Profit before tax": 4389,
        "Present corporate income tax expenses": 727,
        "Deferred income taxes expenses": 277,
        "The interests of minority shareholders": "N/A",
        "Total Cost of profits": 1004,
        "Profit after tax corporate income": 3386,
        "Volume": 8500000,
        "Close of Quarter": 9.9,
        "EPS": 2166,
        "Non-adjusted EPS": 2166,
        "PE": 4.6,
        "Book Price": 13.9
      }
    },
    {
      "quarter": "Q1 2013",
      "income status": {
        "Net sales": 100569,
        "Cost of goods sold": 70171,
        "Gross Profit": 30398,
        "Financial expenses": 763,
        "Of which: Interest expense": 763,
        "Cost of sales": 18178,
        "Enterprise cost management": 6123,
        "Total Operating Expenses": 25064,
        "Total revenue financing activities": 198,
        "Net profit from business activities": 5531,
        "Profit": 205,
        "Profit before tax": 5736,
        "Present corporate income tax expenses": 1434,
        "Deferred income taxes expenses": -277,
        "The interests of minority shareholders": "N/A",
        "Total Cost of profits": 1157,
        "Profit after tax corporate income": 4579,
        "Volume": 8500000,
        "Close of Quarter": 8.5,
        "EPS": 2337,
        "Non-adjusted EPS": 2337,
        "PE": 3.6,
        "Book Price": 15.3
      }
    },
    {
      "quarter": "Q4 2012",
      "income status": {
        "Net sales": 93954,
        "Cost of goods sold": 59135,
        "Gross Profit": 34819,
        "Financial expenses": 773,
        "Of which: Interest expense": 773,
        "Cost of sales": 27647,
        "Enterprise cost management": 4520,
        "Total Operating Expenses": 32940,
        "Total revenue financing activities": 3767,
        "Net profit from business activities": 5645,
        "Profit": 1217,
        "Profit before tax": 6863,
        "Present corporate income tax expenses": 1740,
        "Deferred income taxes expenses": "N/A",
        "The interests of minority shareholders": "N/A",
        "Total Cost of profits": 1740,
        "Profit after tax corporate income": 5122,
        "Volume": 8500000,
        "Close of Quarter": 11.7,
        "EPS": 2376,
        "Non-adjusted EPS": 2376,
        "PE": 4.9,
        "Book Price": 14.7
      }
    },
    {
      "quarter": "Q3 2012",
      "income status": {
        "Net sales": 91654,
        "Cost of goods sold": 61192,
        "Gross Profit": 30463,
        "Financial expenses": 813,
        "Of which: Interest expense": 813,
        "Cost of sales": 18960,
        "Enterprise cost management": 4988,
        "Total Operating Expenses": 24761,
        "Total revenue financing activities": 678,
        "Net profit from business activities": 6378,
        "Profit": 281,
        "Profit before tax": 6659,
        "Present corporate income tax expenses": 1339,
        "Deferred income taxes expenses": "N/A",
        "The interests of minority shareholders": "N/A",
        "Total Cost of profits": 1339,
        "Profit after tax corporate income": 5320,
        "Volume": 8500000,
        "Close of Quarter": 8.9,
        "EPS": 2495,
        "Non-adjusted EPS": 2495,
        "PE": 3.6,
        "Book Price": 14.1
      }
    },
    {
      "quarter": "Q2 2012",
      "income status": {
        "Net sales": 93241,
        "Cost of goods sold": 63627,
        "Gross Profit": 29614,
        "Financial expenses": 843,
        "Of which: Interest expense": -882,
        "Cost of sales": 18908,
        "Enterprise cost management": 6121,
        "Total Operating Expenses": 25872,
        "Total revenue financing activities": 2114,
        "Net profit from business activities": 5856,
        "Profit": 301,
        "Profit before tax": 6157,
        "Present corporate income tax expenses": 1044,
        "Deferred income taxes expenses": 266,
        "The interests of minority shareholders": "N/A",
        "Total Cost of profits": 1310,
        "Profit after tax corporate income": 4847,
        "Volume": 8500000,
        "Close of Quarter": 10.2,
        "EPS": 2524,
        "Non-adjusted EPS": 2524,
        "PE": 4.0,
        "Book Price": 13.5
      }
    },
    {
      "quarter": "Q1 2012",
      "income status": {
        "Net sales": 84732,
        "Cost of goods sold": 59159,
        "Gross Profit": 25573,
        "Financial expenses": 882,
        "Of which: Interest expense": 882,
        "Cost of sales": 15863,
        "Enterprise cost management": 4390,
        "Total Operating Expenses": 21135,
        "Total revenue financing activities": 1489,
        "Net profit from business activities": 5926,
        "Profit": 260,
        "Profit before tax": 6186,
        "Present corporate income tax expenses": 1547,
        "Deferred income taxes expenses": -266,
        "The interests of minority shareholders": "N/A",
        "Total Cost of profits": 1281,
        "Profit after tax corporate income": 4906,
        "Volume": 8500000,
        "Close of Quarter": 8.6,
        "EPS": 2438,
        "Non-adjusted EPS": 2438,
        "PE": 3.5,
        "Book Price": 14.5
      }
    },
    {
      "quarter": "Q4 2011",
      "income status": {
        "Net sales": 82712,
        "Cost of goods sold": 48146,
        "Gross Profit": 34566,
        "Financial expenses": 915,
        "Of which: Interest expense": 915,
        "Cost of sales": 23489,
        "Enterprise cost management": 6729,
        "Total Operating Expenses": 31133,
        "Total revenue financing activities": 2972,
        "Net profit from business activities": 6404,
        "Profit": 918,
        "Profit before tax": 24871,
        "Present corporate income tax expenses": 1627,
        "Deferred income taxes expenses": -442,
        "The interests of minority shareholders": "N/A",
        "Total Cost of profits": 1185,
        "Profit after tax corporate income": 6137,
        "Volume": 8500000,
        "Close of Quarter": 4.8,
        "EPS": 2481,
        "Non-adjusted EPS": 2481,
        "PE": 1.9,
        "Book Price": 14.2
      }
    },
    {
      "quarter": "Q3 2011",
      "income status": {
        "Net sales": 78471,
        "Cost of goods sold": 53031,
        "Gross Profit": 25440,
        "Financial expenses": 887,
        "Of which: Interest expense": 887,
        "Cost of sales": 16764,
        "Enterprise cost management": 4228,
        "Total Operating Expenses": 21879,
        "Total revenue financing activities": 2396,
        "Net profit from business activities": 5956,
        "Profit": 568,
        "Profit before tax": 17549,
        "Present corporate income tax expenses": 964,
        "Deferred income taxes expenses": "N/A",
        "The interests of minority shareholders": "N/A",
        "Total Cost of profits": 964,
        "Profit after tax corporate income": 5561,
        "Volume": 8500000,
        "Close of Quarter": 5.1,
        "EPS": 2827,
        "Non-adjusted EPS": 2827,
        "PE": 1.8,
        "Book Price": 13.4
      }
    },
    {
      "quarter": "Q2 2011",
      "income status": {
        "Net sales": 79888,
        "Cost of goods sold": 58017,
        "Gross Profit": 21871,
        "Financial expenses": 843,
        "Of which: Interest expense": 843,
        "Cost of sales": 14207,
        "Enterprise cost management": 5375,
        "Total Operating Expenses": 20425,
        "Total revenue financing activities": 2919,
        "Net profit from business activities": 4364,
        "Profit": 670,
        "Profit before tax": 5034,
        "Present corporate income tax expenses": 915,
        "Deferred income taxes expenses": "N/A",
        "The interests of minority shareholders": "N/A",
        "Total Cost of profits": 915,
        "Profit after tax corporate income": 4119,
        "Volume": 8500000,
        "Close of Quarter": 5.3,
        "EPS": 2290,
        "Non-adjusted EPS": 2290,
        "PE": 2.3,
        "Book Price": 12.8
      }
    },
    {
      "quarter": "Q1 2011",
      "income status": {
        "Net sales": 73562,
        "Cost of goods sold": 52256,
        "Gross Profit": 21306,
        "Financial expenses": 870,
        "Of which: Interest expense": 870,
        "Cost of sales": 12386,
        "Enterprise cost management": 3709,
        "Total Operating Expenses": 16965,
        "Total revenue financing activities": 1342,
        "Net profit from business activities": 5684,
        "Profit": 306,
        "Profit before tax": 5989,
        "Present corporate income tax expenses": 716,
        "Deferred income taxes expenses": "N/A",
        "The interests of minority shareholders": "N/A",
        "Total Cost of profits": 716,
        "Profit after tax corporate income": 5274,
        "Volume": 8500000,
        "Close of Quarter": 4.7,
        "EPS": 2124,
        "Non-adjusted EPS": 2124,
        "PE": 2.2,
        "Book Price": 13.3
      }
    }
  ]
}