{
  "ticker": "DGW",
  "data": [
    {
      "quarter": "Q4 2016",
      "income status": {
        "Net sales": 1009444,
        "Cost of goods sold": 939112,
        "Gross Profit": 70333,
        "Financial expenses": 9030,
        "Of which: Interest expense": 4759,
        "Cost of sales": 39975,
        "Enterprise cost management": 14705,
        "Total Operating Expenses": 63710,
        "Total revenue financing activities": 5487,
        "Net profit from business activities": 12108,
        "Profit": 2582,
        "Profit before tax": 14691,
        "Present corporate income tax expenses": 3221,
        "Deferred income taxes expenses": "N/A",
        "The interests of minority shareholders": "N/A",
        "Total Cost of profits": 3221,
        "Profit after tax corporate income": 11469,
        "Volume": 30613329,
        "Close of Quarter": 15.4,
        "EPS": 1696.6,
        "Non-adjusted EPS": 2203,
        "PE": 7,
        "Book Price": 15.9
      }
    },
    {
      "quarter": "Q3 2016",
      "income status": {
        "Net sales": 1040331,
        "Cost of goods sold": 982486,
        "Gross Profit": 57846,
        "Financial expenses": 4041,
        "Of which: Interest expense": 1861,
        "Cost of sales": 15444,
        "Enterprise cost management": 14514,
        "Total Operating Expenses": 33999,
        "Total revenue financing activities": 5211,
        "Net profit from business activities": 29057,
        "Profit": 811,
        "Profit before tax": 29868,
        "Present corporate income tax expenses": 6098,
        "Deferred income taxes expenses": "N/A",
        "The interests of minority shareholders": "N/A",
        "Total Cost of profits": 6098,
        "Profit after tax corporate income": 23770,
        "Volume": 30613329,
        "Close of Quarter": 14.8,
        "EPS": 1876.0,
        "Non-adjusted EPS": 2436,
        "PE": 6.1,
        "Book Price": 15.6
      }
    },
    {
      "quarter": "Q2 2016",
      "income status": {
        "Net sales": 939097,
        "Cost of goods sold": 887789,
        "Gross Profit": 51308,
        "Financial expenses": 9359,
        "Of which: Interest expense": 9093,
        "Cost of sales": 18257,
        "Enterprise cost management": 13340,
        "Total Operating Expenses": 40956,
        "Total revenue financing activities": 3327,
        "Net profit from business activities": 13679,
        "Profit": 972,
        "Profit before tax": 14651,
        "Present corporate income tax expenses": 3125,
        "Deferred income taxes expenses": "N/A",
        "The interests of minority shareholders": "N/A",
        "Total Cost of profits": 3125,
        "Profit after tax corporate income": 11526,
        "Volume": 30613329,
        "Close of Quarter": 16.6,
        "EPS": 1926.8,
        "Non-adjusted EPS": 2502,
        "PE": 6.6,
        "Book Price": 14.9
      }
    },
    {
      "quarter": "Q1 2016",
      "income status": {
        "Net sales": 811100,
        "Cost of goods sold": 749061,
        "Gross Profit": 62040,
        "Financial expenses": 5511,
        "Of which: Interest expense": 5083,
        "Cost of sales": 24590,
        "Enterprise cost management": 11230,
        "Total Operating Expenses": 41331,
        "Total revenue financing activities": 5290,
        "Net profit from business activities": 25999,
        "Profit": -125,
        "Profit before tax": 25874,
        "Present corporate income tax expenses": 5200,
        "Deferred income taxes expenses": "N/A",
        "The interests of minority shareholders": "N/A",
        "Total Cost of profits": 5200,
        "Profit after tax corporate income": 20674,
        "Volume": 30613329,
        "Close of Quarter": 21.1,
        "EPS": 2356.6,
        "Non-adjusted EPS": 3060,
        "PE": 6.9,
        "Book Price": 14.7
      }
    },
    {
      "quarter": "Q4 2015",
      "income status": {
        "Net sales": 945329,
        "Cost of goods sold": 882306,
        "Gross Profit": 63024,
        "Financial expenses": 6715,
        "Of which: Interest expense": 5413,
        "Cost of sales": 21921,
        "Enterprise cost management": 15567,
        "Total Operating Expenses": 44203,
        "Total revenue financing activities": 5676,
        "Net profit from business activities": 24497,
        "Profit": -276,
        "Profit before tax": 24221,
        "Present corporate income tax expenses": 5603,
        "Deferred income taxes expenses": "N/A",
        "The interests of minority shareholders": "N/A",
        "Total Cost of profits": 5603,
        "Profit after tax corporate income": 18619,
        "Volume": 30613329,
        "Close of Quarter": 23.2,
        "EPS": 2619.9,
        "Non-adjusted EPS": 3402,
        "PE": 6.8,
        "Book Price": 15.3
      }
    },
    {
      "quarter": "Q3 2015",
      "income status": {
        "Net sales": 1166618,
        "Cost of goods sold": 1111477,
        "Gross Profit": 55141,
        "Financial expenses": 10796,
        "Of which: Interest expense": 3467,
        "Cost of sales": 4790,
        "Enterprise cost management": 11828,
        "Total Operating Expenses": 27414,
        "Total revenue financing activities": 5408,
        "Net profit from business activities": 33135,
        "Profit": -78,
        "Profit before tax": 33057,
        "Present corporate income tax expenses": 7273,
        "Deferred income taxes expenses": "N/A",
        "The interests of minority shareholders": "N/A",
        "Total Cost of profits": 7273,
        "Profit after tax corporate income": 25784,
        "Volume": 23583669,
        "Close of Quarter": 24.6,
        "EPS": 3973.2,
        "Non-adjusted EPS": 6697,
        "PE": 3.7,
        "Book Price": 14.8
      }
    },
    {
      "quarter": "Q2 2015",
      "income status": {
        "Net sales": 1159249,
        "Cost of goods sold": 1083658,
        "Gross Profit": 75591,
        "Financial expenses": 13923,
        "Of which: Interest expense": 8247,
        "Cost of sales": 18573,
        "Enterprise cost management": 9302,
        "Total Operating Expenses": 41798,
        "Total revenue financing activities": 1920,
        "Net profit from business activities": 35713,
        "Profit": 1139,
        "Profit before tax": 36852,
        "Present corporate income tax expenses": 8265,
        "Deferred income taxes expenses": "N/A",
        "The interests of minority shareholders": "N/A",
        "Total Cost of profits": 8265,
        "Profit after tax corporate income": 28587,
        "Volume": 23583669,
        "Close of Quarter": "N/A",
        "EPS": 4116.1,
        "Non-adjusted EPS": 6938,
        "PE": "N/A",
        "Book Price": 14.8
      }
    },
    {
      "quarter": "Q1 2015",
      "income status": {
        "Net sales": 932874,
        "Cost of goods sold": 862399,
        "Gross Profit": 70475,
        "Financial expenses": 8771,
        "Of which: Interest expense": 6007,
        "Cost of sales": 18084,
        "Enterprise cost management": 8742,
        "Total Operating Expenses": 35597,
        "Total revenue financing activities": 1111,
        "Net profit from business activities": 35989,
        "Profit": 3950,
        "Profit before tax": 39939,
        "Present corporate income tax expenses": 8787,
        "Deferred income taxes expenses": "N/A",
        "The interests of minority shareholders": "N/A",
        "Total Cost of profits": 8787,
        "Profit after tax corporate income": 31153,
        "Volume": 23583669,
        "Close of Quarter": "N/A",
        "EPS": 3397.1,
        "Non-adjusted EPS": 5726,
        "PE": "N/A",
        "Book Price": 13.4
      }
    },
    {
      "quarter": "Q3 2014",
      "income status": {
        "Net sales": 1344634,
        "Cost of goods sold": 1259805,
        "Gross Profit": 84829,
        "Financial expenses": 9710,
        "Of which: Interest expense": 4574,
        "Cost of sales": 13195,
        "Enterprise cost management": 8946,
        "Total Operating Expenses": 31851,
        "Total revenue financing activities": 5033,
        "Net profit from business activities": 58011,
        "Profit": 1426,
        "Profit before tax": 59438,
        "Present corporate income tax expenses": 12977,
        "Deferred income taxes expenses": "N/A",
        "The interests of minority shareholders": "N/A",
        "Total Cost of profits": 12977,
        "Profit after tax corporate income": 72415,
        "Volume": 23583669,
        "Close of Quarter": "N/A",
        "EPS": 2613.4,
        "Non-adjusted EPS": 4405,
        "PE": "N/A",
        "Book Price": "N/A"
      }
    },
    {
      "quarter": "Q2 2014",
      "income status": {
        "Net sales": 1085852,
        "Cost of goods sold": 1020927,
        "Gross Profit": 64926,
        "Financial expenses": 10298,
        "Of which: Interest expense": 4717,
        "Cost of sales": 9166,
        "Enterprise cost management": 8260,
        "Total Operating Expenses": 27724,
        "Total revenue financing activities": 2035,
        "Net profit from business activities": 39237,
        "Profit": 1226,
        "Profit before tax": 40463,
        "Present corporate income tax expenses": 9001,
        "Deferred income taxes expenses": "N/A",
        "The interests of minority shareholders": "N/A",
        "Total Cost of profits": 9001,
        "Profit after tax corporate income": 31462,
        "Volume": 23583669,
        "Close of Quarter": "N/A",
        "EPS": 791.4,
        "Non-adjusted EPS": 1334,
        "PE": "N/A",
        "Book Price": "N/A"
      }
    }
  ]
}