{
  "ticker": "TRC",
  "data": [
    {
      "quarter": "Q4 2016",
      "income status": {
        "Net sales": 149939,
        "Cost of goods sold": 123396,
        "Gross Profit": 26543,
        "Financial expenses": 351,
        "Of which: Interest expense": 344,
        "Cost of sales": 1288,
        "Enterprise cost management": 9445,
        "Total Operating Expenses": 11084,
        "Total revenue financing activities": 3444,
        "Net profit from business activities": 20164,
        "Profit": 18511,
        "Profit before tax": 38675,
        "Present corporate income tax expenses": 4629,
        "Deferred income taxes expenses": "N/A",
        "The interests of minority shareholders": "N/A",
        "Total Cost of profits": 4629,
        "Profit after tax corporate income": 34046,
        "Volume": 29600000,
        "Close of Quarter": 25.5,
        "EPS": 2444,
        "Non-adjusted EPS": 2444,
        "PE": 10.4,
        "Book Price": 49.2
      }
    },
    {
      "quarter": "Q3 2016",
      "income status": {
        "Net sales": 77397,
        "Cost of goods sold": 51467,
        "Gross Profit": 25930,
        "Financial expenses": 247,
        "Of which: Interest expense": 238,
        "Cost of sales": 619,
        "Enterprise cost management": 7766,
        "Total Operating Expenses": 8632,
        "Total revenue financing activities": 117,
        "Net profit from business activities": 18244,
        "Profit": 710,
        "Profit before tax": 18954,
        "Present corporate income tax expenses": 1007,
        "Deferred income taxes expenses": "N/A",
        "The interests of minority shareholders": "N/A",
        "Total Cost of profits": 1007,
        "Profit after tax corporate income": 17948,
        "Volume": 29600000,
        "Close of Quarter": 22.2,
        "EPS": 2245,
        "Non-adjusted EPS": 2245,
        "PE": 9.9,
        "Book Price": 47.6
      }
    },
    {
      "quarter": "Q2 2016",
      "income status": {
        "Net sales": 70796,
        "Cost of goods sold": 64197,
        "Gross Profit": 6599,
        "Financial expenses": 7,
        "Of which: Interest expense": "N/A",
        "Cost of sales": 684,
        "Enterprise cost management": 3782,
        "Total Operating Expenses": 4473,
        "Total revenue financing activities": 760,
        "Net profit from business activities": 4455,
        "Profit": 9327,
        "Profit before tax": 13782,
        "Present corporate income tax expenses": 1946,
        "Deferred income taxes expenses": "N/A",
        "The interests of minority shareholders": "N/A",
        "Total Cost of profits": 1946,
        "Profit after tax corporate income": 11836,
        "Volume": 29600000,
        "Close of Quarter": 20.7,
        "EPS": 1989,
        "Non-adjusted EPS": 1989,
        "PE": 10.4,
        "Book Price": 47
      }
    },
    {
      "quarter": "Q1 2016",
      "income status": {
        "Net sales": 52239,
        "Cost of goods sold": 48626,
        "Gross Profit": 3614,
        "Financial expenses": 70,
        "Of which: Interest expense": "N/A",
        "Cost of sales": 260,
        "Enterprise cost management": 4686,
        "Total Operating Expenses": 5016,
        "Total revenue financing activities": 305,
        "Net profit from business activities": 618,
        "Profit": 10102,
        "Profit before tax": 10720,
        "Present corporate income tax expenses": 2212,
        "Deferred income taxes expenses": "N/A",
        "The interests of minority shareholders": "N/A",
        "Total Cost of profits": 2212,
        "Profit after tax corporate income": 8509,
        "Volume": 29600000,
        "Close of Quarter": 19.9,
        "EPS": 1659,
        "Non-adjusted EPS": 1659,
        "PE": 12.0,
        "Book Price": 47.7
      }
    },
    {
      "quarter": "Q4 2015",
      "income status": {
        "Net sales": 118684,
        "Cost of goods sold": 90849,
        "Gross Profit": 27835,
        "Financial expenses": 178,
        "Of which: Interest expense": 8,
        "Cost of sales": 885,
        "Enterprise cost management": 8786,
        "Total Operating Expenses": 9849,
        "Total revenue financing activities": 3419,
        "Net profit from business activities": 22717,
        "Profit": 8150,
        "Profit before tax": 30866,
        "Present corporate income tax expenses": 2707,
        "Deferred income taxes expenses": "N/A",
        "The interests of minority shareholders": "N/A",
        "Total Cost of profits": 2707,
        "Profit after tax corporate income": 28160,
        "Volume": 29600000,
        "Close of Quarter": 18.7,
        "EPS": 1935,
        "Non-adjusted EPS": 1935,
        "PE": 9.7,
        "Book Price": 47.7
      }
    },
    {
      "quarter": "Q3 2015",
      "income status": {
        "Net sales": 92463,
        "Cost of goods sold": 64442,
        "Gross Profit": 28021,
        "Financial expenses": 17,
        "Of which: Interest expense": 16,
        "Cost of sales": 389,
        "Enterprise cost management": 19987,
        "Total Operating Expenses": 20393,
        "Total revenue financing activities": 1243,
        "Net profit from business activities": 9591,
        "Profit": 2094,
        "Profit before tax": 11686,
        "Present corporate income tax expenses": 1329,
        "Deferred income taxes expenses": "N/A",
        "The interests of minority shareholders": "N/A",
        "Total Cost of profits": 1329,
        "Profit after tax corporate income": 10357,
        "Volume": 29600000,
        "Close of Quarter": 20.3,
        "EPS": 2312,
        "Non-adjusted EPS": 2312,
        "PE": 8.8,
        "Book Price": 47.8
      }
    },
    {
      "quarter": "Q2 2015",
      "income status": {
        "Net sales": 66524,
        "Cost of goods sold": 61458,
        "Gross Profit": 5066,
        "Financial expenses": 68,
        "Of which: Interest expense": 12,
        "Cost of sales": 460,
        "Enterprise cost management": 5178,
        "Total Operating Expenses": 5706,
        "Total revenue financing activities": 4915,
        "Net profit from business activities": 5812,
        "Profit": -3447,
        "Profit before tax": 2365,
        "Present corporate income tax expenses": 280,
        "Deferred income taxes expenses": -1,
        "The interests of minority shareholders": "N/A",
        "Total Cost of profits": 279,
        "Profit after tax corporate income": 2087,
        "Volume": 29600000,
        "Close of Quarter": 22.3,
        "EPS": 2974,
        "Non-adjusted EPS": 2974,
        "PE": 7.5,
        "Book Price": 46.7
      }
    },
    {
      "quarter": "Q1 2015",
      "income status": {
        "Net sales": 85276,
        "Cost of goods sold": 75501,
        "Gross Profit": 9776,
        "Financial expenses": 71,
        "Of which: Interest expense": 43,
        "Cost of sales": 782,
        "Enterprise cost management": 7012,
        "Total Operating Expenses": 7865,
        "Total revenue financing activities": 1533,
        "Net profit from business activities": 5162,
        "Profit": 15375,
        "Profit before tax": 20537,
        "Present corporate income tax expenses": 3853,
        "Deferred income taxes expenses": "N/A",
        "The interests of minority shareholders": "N/A",
        "Total Cost of profits": 3853,
        "Profit after tax corporate income": 16684,
        "Volume": 29600000,
        "Close of Quarter": 21.1,
        "EPS": 3740,
        "Non-adjusted EPS": 3740,
        "PE": 5.6,
        "Book Price": 49.7
      }
    },
    {
      "quarter": "Q4 2014",
      "income status": {
        "Net sales": 157957,
        "Cost of goods sold": 107323,
        "Gross Profit": 50634,
        "Financial expenses": 47,
        "Of which: Interest expense": 43,
        "Cost of sales": 1460,
        "Enterprise cost management": 9688,
        "Total Operating Expenses": 11195,
        "Total revenue financing activities": 4922,
        "Net profit from business activities": 45480,
        "Profit": -146,
        "Profit before tax": 45333,
        "Present corporate income tax expenses": 6032,
        "Deferred income taxes expenses": "N/A",
        "The interests of minority shareholders": "N/A",
        "Total Cost of profits": 6032,
        "Profit after tax corporate income": 39301,
        "Volume": 29600000,
        "Close of Quarter": 22.8,
        "EPS": 4643,
        "Non-adjusted EPS": 4643,
        "PE": 4.9,
        "Book Price": 48.7
      }
    },
    {
      "quarter": "Q3 2014",
      "income status": {
        "Net sales": 110289,
        "Cost of goods sold": 74553,
        "Gross Profit": 35735,
        "Financial expenses": 282,
        "Of which: Interest expense": 54,
        "Cost of sales": 1199,
        "Enterprise cost management": 6984,
        "Total Operating Expenses": 8465,
        "Total revenue financing activities": 3011,
        "Net profit from business activities": 31239,
        "Profit": 1888,
        "Profit before tax": 33127,
        "Present corporate income tax expenses": 3157,
        "Deferred income taxes expenses": "N/A",
        "The interests of minority shareholders": "N/A",
        "Total Cost of profits": 3157,
        "Profit after tax corporate income": 29970,
        "Volume": 29600000,
        "Close of Quarter": 25.7,
        "EPS": 5942,
        "Non-adjusted EPS": 5942,
        "PE": 4.3,
        "Book Price": 47.5
      }
    },
    {
      "quarter": "Q2 2014",
      "income status": {
        "Net sales": 91258,
        "Cost of goods sold": 74731,
        "Gross Profit": 16527,
        "Financial expenses": 72,
        "Of which: Interest expense": 68,
        "Cost of sales": 855,
        "Enterprise cost management": 7653,
        "Total Operating Expenses": 8580,
        "Total revenue financing activities": 6418,
        "Net profit from business activities": 15906,
        "Profit": 13991,
        "Profit before tax": 29896,
        "Present corporate income tax expenses": 5138,
        "Deferred income taxes expenses": "N/A",
        "The interests of minority shareholders": "N/A",
        "Total Cost of profits": 5138,
        "Profit after tax corporate income": 24759,
        "Volume": 29600000,
        "Close of Quarter": 27.7,
        "EPS": 6709,
        "Non-adjusted EPS": 6709,
        "PE": 4.1,
        "Book Price": 46.5
      }
    },
    {
      "quarter": "Q1 2014",
      "income status": {
        "Net sales": 141134,
        "Cost of goods sold": 122862,
        "Gross Profit": 18272,
        "Financial expenses": 95,
        "Of which: Interest expense": 85,
        "Cost of sales": 652,
        "Enterprise cost management": 6486,
        "Total Operating Expenses": 7233,
        "Total revenue financing activities": 12816,
        "Net profit from business activities": 25431,
        "Profit": 27808,
        "Profit before tax": 53239,
        "Present corporate income tax expenses": 9825,
        "Deferred income taxes expenses": "N/A",
        "The interests of minority shareholders": "N/A",
        "Total Cost of profits": 9825,
        "Profit after tax corporate income": 43414,
        "Volume": 29600000,
        "Close of Quarter": 29.8,
        "EPS": 9183,
        "Non-adjusted EPS": 9183,
        "PE": 3.2,
        "Book Price": 48.9
      }
    },
    {
      "quarter": "Q4 2013",
      "income status": {
        "Net sales": 239832,
        "Cost of goods sold": 167790,
        "Gross Profit": 72042,
        "Financial expenses": 8871,
        "Of which: Interest expense": 108,
        "Cost of sales": 2116,
        "Enterprise cost management": 8283,
        "Total Operating Expenses": 19270,
        "Total revenue financing activities": 21097,
        "Net profit from business activities": 73868,
        "Profit": 13440,
        "Profit before tax": 88330,
        "Present corporate income tax expenses": 10602,
        "Deferred income taxes expenses": "N/A",
        "The interests of minority shareholders": "N/A",
        "Total Cost of profits": 10602,
        "Profit after tax corporate income": 77728,
        "Volume": 29600000,
        "Close of Quarter": 32.4,
        "EPS": 9338,
        "Non-adjusted EPS": 9338,
        "PE": 3.5,
        "Book Price": 47.4
      }
    },
    {
      "quarter": "Q3 2013",
      "income status": {
        "Net sales": 194663,
        "Cost of goods sold": 132881,
        "Gross Profit": 61782,
        "Financial expenses": 335,
        "Of which: Interest expense": 132,
        "Cost of sales": 822,
        "Enterprise cost management": 7707,
        "Total Operating Expenses": 8864,
        "Total revenue financing activities": 3830,
        "Net profit from business activities": 56748,
        "Profit": 983,
        "Profit before tax": 57907,
        "Present corporate income tax expenses": 5234,
        "Deferred income taxes expenses": "N/A",
        "The interests of minority shareholders": "N/A",
        "Total Cost of profits": 5234,
        "Profit after tax corporate income": 52673,
        "Volume": 29600000,
        "Close of Quarter": 30.7,
        "EPS": 10718,
        "Non-adjusted EPS": 10718,
        "PE": 2.9,
        "Book Price": 46
      }
    },
    {
      "quarter": "Q2 2013",
      "income status": {
        "Net sales": 236809,
        "Cost of goods sold": 174966,
        "Gross Profit": 61843,
        "Financial expenses": 487,
        "Of which: Interest expense": 467,
        "Cost of sales": 1906,
        "Enterprise cost management": 11218,
        "Total Operating Expenses": 13611,
        "Total revenue financing activities": 26265,
        "Net profit from business activities": 74498,
        "Profit": 39723,
        "Profit before tax": 118040,
        "Present corporate income tax expenses": 19989,
        "Deferred income taxes expenses": 53,
        "The interests of minority shareholders": "N/A",
        "Total Cost of profits": 20042,
        "Profit after tax corporate income": 97998,
        "Volume": 29600000,
        "Close of Quarter": 35.7,
        "EPS": 13082,
        "Non-adjusted EPS": 13082,
        "PE": 2.7,
        "Book Price": 44.1
      }
    },
    {
      "quarter": "Q1 2013",
      "income status": {
        "Net sales": 183863,
        "Cost of goods sold": 136467,
        "Gross Profit": 47396,
        "Financial expenses": 206,
        "Of which: Interest expense": 206,
        "Cost of sales": 1271,
        "Enterprise cost management": 7353,
        "Total Operating Expenses": 8830,
        "Total revenue financing activities": 6165,
        "Net profit from business activities": 44731,
        "Profit": 8308,
        "Profit before tax": 54491,
        "Present corporate income tax expenses": 6473,
        "Deferred income taxes expenses": "N/A",
        "The interests of minority shareholders": "N/A",
        "Total Cost of profits": 6473,
        "Profit after tax corporate income": 48018,
        "Volume": 29600000,
        "Close of Quarter": 35.7,
        "EPS": 11493,
        "Non-adjusted EPS": 11493,
        "PE": 3.1,
        "Book Price": 46
      }
    },
    {
      "quarter": "Q4 2012",
      "income status": {
        "Net sales": 330819,
        "Cost of goods sold": 209940,
        "Gross Profit": 120879,
        "Financial expenses": 1990,
        "Of which: Interest expense": 339,
        "Cost of sales": 3994,
        "Enterprise cost management": 10600,
        "Total Operating Expenses": 16584,
        "Total revenue financing activities": 19687,
        "Net profit from business activities": 123981,
        "Profit": 11294,
        "Profit before tax": 135275,
        "Present corporate income tax expenses": 16703,
        "Deferred income taxes expenses": "N/A",
        "The interests of minority shareholders": "N/A",
        "Total Cost of profits": 16703,
        "Profit after tax corporate income": 118572,
        "Volume": 29600000,
        "Close of Quarter": 30.1,
        "EPS": 11576,
        "Non-adjusted EPS": 11576,
        "PE": 2.6,
        "Book Price": 44
      }
    },
    {
      "quarter": "Q3 2012",
      "income status": {
        "Net sales": 231370,
        "Cost of goods sold": 120018,
        "Gross Profit": 111352,
        "Financial expenses": 283,
        "Of which: Interest expense": 283,
        "Cost of sales": 472,
        "Enterprise cost management": 6168,
        "Total Operating Expenses": 6923,
        "Total revenue financing activities": 6854,
        "Net profit from business activities": 111282,
        "Profit": 17595,
        "Profit before tax": 128876,
        "Present corporate income tax expenses": 6239,
        "Deferred income taxes expenses": "N/A",
        "The interests of minority shareholders": "N/A",
        "Total Cost of profits": 6239,
        "Profit after tax corporate income": 122638,
        "Volume": 29600000,
        "Close of Quarter": 26.5,
        "EPS": 12358,
        "Non-adjusted EPS": 12358,
        "PE": 2.1,
        "Book Price": 41.6
      }
    },
    {
      "quarter": "Q2 2012",
      "income status": {
        "Net sales": 92895,
        "Cost of goods sold": 73908,
        "Gross Profit": 18987,
        "Financial expenses": 757,
        "Of which: Interest expense": 503,
        "Cost of sales": 860,
        "Enterprise cost management": 6677,
        "Total Operating Expenses": 8294,
        "Total revenue financing activities": 19162,
        "Net profit from business activities": 29854,
        "Profit": 35427,
        "Profit before tax": 65282,
        "Present corporate income tax expenses": 14317,
        "Deferred income taxes expenses": "N/A",
        "The interests of minority shareholders": "N/A",
        "Total Cost of profits": 14317,
        "Profit after tax corporate income": 50965,
        "Volume": 29600000,
        "Close of Quarter": 26.5,
        "EPS": 14761,
        "Non-adjusted EPS": 14761,
        "PE": 1.8,
        "Book Price": 38
      }
    },
    {
      "quarter": "Q1 2012",
      "income status": {
        "Net sales": 252630,
        "Cost of goods sold": 204163,
        "Gross Profit": 48466,
        "Financial expenses": 357,
        "Of which: Interest expense": 357,
        "Cost of sales": 2412,
        "Enterprise cost management": 9949,
        "Total Operating Expenses": 12718,
        "Total revenue financing activities": 13306,
        "Net profit from business activities": 49055,
        "Profit": 9814,
        "Profit before tax": 58869,
        "Present corporate income tax expenses": 8399,
        "Deferred income taxes expenses": "N/A",
        "The interests of minority shareholders": "N/A",
        "Total Cost of profits": 8399,
        "Profit after tax corporate income": 50470,
        "Volume": 29600000,
        "Close of Quarter": 26.3,
        "EPS": 16355,
        "Non-adjusted EPS": 16355,
        "PE": 1.6,
        "Book Price": 38.3
      }
    },
    {
      "quarter": "Q4 2011",
      "income status": {
        "Net sales": 352181,
        "Cost of goods sold": 202233,
        "Gross Profit": 149948,
        "Financial expenses": 308,
        "Of which: Interest expense": 266,
        "Cost of sales": 2400,
        "Enterprise cost management": 12906,
        "Total Operating Expenses": 15614,
        "Total revenue financing activities": 21614,
        "Net profit from business activities": 155948,
        "Profit": 1596,
        "Profit before tax": 157544,
        "Present corporate income tax expenses": 15830,
        "Deferred income taxes expenses": "N/A",
        "The interests of minority shareholders": "N/A",
        "Total Cost of profits": 15830,
        "Profit after tax corporate income": 141715,
        "Volume": 29600000,
        "Close of Quarter": 21.3,
        "EPS": 17020,
        "Non-adjusted EPS": 17020,
        "PE": 1.3,
        "Book Price": 40.1
      }
    },
    {
      "quarter": "Q3 2011",
      "income status": {
        "Net sales": 377373,
        "Cost of goods sold": 183037,
        "Gross Profit": 194335,
        "Financial expenses": 558,
        "Of which: Interest expense": 558,
        "Cost of sales": 2800,
        "Enterprise cost management": 13813,
        "Total Operating Expenses": 17171,
        "Total revenue financing activities": 19202,
        "Net profit from business activities": 196365,
        "Profit": 19806,
        "Profit before tax": 216172,
        "Present corporate income tax expenses": 22411,
        "Deferred income taxes expenses": "N/A",
        "The interests of minority shareholders": "N/A",
        "Total Cost of profits": 22411,
        "Profit after tax corporate income": 193761,
        "Volume": 29600000,
        "Close of Quarter": 24.5,
        "EPS": 16299,
        "Non-adjusted EPS": 16299,
        "PE": 1.5,
        "Book Price": 35.4
      }
    },
    {
      "quarter": "Q2 2011",
      "income status": {
        "Net sales": 127158,
        "Cost of goods sold": 59009,
        "Gross Profit": 68149,
        "Financial expenses": 685,
        "Of which: Interest expense": 462,
        "Cost of sales": 915,
        "Enterprise cost management": 8017,
        "Total Operating Expenses": 9617,
        "Total revenue financing activities": 31218,
        "Net profit from business activities": 89750,
        "Profit": 27307,
        "Profit before tax": 117057,
        "Present corporate income tax expenses": 18901,
        "Deferred income taxes expenses": "N/A",
        "The interests of minority shareholders": "N/A",
        "Total Cost of profits": 18901,
        "Profit after tax corporate income": 98156,
        "Volume": 29600000,
        "Close of Quarter": 28.3,
        "EPS": 12125,
        "Non-adjusted EPS": 12125,
        "PE": 2.3,
        "Book Price": 28.8
      }
    },
    {
      "quarter": "Q1 2011",
      "income status": {
        "Net sales": 338573,
        "Cost of goods sold": 256426,
        "Gross Profit": 82146,
        "Financial expenses": 840,
        "Of which: Interest expense": 840,
        "Cost of sales": 2693,
        "Enterprise cost management": 12394,
        "Total Operating Expenses": 15927,
        "Total revenue financing activities": 4918,
        "Net profit from business activities": 71138,
        "Profit": 6773,
        "Profit before tax": 77910,
        "Present corporate income tax expenses": 7744,
        "Deferred income taxes expenses": "N/A",
        "The interests of minority shareholders": "N/A",
        "Total Cost of profits": 7744,
        "Profit after tax corporate income": 70166,
        "Volume": 29600000,
        "Close of Quarter": 34.9,
        "EPS": 10687,
        "Non-adjusted EPS": 10687,
        "PE": 3.3,
        "Book Price": 27
      }
    }
  ]
}