{
  "ticker": "VTL",
  "data": [
    {
      "quarter": "Q4 2016",
      "income status": {
        "Net sales": 24440,
        "Cost of goods sold": 14530,
        "Gross Profit": 9910,
        "Financial expenses": 1194,
        "Of which: Interest expense": 1194,
        "Cost of sales": 703,
        "Enterprise cost management": 1929,
        "Total Operating Expenses": 3826,
        "Total revenue financing activities": 1,
        "Net profit from business activities": 6084,
        "Profit": -642,
        "Profit before tax": 5442,
        "Present corporate income tax expenses": 17,
        "Deferred income taxes expenses": "N/A",
        "The interests of minority shareholders": "N/A",
        "Total Cost of profits": 17,
        "Profit after tax corporate income": 5425,
        "Volume": 2700000,
        "Close of Quarter": 14.2,
        "EPS": 472.7,
        "Non-adjusted EPS": 709,
        "PE": 20.1,
        "Book Price": 7.1
      }
    },
    {
      "quarter": "Q3 2016",
      "income status": {
        "Net sales": 13026,
        "Cost of goods sold": 12148,
        "Gross Profit": 878,
        "Financial expenses": 1560,
        "Of which: Interest expense": -1134,
        "Cost of sales": 1139,
        "Enterprise cost management": 878,
        "Total Operating Expenses": 3577,
        "Total revenue financing activities": 218,
        "Net profit from business activities": -2481,
        "Profit": 868,
        "Profit before tax": -1613,
        "Present corporate income tax expenses": 2,
        "Deferred income taxes expenses": "N/A",
        "The interests of minority shareholders": "N/A",
        "Total Cost of profits": 2,
        "Profit after tax corporate income": -1615,
        "Volume": 2700000,
        "Close of Quarter": 14.2,
        "EPS": 454,
        "Non-adjusted EPS": 681,
        "PE": 20.9,
        "Book Price": 6
      }
    },
    {
      "quarter": "Q2 2016",
      "income status": {
        "Net sales": 14947,
        "Cost of goods sold": 14257,
        "Gross Profit": 690,
        "Financial expenses": 1433,
        "Of which: Interest expense": 1433,
        "Cost of sales": 724,
        "Enterprise cost management": 1277,
        "Total Operating Expenses": 3434,
        "Total revenue financing activities": 16,
        "Net profit from business activities": -2728,
        "Profit": -8,
        "Profit before tax": -2736,
        "Present corporate income tax expenses": "N/A",
        "Deferred income taxes expenses": "N/A",
        "The interests of minority shareholders": "N/A",
        "Total Cost of profits": 0,
        "Profit after tax corporate income": -2736,
        "Volume": 2700000,
        "Close of Quarter": 20.7,
        "EPS": 257.3,
        "Non-adjusted EPS": 386,
        "PE": 53.7,
        "Book Price": 6.9
      }
    },
    {
      "quarter": "Q1 2016",
      "income status": {
        "Net sales": -3439,
        "Cost of goods sold": -8954,
        "Gross Profit": 5515,
        "Financial expenses": 1498,
        "Of which: Interest expense": 1498,
        "Cost of sales": 2099,
        "Enterprise cost management": 800,
        "Total Operating Expenses": 4397,
        "Total revenue financing activities": 2,
        "Net profit from business activities": 1120,
        "Profit": 3,
        "Profit before tax": 1123,
        "Present corporate income tax expenses": 284,
        "Deferred income taxes expenses": "N/A",
        "The interests of minority shareholders": "N/A",
        "Total Cost of profits": 284,
        "Profit after tax corporate income": 839,
        "Volume": 2700000,
        "Close of Quarter": 23.0,
        "EPS": 692.7,
        "Non-adjusted EPS": 1039,
        "PE": 22.1,
        "Book Price": 7.7
      }
    },
    {
      "quarter": "Q4 2015",
      "income status": {
        "Net sales": 66889,
        "Cost of goods sold": 57277,
        "Gross Profit": 9612,
        "Financial expenses": 1532,
        "Of which: Interest expense": 1532,
        "Cost of sales": 783,
        "Enterprise cost management": 1392,
        "Total Operating Expenses": 3707,
        "Total revenue financing activities": 1,
        "Net profit from business activities": 5906,
        "Profit": "N/A",
        "Profit before tax": 5906,
        "Present corporate income tax expenses": 555,
        "Deferred income taxes expenses": "N/A",
        "The interests of minority shareholders": "N/A",
        "Total Cost of profits": 555,
        "Profit after tax corporate income": 5352,
        "Volume": 2700000,
        "Close of Quarter": 23.0,
        "EPS": 2216.7,
        "Non-adjusted EPS": 3325,
        "PE": 6.9,
        "Book Price": 7.5
      }
    },
    {
      "quarter": "Q3 2015",
      "income status": {
        "Net sales": 6530,
        "Cost of goods sold": 5816,
        "Gross Profit": 715,
        "Financial expenses": 1480,
        "Of which: Interest expense": 1480,
        "Cost of sales": 531,
        "Enterprise cost management": 1662,
        "Total Operating Expenses": 3673,
        "Total revenue financing activities": 47,
        "Net profit from business activities": -2911,
        "Profit": 497,
        "Profit before tax": -2414,
        "Present corporate income tax expenses": "N/A",
        "Deferred income taxes expenses": "N/A",
        "The interests of minority shareholders": "N/A",
        "Total Cost of profits": 0,
        "Profit after tax corporate income": -2414,
        "Volume": 2700000,
        "Close of Quarter": 23.0,
        "EPS": 914.7,
        "Non-adjusted EPS": 1372,
        "PE": 16.7,
        "Book Price": 6.3
      }
    },
    {
      "quarter": "Q2 2015",
      "income status": {
        "Net sales": 13405,
        "Cost of goods sold": 11936,
        "Gross Profit": 1469,
        "Financial expenses": 1280,
        "Of which: Interest expense": 1279,
        "Cost of sales": 438,
        "Enterprise cost management": 1108,
        "Total Operating Expenses": 2826,
        "Total revenue financing activities": 44,
        "Net profit from business activities": -1312,
        "Profit": 340,
        "Profit before tax": -972,
        "Present corporate income tax expenses": "N/A",
        "Deferred income taxes expenses": "N/A",
        "The interests of minority shareholders": "N/A",
        "Total Cost of profits": 0,
        "Profit after tax corporate income": -972,
        "Volume": 2700000,
        "Close of Quarter": 25.3,
        "EPS": 714,
        "Non-adjusted EPS": 1071,
        "PE": 23.6,
        "Book Price": 7.3
      }
    },
    {
      "quarter": "Q1 2015",
      "income status": {
        "Net sales": 40896,
        "Cost of goods sold": 30468,
        "Gross Profit": 10428,
        "Financial expenses": 1385,
        "Of which: Interest expense": 1385,
        "Cost of sales": 1051,
        "Enterprise cost management": 2113,
        "Total Operating Expenses": 4549,
        "Total revenue financing activities": 48,
        "Net profit from business activities": 5928,
        "Profit": 1649,
        "Profit before tax": 7576,
        "Present corporate income tax expenses": 564,
        "Deferred income taxes expenses": "N/A",
        "The interests of minority shareholders": "N/A",
        "Total Cost of profits": 564,
        "Profit after tax corporate income": 7012,
        "Volume": 2700000,
        "Close of Quarter": 14.4,
        "EPS": 470,
        "Non-adjusted EPS": 705,
        "PE": 20.5,
        "Book Price": 7.5
      }
    },
    {
      "quarter": "Q4 2014",
      "income status": {
        "Net sales": 17982,
        "Cost of goods sold": 11403,
        "Gross Profit": 6579,
        "Financial expenses": 2899,
        "Of which: Interest expense": 2899,
        "Cost of sales": 1747,
        "Enterprise cost management": 2073,
        "Total Operating Expenses": 6719,
        "Total revenue financing activities": 45,
        "Net profit from business activities": -95,
        "Profit": 174,
        "Profit before tax": 79,
        "Present corporate income tax expenses": "N/A",
        "Deferred income taxes expenses": "N/A",
        "The interests of minority shareholders": "N/A",
        "Total Cost of profits": 0,
        "Profit after tax corporate income": 79,
        "Volume": 2700000,
        "Close of Quarter": 15.9,
        "EPS": -704,
        "Non-adjusted EPS": -1056,
        "PE": -15.0,
        "Book Price": 5.8
      }
    },
    {
      "quarter": "Q3 2014",
      "income status": {
        "Net sales": 12336,
        "Cost of goods sold": 11459,
        "Gross Profit": 877,
        "Financial expenses": 1700,
        "Of which: Interest expense": 1700,
        "Cost of sales": 858,
        "Enterprise cost management": 1545,
        "Total Operating Expenses": 4103,
        "Total revenue financing activities": 60,
        "Net profit from business activities": -3165,
        "Profit": -62,
        "Profit before tax": -3227,
        "Present corporate income tax expenses": "N/A",
        "Deferred income taxes expenses": "N/A",
        "The interests of minority shareholders": "N/A",
        "Total Cost of profits": 0,
        "Profit after tax corporate income": -3227,
        "Volume": 2700000,
        "Close of Quarter": 17.6,
        "EPS": -708.7,
        "Non-adjusted EPS": -1063,
        "PE": -16.5,
        "Book Price": 5.9
      }
    },
    {
      "quarter": "Q2 2014",
      "income status": {
        "Net sales": 4926,
        "Cost of goods sold": 4500,
        "Gross Profit": 425,
        "Financial expenses": 376,
        "Of which: Interest expense": 376,
        "Cost of sales": 829,
        "Enterprise cost management": 1234,
        "Total Operating Expenses": 2439,
        "Total revenue financing activities": 53,
        "Net profit from business activities": -1961,
        "Profit": "N/A",
        "Profit before tax": -1961,
        "Present corporate income tax expenses": "N/A",
        "Deferred income taxes expenses": "N/A",
        "The interests of minority shareholders": "N/A",
        "Total Cost of profits": 0,
        "Profit after tax corporate income": -1961,
        "Volume": 2700000,
        "Close of Quarter": 16.9,
        "EPS": 90.7,
        "Non-adjusted EPS": 136,
        "PE": 124.3,
        "Book Price": 7
      }
    },
    {
      "quarter": "Q1 2014",
      "income status": {
        "Net sales": 34111,
        "Cost of goods sold": 26361,
        "Gross Profit": 7750,
        "Financial expenses": 2705,
        "Of which: Interest expense": 2706,
        "Cost of sales": 3318,
        "Enterprise cost management": 997,
        "Total Operating Expenses": 7020,
        "Total revenue financing activities": 29,
        "Net profit from business activities": 758,
        "Profit": 1641,
        "Profit before tax": 2399,
        "Present corporate income tax expenses": 140,
        "Deferred income taxes expenses": "N/A",
        "The interests of minority shareholders": "N/A",
        "Total Cost of profits": 140,
        "Profit after tax corporate income": 2259,
        "Volume": 2700000,
        "Close of Quarter": 13.3,
        "EPS": 587.3,
        "Non-adjusted EPS": 881,
        "PE": 15.1,
        "Book Price": 7.5
      }
    },
    {
      "quarter": "Q4 2013",
      "income status": {
        "Net sales": 31908,
        "Cost of goods sold": 19611,
        "Gross Profit": 12298,
        "Financial expenses": 4762,
        "Of which: Interest expense": 4762,
        "Cost of sales": 3449,
        "Enterprise cost management": 4424,
        "Total Operating Expenses": 12635,
        "Total revenue financing activities": 60,
        "Net profit from business activities": -278,
        "Profit": 341,
        "Profit before tax": 63,
        "Present corporate income tax expenses": 4,
        "Deferred income taxes expenses": "N/A",
        "The interests of minority shareholders": "N/A",
        "Total Cost of profits": 4,
        "Profit after tax corporate income": 58,
        "Volume": 2700000,
        "Close of Quarter": 12.5,
        "EPS": 45.3,
        "Non-adjusted EPS": 68,
        "PE": 183.1,
        "Book Price": 7.2
      }
    },
    {
      "quarter": "Q3 2013",
      "income status": {
        "Net sales": 11172,
        "Cost of goods sold": 10255,
        "Gross Profit": 916,
        "Financial expenses": 27,
        "Of which: Interest expense": 27,
        "Cost of sales": 446,
        "Enterprise cost management": 435,
        "Total Operating Expenses": 908,
        "Total revenue financing activities": 34,
        "Net profit from business activities": 41,
        "Profit": -28,
        "Profit before tax": 13,
        "Present corporate income tax expenses": 1,
        "Deferred income taxes expenses": "N/A",
        "The interests of minority shareholders": "N/A",
        "Total Cost of profits": 1,
        "Profit after tax corporate income": 12,
        "Volume": 2700000,
        "Close of Quarter": 12.5,
        "EPS": -554,
        "Non-adjusted EPS": -831,
        "PE": -15.0,
        "Book Price": 7.1
      }
    },
    {
      "quarter": "Q2 2013",
      "income status": {
        "Net sales": 4334,
        "Cost of goods sold": 3867,
        "Gross Profit": 467,
        "Financial expenses": 37,
        "Of which: Interest expense": 37,
        "Cost of sales": 220,
        "Enterprise cost management": 317,
        "Total Operating Expenses": 574,
        "Total revenue financing activities": 26,
        "Net profit from business activities": -82,
        "Profit": 134,
        "Profit before tax": 52,
        "Present corporate income tax expenses": 3,
        "Deferred income taxes expenses": "N/A",
        "The interests of minority shareholders": "N/A",
        "Total Cost of profits": 3,
        "Profit after tax corporate income": 49,
        "Volume": 1800000,
        "Close of Quarter": 18.3,
        "EPS": -546.2,
        "Non-adjusted EPS": -1229,
        "PE": -14.9,
        "Book Price": 7.2
      }
    },
    {
      "quarter": "Q1 2013",
      "income status": {
        "Net sales": 10889,
        "Cost of goods sold": 7669,
        "Gross Profit": 3220,
        "Financial expenses": 465,
        "Of which: Interest expense": 465,
        "Cost of sales": 1196,
        "Enterprise cost management": 1108,
        "Total Operating Expenses": 2769,
        "Total revenue financing activities": 64,
        "Net profit from business activities": 514,
        "Profit": -428,
        "Profit before tax": 86,
        "Present corporate income tax expenses": 22,
        "Deferred income taxes expenses": "N/A",
        "The interests of minority shareholders": "N/A",
        "Total Cost of profits": 22,
        "Profit after tax corporate income": 65,
        "Volume": 1800000,
        "Close of Quarter": 16.6,
        "EPS": -549.8,
        "Non-adjusted EPS": -1237,
        "PE": -13.4,
        "Book Price": 7.9
      }
    },
    {
      "quarter": "Q4 2012",
      "income status": {
        "Net sales": 62382,
        "Cost of goods sold": 51515,
        "Gross Profit": 10867,
        "Financial expenses": 6970,
        "Of which: Interest expense": 6962,
        "Cost of sales": 3762,
        "Enterprise cost management": 3462,
        "Total Operating Expenses": 14194,
        "Total revenue financing activities": 27,
        "Net profit from business activities": -3300,
        "Profit": 930,
        "Profit before tax": -2370,
        "Present corporate income tax expenses": "N/A",
        "Deferred income taxes expenses": "N/A",
        "The interests of minority shareholders": "N/A",
        "Total Cost of profits": 0,
        "Profit after tax corporate income": -2370,
        "Volume": 1800000,
        "Close of Quarter": 17.2,
        "EPS": -436.9,
        "Non-adjusted EPS": -983,
        "PE": -17.5,
        "Book Price": 7.2
      }
    },
    {
      "quarter": "Q3 2012",
      "income status": {
        "Net sales": 14386,
        "Cost of goods sold": 12635,
        "Gross Profit": 1752,
        "Financial expenses": 224,
        "Of which: Interest expense": 230,
        "Cost of sales": 355,
        "Enterprise cost management": 1128,
        "Total Operating Expenses": 1707,
        "Total revenue financing activities": 14,
        "Net profit from business activities": 59,
        "Profit": "N/A",
        "Profit before tax": 59,
        "Present corporate income tax expenses": 15,
        "Deferred income taxes expenses": "N/A",
        "The interests of minority shareholders": "N/A",
        "Total Cost of profits": 15,
        "Profit after tax corporate income": 44,
        "Volume": 1798820,
        "Close of Quarter": 16.3,
        "EPS": 708.0,
        "Non-adjusted EPS": 1594,
        "PE": 10.2,
        "Book Price": 7.9
      }
    },
    {
      "quarter": "Q2 2012",
      "income status": {
        "Net sales": 10949,
        "Cost of goods sold": 9300,
        "Gross Profit": 1649,
        "Financial expenses": 124,
        "Of which: Interest expense": 124,
        "Cost of sales": 572,
        "Enterprise cost management": 908,
        "Total Operating Expenses": 1604,
        "Total revenue financing activities": 20,
        "Net profit from business activities": 64,
        "Profit": -15,
        "Profit before tax": 50,
        "Present corporate income tax expenses": 16,
        "Deferred income taxes expenses": "N/A",
        "The interests of minority shareholders": "N/A",
        "Total Cost of profits": 16,
        "Profit after tax corporate income": 34,
        "Volume": 1798820,
        "Close of Quarter": 17.7,
        "EPS": 714.6,
        "Non-adjusted EPS": 1609,
        "PE": 11.0,
        "Book Price": 8.4
      }
    },
    {
      "quarter": "Q1 2012",
      "income status": {
        "Net sales": 17839,
        "Cost of goods sold": 14130,
        "Gross Profit": 3709,
        "Financial expenses": 472,
        "Of which: Interest expense": 472,
        "Cost of sales": 1944,
        "Enterprise cost management": 756,
        "Total Operating Expenses": 3172,
        "Total revenue financing activities": 42,
        "Net profit from business activities": 579,
        "Profit": "N/A",
        "Profit before tax": 579,
        "Present corporate income tax expenses": 58,
        "Deferred income taxes expenses": "N/A",
        "The interests of minority shareholders": "N/A",
        "Total Cost of profits": 58,
        "Profit after tax corporate income": 522,
        "Volume": 1798820,
        "Close of Quarter": 19.0,
        "EPS": 725.3,
        "Non-adjusted EPS": 1633,
        "PE": 11.7,
        "Book Price": 8.4
      }
    },
    {
      "quarter": "Q4 2011",
      "income status": {
        "Net sales": 38174,
        "Cost of goods sold": 27619,
        "Gross Profit": 10555,
        "Financial expenses": 7572,
        "Of which: Interest expense": 7475,
        "Cost of sales": 1645,
        "Enterprise cost management": 1975,
        "Total Operating Expenses": 11192,
        "Total revenue financing activities": 39,
        "Net profit from business activities": -598,
        "Profit": 3275,
        "Profit before tax": 2676,
        "Present corporate income tax expenses": 409,
        "Deferred income taxes expenses": "N/A",
        "The interests of minority shareholders": "N/A",
        "Total Cost of profits": 409,
        "Profit after tax corporate income": 2267,
        "Volume": 1798820,
        "Close of Quarter": 20.4,
        "EPS": 636.9,
        "Non-adjusted EPS": 1434,
        "PE": 14.2,
        "Book Price": 8.3
      }
    },
    {
      "quarter": "Q3 2011",
      "income status": {
        "Net sales": 21498,
        "Cost of goods sold": 19920,
        "Gross Profit": 1578,
        "Financial expenses": 76,
        "Of which: Interest expense": 70,
        "Cost of sales": 789,
        "Enterprise cost management": 826,
        "Total Operating Expenses": 1691,
        "Total revenue financing activities": 11,
        "Net profit from business activities": -102,
        "Profit": 224,
        "Profit before tax": 122,
        "Present corporate income tax expenses": 51,
        "Deferred income taxes expenses": "N/A",
        "The interests of minority shareholders": "N/A",
        "Total Cost of profits": 51,
        "Profit after tax corporate income": 71,
        "Volume": 1798820,
        "Close of Quarter": 19.9,
        "EPS": 737.7,
        "Non-adjusted EPS": 1661,
        "PE": 12.0,
        "Book Price": 7.9
      }
    },
    {
      "quarter": "Q2 2011",
      "income status": {
        "Net sales": 8596,
        "Cost of goods sold": 6912,
        "Gross Profit": 1684,
        "Financial expenses": 112,
        "Of which: Interest expense": 94,
        "Cost of sales": 650,
        "Enterprise cost management": 924,
        "Total Operating Expenses": 1686,
        "Total revenue financing activities": 112,
        "Net profit from business activities": 110,
        "Profit": 1,
        "Profit before tax": 111,
        "Present corporate income tax expenses": 33,
        "Deferred income taxes expenses": "N/A",
        "The interests of minority shareholders": "N/A",
        "Total Cost of profits": 33,
        "Profit after tax corporate income": 78,
        "Volume": 1798820,
        "Close of Quarter": 20.0,
        "EPS": 766.6,
        "Non-adjusted EPS": 1726,
        "PE": 11.6,
        "Book Price": 7.9
      }
    },
    {
      "quarter": "Q1 2011",
      "income status": {
        "Net sales": 14454,
        "Cost of goods sold": 10039,
        "Gross Profit": 4414,
        "Financial expenses": 1682,
        "Of which: Interest expense": 1666,
        "Cost of sales": 1943,
        "Enterprise cost management": 620,
        "Total Operating Expenses": 4245,
        "Total revenue financing activities": 48,
        "Net profit from business activities": 217,
        "Profit": "N/A",
        "Profit before tax": 217,
        "Present corporate income tax expenses": 54,
        "Deferred income taxes expenses": "N/A",
        "The interests of minority shareholders": "N/A",
        "Total Cost of profits": 54,
        "Profit after tax corporate income": 163,
        "Volume": 1798820,
        "Close of Quarter": 20.9,
        "EPS": 765.3,
        "Non-adjusted EPS": 1723,
        "PE": 12.1,
        "Book Price": 8.4
      }
    }
  ]
}