{
  "ticker": "DPM",
  "data": [
    {
      "quarter": "Q4 2016",
      "income status": {
        "Net sales": 1677837,
        "Cost of goods sold": 1300263,
        "Gross Profit": 377574,
        "Financial expenses": 854,
        "Of which: Interest expense": "N/A",
        "Cost of sales": 182260,
        "Enterprise cost management": 97693,
        "Total Operating Expenses": 280807,
        "Total revenue financing activities": 58294,
        "Net profit from business activities": 156247,
        "Profit": 4667,
        "Profit before tax": 160913,
        "Present corporate income tax expenses": 19935,
        "Deferred income taxes expenses": -1806,
        "The interests of minority shareholders": 4579,
        "Total Cost of profits": 22708,
        "Profit after tax corporate income": 138205,
        "Volume": 388954320,
        "Close of Quarter": 21.4,
        "EPS": 2836,
        "Non-adjusted EPS": 2836,
        "PE": 7.6,
        "Book Price": 21.1
      }
    },
    {
      "quarter": "Q3 2016",
      "income status": {
        "Net sales": 1558399,
        "Cost of goods sold": 1156386,
        "Gross Profit": 402013,
        "Financial expenses": 2408,
        "Of which: Interest expense": 2741,
        "Cost of sales": 129397,
        "Enterprise cost management": 110343,
        "Total Operating Expenses": 242148,
        "Total revenue financing activities": 58439,
        "Net profit from business activities": 218304,
        "Profit": 938,
        "Profit before tax": 219241,
        "Present corporate income tax expenses": 40219,
        "Deferred income taxes expenses": "N/A",
        "The interests of minority shareholders": "N/A",
        "Total Cost of profits": 40219,
        "Profit after tax corporate income": 179022,
        "Volume": 388954320,
        "Close of Quarter": 25.3,
        "EPS": 3278,
        "Non-adjusted EPS": 3278,
        "PE": 7.7,
        "Book Price": 22.4
      }
    },
    {
      "quarter": "Q2 2016",
      "income status": {
        "Net sales": 2432741,
        "Cost of goods sold": 1693261,
        "Gross Profit": 739480,
        "Financial expenses": -4290,
        "Of which: Interest expense": "N/A",
        "Cost of sales": 218514,
        "Enterprise cost management": 117188,
        "Total Operating Expenses": 331412,
        "Total revenue financing activities": 71946,
        "Net profit from business activities": 480585,
        "Profit": 4146,
        "Profit before tax": 484730,
        "Present corporate income tax expenses": 121558,
        "Deferred income taxes expenses": -22982,
        "The interests of minority shareholders": 6907,
        "Total Cost of profits": 105483,
        "Profit after tax corporate income": 379247,
        "Volume": 388954320,
        "Close of Quarter": 24.6,
        "EPS": 3870,
        "Non-adjusted EPS": 3870,
        "PE": 6.4,
        "Book Price": 22.4
      }
    },
    {
      "quarter": "Q1 2016",
      "income status": {
        "Net sales": 1991641,
        "Cost of goods sold": 1202181,
        "Gross Profit": 789459,
        "Financial expenses": 14667,
        "Of which: Interest expense": 1733,
        "Cost of sales": 173650,
        "Enterprise cost management": 153542,
        "Total Operating Expenses": 341859,
        "Total revenue financing activities": 41851,
        "Net profit from business activities": 490297,
        "Profit": 913,
        "Profit before tax": 491209,
        "Present corporate income tax expenses": 72831,
        "Deferred income taxes expenses": 5536,
        "The interests of minority shareholders": 6090,
        "Total Cost of profits": 84457,
        "Profit after tax corporate income": 406753,
        "Volume": 388954320,
        "Close of Quarter": 24.4,
        "EPS": 4848,
        "Non-adjusted EPS": 4848,
        "PE": 5.0,
        "Book Price": 23.1
      }
    },
    {
      "quarter": "Q4 2015",
      "income status": {
        "Net sales": 2367475,
        "Cost of goods sold": 1552189,
        "Gross Profit": 815287,
        "Financial expenses": 880,
        "Of which: Interest expense": 177,
        "Cost of sales": 220331,
        "Enterprise cost management": 228578,
        "Total Operating Expenses": 449789,
        "Total revenue financing activities": 60419,
        "Net profit from business activities": 426934,
        "Profit": 1428,
        "Profit before tax": 428362,
        "Present corporate income tax expenses": 77693,
        "Deferred income taxes expenses": 32422,
        "The interests of minority shareholders": 8439,
        "Total Cost of profits": 118554,
        "Profit after tax corporate income": 309807,
        "Volume": 377554320,
        "Close of Quarter": 24.6,
        "EPS": 3824.5,
        "Non-adjusted EPS": 3940,
        "PE": 6.2,
        "Book Price": 21.9
      }
    },
    {
      "quarter": "Q3 2015",
      "income status": {
        "Net sales": 2269453,
        "Cost of goods sold": 1498554,
        "Gross Profit": 770899,
        "Financial expenses": 3064,
        "Of which: Interest expense": 1036,
        "Cost of sales": 187372,
        "Enterprise cost management": 137075,
        "Total Operating Expenses": 327511,
        "Total revenue financing activities": 66172,
        "Net profit from business activities": 478256,
        "Profit": 21095,
        "Profit before tax": 499351,
        "Present corporate income tax expenses": 86874,
        "Deferred income taxes expenses": -5372,
        "The interests of minority shareholders": 8211,
        "Total Cost of profits": 89713,
        "Profit after tax corporate income": 409638,
        "Volume": 377554320,
        "Close of Quarter": 24.3,
        "EPS": 3437.2,
        "Non-adjusted EPS": 3541,
        "PE": 6.9,
        "Book Price": 24.3
      }
    },
    {
      "quarter": "Q2 2015",
      "income status": {
        "Net sales": 2803948,
        "Cost of goods sold": 2131098,
        "Gross Profit": 672850,
        "Financial expenses": 2131,
        "Of which: Interest expense": 620,
        "Cost of sales": 175661,
        "Enterprise cost management": 108551,
        "Total Operating Expenses": 286343,
        "Total revenue financing activities": 84087,
        "Net profit from business activities": 371192,
        "Profit": 1120,
        "Profit before tax": 372311,
        "Present corporate income tax expenses": 57529,
        "Deferred income taxes expenses": 16468,
        "The interests of minority shareholders": -461118,
        "Total Cost of profits": -387121,
        "Profit after tax corporate income": 759433,
        "Volume": 377554320,
        "Close of Quarter": 23.1,
        "EPS": 3123.7,
        "Non-adjusted EPS": 3218,
        "PE": 7.2,
        "Book Price": 23.3
      }
    },
    {
      "quarter": "Q1 2015",
      "income status": {
        "Net sales": 2324070,
        "Cost of goods sold": 1430583,
        "Gross Profit": 893487,
        "Financial expenses": 952,
        "Of which: Interest expense": 736,
        "Cost of sales": 167622,
        "Enterprise cost management": 122872,
        "Total Operating Expenses": 291446,
        "Total revenue financing activities": 45883,
        "Net profit from business activities": 579340,
        "Profit": 952,
        "Profit before tax": 580292,
        "Present corporate income tax expenses": 87074,
        "Deferred income taxes expenses": 6118,
        "The interests of minority shareholders": 478228,
        "Total Cost of profits": 571420,
        "Profit after tax corporate income": 8873,
        "Volume": 377554320,
        "Close of Quarter": 21.6,
        "EPS": 1863.7,
        "Non-adjusted EPS": 1920,
        "PE": 11.3,
        "Book Price": 24.2
      }
    },
    {
      "quarter": "Q4 2014",
      "income status": {
        "Net sales": 2449779,
        "Cost of goods sold": 1848096,
        "Gross Profit": 601683,
        "Financial expenses": 1349,
        "Of which: Interest expense": 1058,
        "Cost of sales": 175035,
        "Enterprise cost management": 210149,
        "Total Operating Expenses": 386533,
        "Total revenue financing activities": 66520,
        "Net profit from business activities": 186930,
        "Profit": -2164,
        "Profit before tax": 184766,
        "Present corporate income tax expenses": 47966,
        "Deferred income taxes expenses": -30969,
        "The interests of minority shareholders": 8851,
        "Total Cost of profits": 25848,
        "Profit after tax corporate income": 158919,
        "Volume": 377554320,
        "Close of Quarter": 22.8,
        "EPS": 2820.8,
        "Non-adjusted EPS": 2906,
        "PE": 7.9,
        "Book Price": 23.2
      }
    },
    {
      "quarter": "Q3 2014",
      "income status": {
        "Net sales": 2119765,
        "Cost of goods sold": 1610753,
        "Gross Profit": 509012,
        "Financial expenses": 1546,
        "Of which: Interest expense": 628,
        "Cost of sales": 181226,
        "Enterprise cost management": 106453,
        "Total Operating Expenses": 289225,
        "Total revenue financing activities": 194350,
        "Net profit from business activities": 341158,
        "Profit": 2279,
        "Profit before tax": 343437,
        "Present corporate income tax expenses": 47677,
        "Deferred income taxes expenses": "N/A",
        "The interests of minority shareholders": 8113,
        "Total Cost of profits": 55790,
        "Profit after tax corporate income": 287647,
        "Volume": 377554320,
        "Close of Quarter": 22.5,
        "EPS": 3078.1,
        "Non-adjusted EPS": 3171,
        "PE": 7.1,
        "Book Price": 24.3
      }
    },
    {
      "quarter": "Q2 2014",
      "income status": {
        "Net sales": 2476871,
        "Cost of goods sold": 1906804,
        "Gross Profit": 570067,
        "Financial expenses": 1127,
        "Of which: Interest expense": 581,
        "Cost of sales": 192267,
        "Enterprise cost management": 109021,
        "Total Operating Expenses": 302415,
        "Total revenue financing activities": 100224,
        "Net profit from business activities": 319864,
        "Profit": 782,
        "Profit before tax": 320646,
        "Present corporate income tax expenses": 43713,
        "Deferred income taxes expenses": -2743,
        "The interests of minority shareholders": 10219,
        "Total Cost of profits": 51189,
        "Profit after tax corporate income": 269458,
        "Volume": 377554320,
        "Close of Quarter": 22.8,
        "EPS": 3277.1,
        "Non-adjusted EPS": 3376,
        "PE": 6.8,
        "Book Price": 23.7
      }
    },
    {
      "quarter": "Q1 2014",
      "income status": {
        "Net sales": 2502434,
        "Cost of goods sold": 1755443,
        "Gross Profit": 746992,
        "Financial expenses": 801,
        "Of which: Interest expense": 665,
        "Cost of sales": 153077,
        "Enterprise cost management": 144908,
        "Total Operating Expenses": 298786,
        "Total revenue financing activities": 45414,
        "Net profit from business activities": 429061,
        "Profit": 6205,
        "Profit before tax": 435267,
        "Present corporate income tax expenses": 45758,
        "Deferred income taxes expenses": -2802,
        "The interests of minority shareholders": 11000,
        "Total Cost of profits": 53956,
        "Profit after tax corporate income": 381311,
        "Volume": 377554320,
        "Close of Quarter": 28.2,
        "EPS": 4869.0,
        "Non-adjusted EPS": 5016,
        "PE": 5.6,
        "Book Price": 23.0
      }
    },
    {
      "quarter": "Q4 2013",
      "income status": {
        "Net sales": 2361448,
        "Cost of goods sold": 1809500,
        "Gross Profit": 551947,
        "Financial expenses": 92,
        "Of which: Interest expense": 396,
        "Cost of sales": 161280,
        "Enterprise cost management": 178912,
        "Total Operating Expenses": 340284,
        "Total revenue financing activities": 98954,
        "Net profit from business activities": 310617,
        "Profit": 2386,
        "Profit before tax": 299852,
        "Present corporate income tax expenses": 7999,
        "Deferred income taxes expenses": 26407,
        "The interests of minority shareholders": 6723,
        "Total Cost of profits": 41129,
        "Profit after tax corporate income": 258724,
        "Volume": 377554320,
        "Close of Quarter": 27.1,
        "EPS": 5699.9,
        "Non-adjusted EPS": 5872,
        "PE": 4.6,
        "Book Price": 24.0
      }
    },
    {
      "quarter": "Q3 2013",
      "income status": {
        "Net sales": 1902319,
        "Cost of goods sold": 1284623,
        "Gross Profit": 617696,
        "Financial expenses": 2566,
        "Of which: Interest expense": 987,
        "Cost of sales": 162219,
        "Enterprise cost management": 121970,
        "Total Operating Expenses": 286755,
        "Total revenue financing activities": 101892,
        "Net profit from business activities": 432833,
        "Profit": 2297,
        "Profit before tax": 435130,
        "Present corporate income tax expenses": 64017,
        "Deferred income taxes expenses": "N/A",
        "The interests of minority shareholders": 6028,
        "Total Cost of profits": 70045,
        "Profit after tax corporate income": 365085,
        "Volume": 377554320,
        "Close of Quarter": 26.9,
        "EPS": 6380.4,
        "Non-adjusted EPS": 6573,
        "PE": 4.1,
        "Book Price": 25.8
      }
    },
    {
      "quarter": "Q2 2013",
      "income status": {
        "Net sales": 3215921,
        "Cost of goods sold": 2114412,
        "Gross Profit": 1101509,
        "Financial expenses": 4525,
        "Of which: Interest expense": 1479,
        "Cost of sales": 147255,
        "Enterprise cost management": 47437,
        "Total Operating Expenses": 199217,
        "Total revenue financing activities": 150911,
        "Net profit from business activities": 1053203,
        "Profit": 3577,
        "Profit before tax": 1035392,
        "Present corporate income tax expenses": 131666,
        "Deferred income taxes expenses": 4722,
        "The interests of minority shareholders": 10417,
        "Total Cost of profits": 146805,
        "Profit after tax corporate income": 888587,
        "Volume": 377554320,
        "Close of Quarter": 24.6,
        "EPS": 6871.5,
        "Non-adjusted EPS": 7079,
        "PE": 3.5,
        "Book Price": 24.9
      }
    },
    {
      "quarter": "Q1 2013",
      "income status": {
        "Net sales": 2883731,
        "Cost of goods sold": 1802656,
        "Gross Profit": 1081076,
        "Financial expenses": 550,
        "Of which: Interest expense": 435,
        "Cost of sales": 164238,
        "Enterprise cost management": 203595,
        "Total Operating Expenses": 368383,
        "Total revenue financing activities": 76879,
        "Net profit from business activities": 789571,
        "Profit": 4414,
        "Profit before tax": 793986,
        "Present corporate income tax expenses": 82514,
        "Deferred income taxes expenses": -6748,
        "The interests of minority shareholders": 13693,
        "Total Cost of profits": 89459,
        "Profit after tax corporate income": 704526,
        "Volume": 377554320,
        "Close of Quarter": 26.4,
        "EPS": 7196.7,
        "Non-adjusted EPS": 7414,
        "PE": 3.6,
        "Book Price": 25.1
      }
    },
    {
      "quarter": "Q4 2012",
      "income status": {
        "Net sales": 2858729,
        "Cost of goods sold": 1955653,
        "Gross Profit": 903077,
        "Financial expenses": 2523,
        "Of which: Interest expense": 519,
        "Cost of sales": 198022,
        "Enterprise cost management": 272232,
        "Total Operating Expenses": 472777,
        "Total revenue financing activities": 189309,
        "Net profit from business activities": 619609,
        "Profit": 9181,
        "Profit before tax": 593914,
        "Present corporate income tax expenses": 100485,
        "Deferred income taxes expenses": -39188,
        "The interests of minority shareholders": 8972,
        "Total Cost of profits": 70269,
        "Profit after tax corporate income": 523644,
        "Volume": 377554320,
        "Close of Quarter": 21.1,
        "EPS": 7761.6,
        "Non-adjusted EPS": 7996,
        "PE": 2.6,
        "Book Price": 23.0
      }
    },
    {
      "quarter": "Q3 2012",
      "income status": {
        "Net sales": 3374100,
        "Cost of goods sold": 2416764,
        "Gross Profit": 957336,
        "Financial expenses": 2806,
        "Of which: Interest expense": 544,
        "Cost of sales": 173082,
        "Enterprise cost management": 122569,
        "Total Operating Expenses": 298457,
        "Total revenue financing activities": 70817,
        "Net profit from business activities": 729696,
        "Profit": 3927,
        "Profit before tax": 728917,
        "Present corporate income tax expenses": 160453,
        "Deferred income taxes expenses": "N/A",
        "The interests of minority shareholders": 12646,
        "Total Cost of profits": 173099,
        "Profit after tax corporate income": 555817,
        "Volume": 377554320,
        "Close of Quarter": 20.9,
        "EPS": 8591.6,
        "Non-adjusted EPS": 8851,
        "PE": 2.4,
        "Book Price": 22.7
      }
    },
    {
      "quarter": "Q2 2012",
      "income status": {
        "Net sales": 4360052,
        "Cost of goods sold": 3062572,
        "Gross Profit": 1297480,
        "Financial expenses": 1105,
        "Of which: Interest expense": 304,
        "Cost of sales": 149713,
        "Enterprise cost management": 140859,
        "Total Operating Expenses": 291677,
        "Total revenue financing activities": 163158,
        "Net profit from business activities": 1168961,
        "Profit": 218,
        "Profit before tax": 1164889,
        "Present corporate income tax expenses": 134732,
        "Deferred income taxes expenses": -1661,
        "The interests of minority shareholders": 16779,
        "Total Cost of profits": 149850,
        "Profit after tax corporate income": 1015038,
        "Volume": 377554320,
        "Close of Quarter": 18.9,
        "EPS": 9251.7,
        "Non-adjusted EPS": 9531,
        "PE": 2.0,
        "Book Price": 22.7
      }
    },
    {
      "quarter": "Q1 2012",
      "income status": {
        "Net sales": 2728970,
        "Cost of goods sold": 1562378,
        "Gross Profit": 1166593,
        "Financial expenses": 569,
        "Of which: Interest expense": 181,
        "Cost of sales": 116302,
        "Enterprise cost management": 138311,
        "Total Operating Expenses": 255182,
        "Total revenue financing activities": 145063,
        "Net profit from business activities": 1056473,
        "Profit": 1681,
        "Profit before tax": 1056490,
        "Present corporate income tax expenses": 119476,
        "Deferred income taxes expenses": 104,
        "The interests of minority shareholders": 12399,
        "Total Cost of profits": 131979,
        "Profit after tax corporate income": 924512,
        "Volume": 377554320,
        "Close of Quarter": 14.9,
        "EPS": 8753.7,
        "Non-adjusted EPS": 9018,
        "PE": 1.7,
        "Book Price": 22.9
      }
    },
    {
      "quarter": "Q4 2011",
      "income status": {
        "Net sales": 2377353,
        "Cost of goods sold": 1171764,
        "Gross Profit": 1205589,
        "Financial expenses": 26502,
        "Of which: Interest expense": 8764,
        "Cost of sales": 207867,
        "Enterprise cost management": 216631,
        "Total Operating Expenses": 451000,
        "Total revenue financing activities": 187840,
        "Net profit from business activities": 942429,
        "Profit": -149,
        "Profit before tax": 939846,
        "Present corporate income tax expenses": 86378,
        "Deferred income taxes expenses": 5246,
        "The interests of minority shareholders": 1884,
        "Total Cost of profits": 93508,
        "Profit after tax corporate income": 846338,
        "Volume": 377644200,
        "Close of Quarter": 12.2,
        "EPS": 7977.1,
        "Non-adjusted EPS": 8216,
        "PE": 1.5,
        "Book Price": 21.4
      }
    },
    {
      "quarter": "Q3 2011",
      "income status": {
        "Net sales": 2312688,
        "Cost of goods sold": 1273979,
        "Gross Profit": 1038709,
        "Financial expenses": 4008,
        "Of which: Interest expense": 3484,
        "Cost of sales": 109056,
        "Enterprise cost management": 106738,
        "Total Operating Expenses": 219802,
        "Total revenue financing activities": 83607,
        "Net profit from business activities": 902514,
        "Profit": 2552,
        "Profit before tax": 907499,
        "Present corporate income tax expenses": 91977,
        "Deferred income taxes expenses": -3572,
        "The interests of minority shareholders": 6630,
        "Total Cost of profits": 95035,
        "Profit after tax corporate income": 812464,
        "Volume": 377644200,
        "Close of Quarter": 16.5,
        "EPS": 7035.3,
        "Non-adjusted EPS": 7246,
        "PE": 2.3,
        "Book Price": 20.1
      }
    },
    {
      "quarter": "Q2 2011",
      "income status": {
        "Net sales": 2504455,
        "Cost of goods sold": 1564011,
        "Gross Profit": 940444,
        "Financial expenses": -2452,
        "Of which: Interest expense": 6113,
        "Cost of sales": 88906,
        "Enterprise cost management": 95994,
        "Total Operating Expenses": 182448,
        "Total revenue financing activities": 170921,
        "Net profit from business activities": 928917,
        "Profit": 1371,
        "Profit before tax": 937500,
        "Present corporate income tax expenses": 107613,
        "Deferred income taxes expenses": -592,
        "The interests of minority shareholders": 9079,
        "Total Cost of profits": 116100,
        "Profit after tax corporate income": 821400,
        "Volume": 377647740,
        "Close of Quarter": 16.2,
        "EPS": 5772.2,
        "Non-adjusted EPS": 5945,
        "PE": 2.7,
        "Book Price": 18.4
      }
    },
    {
      "quarter": "Q1 2011",
      "income status": {
        "Net sales": 2032037,
        "Cost of goods sold": 1181501,
        "Gross Profit": 850537,
        "Financial expenses": 45979,
        "Of which: Interest expense": 9539,
        "Cost of sales": 87008,
        "Enterprise cost management": 83644,
        "Total Operating Expenses": 216631,
        "Total revenue financing activities": 84311,
        "Net profit from business activities": 718217,
        "Profit": 3483,
        "Profit before tax": 724286,
        "Present corporate income tax expenses": 82559,
        "Deferred income taxes expenses": 434,
        "The interests of minority shareholders": 18622,
        "Total Cost of profits": 101615,
        "Profit after tax corporate income": 622671,
        "Volume": 377647740,
        "Close of Quarter": 17.0,
        "EPS": 4966.3,
        "Non-adjusted EPS": 5115,
        "PE": 3.3,
        "Book Price": 17.2
      }
    }
  ]
}