{
  "ticker": "VAF",
  "data": [
    {
      "quarter": "Q4 2016",
      "income status": {
        "Net sales": 27299,
        "Cost of goods sold": 4271,
        "Gross Profit": 23028,
        "Financial expenses": 624,
        "Of which: Interest expense": "N/A",
        "Cost of sales": 14759,
        "Enterprise cost management": 2992,
        "Total Operating Expenses": 18375,
        "Total revenue financing activities": 4014,
        "Net profit from business activities": 8668,
        "Profit": -3548,
        "Profit before tax": 5119,
        "Present corporate income tax expenses": -1222,
        "Deferred income taxes expenses": 2245,
        "The interests of minority shareholders": "N/A",
        "Total Cost of profits": 1023,
        "Profit after tax corporate income": 4096,
        "Volume": 37665348,
        "Close of Quarter": 12.7,
        "EPS": 1173,
        "Non-adjusted EPS": 1173,
        "PE": 10.8,
        "Book Price": 12.4
      }
    },
    {
      "quarter": "Q3 2016",
      "income status": {
        "Net sales": 238056,
        "Cost of goods sold": 195987,
        "Gross Profit": 42069,
        "Financial expenses": 101,
        "Of which: Interest expense": "N/A",
        "Cost of sales": 32221,
        "Enterprise cost management": 4643,
        "Total Operating Expenses": 36965,
        "Total revenue financing activities": 2357,
        "Net profit from business activities": 7461,
        "Profit": -29,
        "Profit before tax": 7432,
        "Present corporate income tax expenses": 1486,
        "Deferred income taxes expenses": "N/A",
        "The interests of minority shareholders": "N/A",
        "Total Cost of profits": 1486,
        "Profit after tax corporate income": 5946,
        "Volume": 37665348,
        "Close of Quarter": 12.1,
        "EPS": 1311,
        "Non-adjusted EPS": 1311,
        "PE": 9.2,
        "Book Price": 12.2
      }
    },
    {
      "quarter": "Q2 2016",
      "income status": {
        "Net sales": 245417,
        "Cost of goods sold": 159333,
        "Gross Profit": 86084,
        "Financial expenses": 279,
        "Of which: Interest expense": "N/A",
        "Cost of sales": 68673,
        "Enterprise cost management": 8291,
        "Total Operating Expenses": 77243,
        "Total revenue financing activities": 4142,
        "Net profit from business activities": 12983,
        "Profit": 4635,
        "Profit before tax": 17618,
        "Present corporate income tax expenses": 3524,
        "Deferred income taxes expenses": "N/A",
        "The interests of minority shareholders": "N/A",
        "Total Cost of profits": 3524,
        "Profit after tax corporate income": 14094,
        "Volume": 28973457,
        "Close of Quarter": 12.9,
        "EPS": 1485.4,
        "Non-adjusted EPS": 1931,
        "PE": 6.7,
        "Book Price": 12.1
      }
    },
    {
      "quarter": "Q1 2016",
      "income status": {
        "Net sales": 396837,
        "Cost of goods sold": 329467,
        "Gross Profit": 67370,
        "Financial expenses": 762,
        "Of which: Interest expense": "N/A",
        "Cost of sales": 36732,
        "Enterprise cost management": 6459,
        "Total Operating Expenses": 43953,
        "Total revenue financing activities": 1559,
        "Net profit from business activities": 24977,
        "Profit": 85,
        "Profit before tax": 25061,
        "Present corporate income tax expenses": 5012,
        "Deferred income taxes expenses": "N/A",
        "The interests of minority shareholders": "N/A",
        "Total Cost of profits": 5012,
        "Profit after tax corporate income": 20049,
        "Volume": 28973457,
        "Close of Quarter": 13.0,
        "EPS": 1680.0,
        "Non-adjusted EPS": 2184,
        "PE": 5.9,
        "Book Price": 13
      }
    },
    {
      "quarter": "Q4 2015",
      "income status": {
        "Net sales": 61394,
        "Cost of goods sold": 44893,
        "Gross Profit": 16501,
        "Financial expenses": 810,
        "Of which: Interest expense": "N/A",
        "Cost of sales": 7272,
        "Enterprise cost management": 1887,
        "Total Operating Expenses": 9969,
        "Total revenue financing activities": 4766,
        "Net profit from business activities": 11298,
        "Profit": 613,
        "Profit before tax": 11911,
        "Present corporate income tax expenses": 1839,
        "Deferred income taxes expenses": 782,
        "The interests of minority shareholders": "N/A",
        "Total Cost of profits": 2621,
        "Profit after tax corporate income": 9291,
        "Volume": 28973457,
        "Close of Quarter": 12.9,
        "EPS": 1730.8,
        "Non-adjusted EPS": 2250,
        "PE": 5.7,
        "Book Price": 12.5
      }
    },
    {
      "quarter": "Q3 2015",
      "income status": {
        "Net sales": 191659,
        "Cost of goods sold": 145440,
        "Gross Profit": 46219,
        "Financial expenses": 213,
        "Of which: Interest expense": "N/A",
        "Cost of sales": 28351,
        "Enterprise cost management": 3189,
        "Total Operating Expenses": 31753,
        "Total revenue financing activities": 1442,
        "Net profit from business activities": 15908,
        "Profit": 118,
        "Profit before tax": 16026,
        "Present corporate income tax expenses": 3526,
        "Deferred income taxes expenses": "N/A",
        "The interests of minority shareholders": "N/A",
        "Total Cost of profits": 3526,
        "Profit after tax corporate income": 12500,
        "Volume": 28973457,
        "Close of Quarter": 10.8,
        "EPS": 2191.6,
        "Non-adjusted EPS": 2849,
        "PE": 3.8,
        "Book Price": 12.2
      }
    },
    {
      "quarter": "Q2 2015",
      "income status": {
        "Net sales": 298906,
        "Cost of goods sold": 193543,
        "Gross Profit": 105363,
        "Financial expenses": 250,
        "Of which: Interest expense": "N/A",
        "Cost of sales": 71569,
        "Enterprise cost management": 10157,
        "Total Operating Expenses": 81976,
        "Total revenue financing activities": 3467,
        "Net profit from business activities": 26854,
        "Profit": 636,
        "Profit before tax": 27490,
        "Present corporate income tax expenses": 6048,
        "Deferred income taxes expenses": "N/A",
        "The interests of minority shareholders": "N/A",
        "Total Cost of profits": 6048,
        "Profit after tax corporate income": 21442,
        "Volume": 28973457,
        "Close of Quarter": 10.5,
        "EPS": 2227.7,
        "Non-adjusted EPS": 2896,
        "PE": 3.6,
        "Book Price": 11.9
      }
    },
    {
      "quarter": "Q1 2015",
      "income status": {
        "Net sales": 404841,
        "Cost of goods sold": 338153,
        "Gross Profit": 66689,
        "Financial expenses": 712,
        "Of which: Interest expense": "N/A",
        "Cost of sales": 34934,
        "Enterprise cost management": 4822,
        "Total Operating Expenses": 40468,
        "Total revenue financing activities": 1355,
        "Net profit from business activities": 27577,
        "Profit": 573,
        "Profit before tax": 28150,
        "Present corporate income tax expenses": 6193,
        "Deferred income taxes expenses": "N/A",
        "The interests of minority shareholders": "N/A",
        "Total Cost of profits": 6193,
        "Profit after tax corporate income": 21957,
        "Volume": 28973457,
        "Close of Quarter": "N/A",
        "EPS": 2240.0,
        "Non-adjusted EPS": 2912,
        "PE": "N/A",
        "Book Price": 12.7
      }
    },
    {
      "quarter": "Q4 2014",
      "income status": {
        "Net sales": 32316,
        "Cost of goods sold": -3585,
        "Gross Profit": 35901,
        "Financial expenses": 1257,
        "Of which: Interest expense": "N/A",
        "Cost of sales": 15629,
        "Enterprise cost management": 10256,
        "Total Operating Expenses": 27142,
        "Total revenue financing activities": 5368,
        "Net profit from business activities": 14127,
        "Profit": 20038,
        "Profit before tax": 34165,
        "Present corporate income tax expenses": 6497,
        "Deferred income taxes expenses": 1019,
        "The interests of minority shareholders": "N/A",
        "Total Cost of profits": 7516,
        "Profit after tax corporate income": 26649,
        "Volume": 28973457,
        "Close of Quarter": "N/A",
        "EPS": 1657.7,
        "Non-adjusted EPS": 2155,
        "PE": "N/A",
        "Book Price": 12.2
      }
    },
    {
      "quarter": "Q3 2014",
      "income status": {
        "Net sales": 229430,
        "Cost of goods sold": 188343,
        "Gross Profit": 41087,
        "Financial expenses": 382,
        "Of which: Interest expense": "N/A",
        "Cost of sales": 27816,
        "Enterprise cost management": 1664,
        "Total Operating Expenses": 29862,
        "Total revenue financing activities": 5635,
        "Net profit from business activities": 16861,
        "Profit": 898,
        "Profit before tax": 17758,
        "Present corporate income tax expenses": 3907,
        "Deferred income taxes expenses": "N/A",
        "The interests of minority shareholders": "N/A",
        "Total Cost of profits": 3907,
        "Profit after tax corporate income": 13852,
        "Volume": 28973457,
        "Close of Quarter": "N/A",
        "EPS": 950,
        "Non-adjusted EPS": 1235,
        "PE": "N/A",
        "Book Price": 11.4
      }
    },
    {
      "quarter": "Q2 2014",
      "income status": {
        "Net sales": 227879,
        "Cost of goods sold": 149976,
        "Gross Profit": 77902,
        "Financial expenses": 746,
        "Of which: Interest expense": "N/A",
        "Cost of sales": 50972,
        "Enterprise cost management": 3832,
        "Total Operating Expenses": 55550,
        "Total revenue financing activities": 5318,
        "Net profit from business activities": 27670,
        "Profit": 438,
        "Profit before tax": 28108,
        "Present corporate income tax expenses": 6184,
        "Deferred income taxes expenses": "N/A",
        "The interests of minority shareholders": "N/A",
        "Total Cost of profits": 6184,
        "Profit after tax corporate income": 21924,
        "Volume": 28973457,
        "Close of Quarter": "N/A",
        "EPS": 582.3,
        "Non-adjusted EPS": 757,
        "PE": "N/A",
        "Book Price": 11
      }
    }
  ]
}