{
  "ticker": "PVG",
  "data": [
    {
      "quarter": "Q4 2016",
      "income status": {
        "Net sales": 699228,
        "Cost of goods sold": 572783,
        "Gross Profit": 126445,
        "Financial expenses": 5179,
        "Of which: Interest expense": 5170,
        "Cost of sales": 98530,
        "Enterprise cost management": 17727,
        "Total Operating Expenses": 121436,
        "Total revenue financing activities": 1122,
        "Net profit from business activities": 6130,
        "Profit": -3,
        "Profit before tax": 6128,
        "Present corporate income tax expenses": 545,
        "Deferred income taxes expenses": "N/A",
        "The interests of minority shareholders": "N/A",
        "Total Cost of profits": 545,
        "Profit after tax corporate income": 5582,
        "Volume": 27719850,
        "Close of Quarter": 6.9,
        "EPS": 516,
        "Non-adjusted EPS": 516,
        "PE": 13.4,
        "Book Price": 14.3
      }
    },
    {
      "quarter": "Q3 2016",
      "income status": {
        "Net sales": 632599,
        "Cost of goods sold": 504630,
        "Gross Profit": 127969,
        "Financial expenses": 4368,
        "Of which: Interest expense": "N/A",
        "Cost of sales": 106814,
        "Enterprise cost management": 18700,
        "Total Operating Expenses": 129882,
        "Total revenue financing activities": 345,
        "Net profit from business activities": -1567,
        "Profit": "N/A",
        "Profit before tax": -1567,
        "Present corporate income tax expenses": 454,
        "Deferred income taxes expenses": "N/A",
        "The interests of minority shareholders": "N/A",
        "Total Cost of profits": 454,
        "Profit after tax corporate income": -2021,
        "Volume": 27719850,
        "Close of Quarter": 7.6,
        "EPS": 251,
        "Non-adjusted EPS": 251,
        "PE": 30.3,
        "Book Price": 14.1
      }
    },
    {
      "quarter": "Q2 2016",
      "income status": {
        "Net sales": 593663,
        "Cost of goods sold": 559797,
        "Gross Profit": 33866,
        "Financial expenses": 1172,
        "Of which: Interest expense": 5688,
        "Cost of sales": 32319,
        "Enterprise cost management": 60,
        "Total Operating Expenses": 33551,
        "Total revenue financing activities": 4399,
        "Net profit from business activities": 4713,
        "Profit": 128,
        "Profit before tax": 4841,
        "Present corporate income tax expenses": -652,
        "Deferred income taxes expenses": "N/A",
        "The interests of minority shareholders": "N/A",
        "Total Cost of profits": -652,
        "Profit after tax corporate income": 5494,
        "Volume": 27719850,
        "Close of Quarter": 7.8,
        "EPS": 555,
        "Non-adjusted EPS": 555,
        "PE": 14.1,
        "Book Price": 14.1
      }
    },
    {
      "quarter": "Q1 2016",
      "income status": {
        "Net sales": 600962,
        "Cost of goods sold": 512328,
        "Gross Profit": 88634,
        "Financial expenses": 4643,
        "Of which: Interest expense": "N/A",
        "Cost of sales": 62253,
        "Enterprise cost management": 16286,
        "Total Operating Expenses": 83182,
        "Total revenue financing activities": 855,
        "Net profit from business activities": 6307,
        "Profit": -109,
        "Profit before tax": 6198,
        "Present corporate income tax expenses": 949,
        "Deferred income taxes expenses": "N/A",
        "The interests of minority shareholders": "N/A",
        "Total Cost of profits": 949,
        "Profit after tax corporate income": 5249,
        "Volume": 27719850,
        "Close of Quarter": 7.4,
        "EPS": 754,
        "Non-adjusted EPS": 754,
        "PE": 9.8,
        "Book Price": 14.7
      }
    },
    {
      "quarter": "Q4 2015",
      "income status": {
        "Net sales": 732753,
        "Cost of goods sold": 649698,
        "Gross Profit": 83056,
        "Financial expenses": 981,
        "Of which: Interest expense": "N/A",
        "Cost of sales": 60420,
        "Enterprise cost management": 23836,
        "Total Operating Expenses": 85237,
        "Total revenue financing activities": 672,
        "Net profit from business activities": -1510,
        "Profit": -253,
        "Profit before tax": -1762,
        "Present corporate income tax expenses": "N/A",
        "Deferred income taxes expenses": "N/A",
        "The interests of minority shareholders": "N/A",
        "Total Cost of profits": 0,
        "Profit after tax corporate income": -1762,
        "Volume": 27719850,
        "Close of Quarter": 7.5,
        "EPS": 704,
        "Non-adjusted EPS": 704,
        "PE": 10.7,
        "Book Price": 14.7
      }
    },
    {
      "quarter": "Q3 2015",
      "income status": {
        "Net sales": 598137,
        "Cost of goods sold": 529313,
        "Gross Profit": 68823,
        "Financial expenses": 2377,
        "Of which: Interest expense": 1427,
        "Cost of sales": 52823,
        "Enterprise cost management": 6315,
        "Total Operating Expenses": 61515,
        "Total revenue financing activities": 676,
        "Net profit from business activities": 7984,
        "Profit": 337,
        "Profit before tax": 8321,
        "Present corporate income tax expenses": 1908,
        "Deferred income taxes expenses": "N/A",
        "The interests of minority shareholders": "N/A",
        "Total Cost of profits": 1908,
        "Profit after tax corporate income": 6413,
        "Volume": 27719850,
        "Close of Quarter": 8.3,
        "EPS": 842,
        "Non-adjusted EPS": 842,
        "PE": 9.9,
        "Book Price": 14.5
      }
    },
    {
      "quarter": "Q2 2015",
      "income status": {
        "Net sales": 634372,
        "Cost of goods sold": 556469,
        "Gross Profit": 77903,
        "Financial expenses": 3689,
        "Of which: Interest expense": 2723,
        "Cost of sales": 38029,
        "Enterprise cost management": 20596,
        "Total Operating Expenses": 62314,
        "Total revenue financing activities": -1794,
        "Net profit from business activities": 13796,
        "Profit": 358,
        "Profit before tax": 14154,
        "Present corporate income tax expenses": 2976,
        "Deferred income taxes expenses": "N/A",
        "The interests of minority shareholders": 187,
        "Total Cost of profits": 3163,
        "Profit after tax corporate income": 10991,
        "Volume": 27719850,
        "Close of Quarter": 9.5,
        "EPS": 806,
        "Non-adjusted EPS": 806,
        "PE": 11.8,
        "Book Price": 14.2
      }
    },
    {
      "quarter": "Q1 2015",
      "income status": {
        "Net sales": 770332,
        "Cost of goods sold": 699300,
        "Gross Profit": 71032,
        "Financial expenses": 4774,
        "Of which: Interest expense": 4774,
        "Cost of sales": 49952,
        "Enterprise cost management": 15965,
        "Total Operating Expenses": 70691,
        "Total revenue financing activities": 4519,
        "Net profit from business activities": 4860,
        "Profit": 266,
        "Profit before tax": 5126,
        "Present corporate income tax expenses": 1249,
        "Deferred income taxes expenses": "N/A",
        "The interests of minority shareholders": "N/A",
        "Total Cost of profits": 1249,
        "Profit after tax corporate income": 3877,
        "Volume": 27719850,
        "Close of Quarter": 7.8,
        "EPS": 854,
        "Non-adjusted EPS": 854,
        "PE": 9.1,
        "Book Price": 13.8
      }
    },
    {
      "quarter": "Q4 2014",
      "income status": {
        "Net sales": 989059,
        "Cost of goods sold": 916210,
        "Gross Profit": 72849,
        "Financial expenses": 2864,
        "Of which: Interest expense": 2864,
        "Cost of sales": 47683,
        "Enterprise cost management": 23291,
        "Total Operating Expenses": 73838,
        "Total revenue financing activities": 2307,
        "Net profit from business activities": 1318,
        "Profit": 61,
        "Profit before tax": 1379,
        "Present corporate income tax expenses": -669,
        "Deferred income taxes expenses": "N/A",
        "The interests of minority shareholders": "N/A",
        "Total Cost of profits": -669,
        "Profit after tax corporate income": 2048,
        "Volume": 27719850,
        "Close of Quarter": 8.7,
        "EPS": -61,
        "Non-adjusted EPS": -61,
        "PE": -142.6,
        "Book Price": 13.7
      }
    },
    {
      "quarter": "Q3 2014",
      "income status": {
        "Net sales": 1415101,
        "Cost of goods sold": 1348736,
        "Gross Profit": 66364,
        "Financial expenses": 3690,
        "Of which: Interest expense": "N/A",
        "Cost of sales": 47127,
        "Enterprise cost management": 12816,
        "Total Operating Expenses": 63633,
        "Total revenue financing activities": 1875,
        "Net profit from business activities": 4607,
        "Profit": 1970,
        "Profit before tax": 6577,
        "Present corporate income tax expenses": 1147,
        "Deferred income taxes expenses": "N/A",
        "The interests of minority shareholders": "N/A",
        "Total Cost of profits": 1147,
        "Profit after tax corporate income": 5430,
        "Volume": 27719850,
        "Close of Quarter": 11.7,
        "EPS": 318,
        "Non-adjusted EPS": 318,
        "PE": 36.7,
        "Book Price": 13.7
      }
    },
    {
      "quarter": "Q2 2014",
      "income status": {
        "Net sales": 1054291,
        "Cost of goods sold": 978559,
        "Gross Profit": 75733,
        "Financial expenses": 3622,
        "Of which: Interest expense": 3092,
        "Cost of sales": 46207,
        "Enterprise cost management": 13443,
        "Total Operating Expenses": 63272,
        "Total revenue financing activities": 1101,
        "Net profit from business activities": 13563,
        "Profit": 195,
        "Profit before tax": 13758,
        "Present corporate income tax expenses": 1475,
        "Deferred income taxes expenses": "N/A",
        "The interests of minority shareholders": -21,
        "Total Cost of profits": 1454,
        "Profit after tax corporate income": 12304,
        "Volume": 27719850,
        "Close of Quarter": 10.3,
        "EPS": 239,
        "Non-adjusted EPS": 239,
        "PE": 43.0,
        "Book Price": 13.5
      }
    },
    {
      "quarter": "Q1 2014",
      "income status": {
        "Net sales": 1044755,
        "Cost of goods sold": 1006032,
        "Gross Profit": 38723,
        "Financial expenses": 4853,
        "Of which: Interest expense": 4399,
        "Cost of sales": 43960,
        "Enterprise cost management": 12117,
        "Total Operating Expenses": 60930,
        "Total revenue financing activities": 511,
        "Net profit from business activities": -21695,
        "Profit": 232,
        "Profit before tax": -21463,
        "Present corporate income tax expenses": "N/A",
        "Deferred income taxes expenses": "N/A",
        "The interests of minority shareholders": "N/A",
        "Total Cost of profits": 0,
        "Profit after tax corporate income": -21463,
        "Volume": 27719850,
        "Close of Quarter": 12.8,
        "EPS": 42,
        "Non-adjusted EPS": 42,
        "PE": 304.5,
        "Book Price": 14.1
      }
    },
    {
      "quarter": "Q4 2013",
      "income status": {
        "Net sales": 1289427,
        "Cost of goods sold": 1211218,
        "Gross Profit": 78209,
        "Financial expenses": 5108,
        "Of which: Interest expense": 4357,
        "Cost of sales": 46553,
        "Enterprise cost management": 15964,
        "Total Operating Expenses": 67625,
        "Total revenue financing activities": 4128,
        "Net profit from business activities": 14712,
        "Profit": 1568,
        "Profit before tax": 16280,
        "Present corporate income tax expenses": 3729,
        "Deferred income taxes expenses": "N/A",
        "The interests of minority shareholders": "N/A",
        "Total Cost of profits": 3729,
        "Profit after tax corporate income": 12551,
        "Volume": 27719850,
        "Close of Quarter": 11.4,
        "EPS": 1075,
        "Non-adjusted EPS": 1075,
        "PE": 10.6,
        "Book Price": 14.8
      }
    },
    {
      "quarter": "Q3 2013",
      "income status": {
        "Net sales": 910187,
        "Cost of goods sold": 852571,
        "Gross Profit": 57616,
        "Financial expenses": 1051,
        "Of which: Interest expense": "N/A",
        "Cost of sales": 41512,
        "Enterprise cost management": 11311,
        "Total Operating Expenses": 53874,
        "Total revenue financing activities": 534,
        "Net profit from business activities": 4275,
        "Profit": 717,
        "Profit before tax": 4993,
        "Present corporate income tax expenses": 1756,
        "Deferred income taxes expenses": "N/A",
        "The interests of minority shareholders": "N/A",
        "Total Cost of profits": 1756,
        "Profit after tax corporate income": 3236,
        "Volume": 27719850,
        "Close of Quarter": 7.4,
        "EPS": 1073,
        "Non-adjusted EPS": 1073,
        "PE": 6.9,
        "Book Price": 14.5
      }
    },
    {
      "quarter": "Q2 2013",
      "income status": {
        "Net sales": 872799,
        "Cost of goods sold": 801737,
        "Gross Profit": 71062,
        "Financial expenses": 9988,
        "Of which: Interest expense": 5363,
        "Cost of sales": 42928,
        "Enterprise cost management": 11383,
        "Total Operating Expenses": 64299,
        "Total revenue financing activities": 2135,
        "Net profit from business activities": 8899,
        "Profit": 557,
        "Profit before tax": 9456,
        "Present corporate income tax expenses": 2483,
        "Deferred income taxes expenses": "N/A",
        "The interests of minority shareholders": 136,
        "Total Cost of profits": 2619,
        "Profit after tax corporate income": 6836,
        "Volume": 27719850,
        "Close of Quarter": 7.4,
        "EPS": 1448,
        "Non-adjusted EPS": 1448,
        "PE": 5.1,
        "Book Price": 14.3
      }
    },
    {
      "quarter": "Q1 2013",
      "income status": {
        "Net sales": 1011892,
        "Cost of goods sold": 941556,
        "Gross Profit": 70336,
        "Financial expenses": 5868,
        "Of which: Interest expense": 5525,
        "Cost of sales": 42598,
        "Enterprise cost management": 13453,
        "Total Operating Expenses": 61919,
        "Total revenue financing activities": 815,
        "Net profit from business activities": 9232,
        "Profit": 40,
        "Profit before tax": 9273,
        "Present corporate income tax expenses": 2107,
        "Deferred income taxes expenses": "N/A",
        "The interests of minority shareholders": "N/A",
        "Total Cost of profits": 2107,
        "Profit after tax corporate income": 7165,
        "Volume": 27719850,
        "Close of Quarter": 6.7,
        "EPS": 1010,
        "Non-adjusted EPS": 1010,
        "PE": 6.7,
        "Book Price": 15
      }
    },
    {
      "quarter": "Q4 2012",
      "income status": {
        "Net sales": 1063010,
        "Cost of goods sold": 993595,
        "Gross Profit": 69415,
        "Financial expenses": 1361,
        "Of which: Interest expense": 1361,
        "Cost of sales": 41198,
        "Enterprise cost management": 15936,
        "Total Operating Expenses": 58495,
        "Total revenue financing activities": 1764,
        "Net profit from business activities": 12684,
        "Profit": 2579,
        "Profit before tax": 15262,
        "Present corporate income tax expenses": 5475,
        "Deferred income taxes expenses": "N/A",
        "The interests of minority shareholders": "N/A",
        "Total Cost of profits": 5475,
        "Profit after tax corporate income": 12510,
        "Volume": 27719850,
        "Close of Quarter": 6.4,
        "EPS": 1103,
        "Non-adjusted EPS": 1103,
        "PE": 5.8,
        "Book Price": 14.8
      }
    },
    {
      "quarter": "Q3 2012",
      "income status": {
        "Net sales": 814427,
        "Cost of goods sold": 734545,
        "Gross Profit": 79881,
        "Financial expenses": 6187,
        "Of which: Interest expense": 5588,
        "Cost of sales": 43062,
        "Enterprise cost management": 13284,
        "Total Operating Expenses": 62533,
        "Total revenue financing activities": 1513,
        "Net profit from business activities": 18862,
        "Profit": 952,
        "Profit before tax": 19814,
        "Present corporate income tax expenses": 6177,
        "Deferred income taxes expenses": "N/A",
        "The interests of minority shareholders": "N/A",
        "Total Cost of profits": 6177,
        "Profit after tax corporate income": 13638,
        "Volume": 27719850,
        "Close of Quarter": 6.8,
        "EPS": 1095,
        "Non-adjusted EPS": 1095,
        "PE": 6.3,
        "Book Price": 14.6
      }
    },
    {
      "quarter": "Q2 2012",
      "income status": {
        "Net sales": 1042654,
        "Cost of goods sold": 1006883,
        "Gross Profit": 35771,
        "Financial expenses": 7605,
        "Of which: Interest expense": 14528,
        "Cost of sales": 32967,
        "Enterprise cost management": 10599,
        "Total Operating Expenses": 51171,
        "Total revenue financing activities": 5230,
        "Net profit from business activities": -10170,
        "Profit": 3585,
        "Profit before tax": -6585,
        "Present corporate income tax expenses": -1326,
        "Deferred income taxes expenses": "N/A",
        "The interests of minority shareholders": 56,
        "Total Cost of profits": -1270,
        "Profit after tax corporate income": -5315,
        "Volume": 27719850,
        "Close of Quarter": 8.7,
        "EPS": 1080,
        "Non-adjusted EPS": 1080,
        "PE": 8.0,
        "Book Price": 14
      }
    },
    {
      "quarter": "Q1 2012",
      "income status": {
        "Net sales": 1372765,
        "Cost of goods sold": 1305054,
        "Gross Profit": 67710,
        "Financial expenses": 7666,
        "Of which: Interest expense": "N/A",
        "Cost of sales": 38347,
        "Enterprise cost management": 12550,
        "Total Operating Expenses": 58563,
        "Total revenue financing activities": 2841,
        "Net profit from business activities": 11989,
        "Profit": 111,
        "Profit before tax": 12100,
        "Present corporate income tax expenses": 2371,
        "Deferred income taxes expenses": "N/A",
        "The interests of minority shareholders": "N/A",
        "Total Cost of profits": 2371,
        "Profit after tax corporate income": 9729,
        "Volume": 27719850,
        "Close of Quarter": 8.7,
        "EPS": 1553,
        "Non-adjusted EPS": 1553,
        "PE": 5.6,
        "Book Price": 15.5
      }
    },
    {
      "quarter": "Q4 2011",
      "income status": {
        "Net sales": 1239442,
        "Cost of goods sold": 1168188,
        "Gross Profit": 71254,
        "Financial expenses": 6676,
        "Of which: Interest expense": "N/A",
        "Cost of sales": 39125,
        "Enterprise cost management": 14986,
        "Total Operating Expenses": 60787,
        "Total revenue financing activities": 5048,
        "Net profit from business activities": 15515,
        "Profit": 2189,
        "Profit before tax": 17704,
        "Present corporate income tax expenses": 5394,
        "Deferred income taxes expenses": "N/A",
        "The interests of minority shareholders": "N/A",
        "Total Cost of profits": 5394,
        "Profit after tax corporate income": 12309,
        "Volume": 27719850,
        "Close of Quarter": 6.9,
        "EPS": 5367,
        "Non-adjusted EPS": 5367,
        "PE": 1.3,
        "Book Price": 15.5
      }
    },
    {
      "quarter": "Q3 2011",
      "income status": {
        "Net sales": 858153,
        "Cost of goods sold": 814998,
        "Gross Profit": 43156,
        "Financial expenses": 683,
        "Of which: Interest expense": "N/A",
        "Cost of sales": 21294,
        "Enterprise cost management": 9665,
        "Total Operating Expenses": 31642,
        "Total revenue financing activities": 4697,
        "Net profit from business activities": 16210,
        "Profit": 661,
        "Profit before tax": 181422,
        "Present corporate income tax expenses": 3661,
        "Deferred income taxes expenses": "N/A",
        "The interests of minority shareholders": "N/A",
        "Total Cost of profits": 3661,
        "Profit after tax corporate income": 13210,
        "Volume": 27719850,
        "Close of Quarter": 9.6,
        "EPS": 5381,
        "Non-adjusted EPS": 5381,
        "PE": 1.8,
        "Book Price": 14.9
      }
    },
    {
      "quarter": "Q2 2011",
      "income status": {
        "Net sales": 1019300,
        "Cost of goods sold": 976314,
        "Gross Profit": 42986,
        "Financial expenses": 6102,
        "Of which: Interest expense": 5993,
        "Cost of sales": 32210,
        "Enterprise cost management": 12909,
        "Total Operating Expenses": 51221,
        "Total revenue financing activities": 18054,
        "Net profit from business activities": 9819,
        "Profit": 632,
        "Profit before tax": 10451,
        "Present corporate income tax expenses": 2652,
        "Deferred income taxes expenses": "N/A",
        "The interests of minority shareholders": "N/A",
        "Total Cost of profits": 2652,
        "Profit after tax corporate income": 7798,
        "Volume": 27719850,
        "Close of Quarter": 8.8,
        "EPS": 5198,
        "Non-adjusted EPS": 5198,
        "PE": 1.7,
        "Book Price": 14.4
      }
    },
    {
      "quarter": "Q1 2011",
      "income status": {
        "Net sales": 878733,
        "Cost of goods sold": 818901,
        "Gross Profit": 59832,
        "Financial expenses": 22989,
        "Of which: Interest expense": "N/A",
        "Cost of sales": 46336,
        "Enterprise cost management": 12529,
        "Total Operating Expenses": 81854,
        "Total revenue financing activities": 175947,
        "Net profit from business activities": 153926,
        "Profit": 35,
        "Profit before tax": 153961,
        "Present corporate income tax expenses": 38493,
        "Deferred income taxes expenses": "N/A",
        "The interests of minority shareholders": "N/A",
        "Total Cost of profits": 38493,
        "Profit after tax corporate income": 115468,
        "Volume": 27719850,
        "Close of Quarter": 10.2,
        "EPS": 5058,
        "Non-adjusted EPS": 5058,
        "PE": 2.0,
        "Book Price": 15.6
      }
    }
  ]
}