{
  "ticker": "TCM",
  "data": [
    {
      "quarter": "Q4 2016",
      "income status": {
        "Net sales": 762991,
        "Cost of goods sold": 646116,
        "Gross Profit": 116876,
        "Financial expenses": 28142,
        "Of which: Interest expense": 10763,
        "Cost of sales": 23802,
        "Enterprise cost management": 33977,
        "Total Operating Expenses": 85921,
        "Total revenue financing activities": 7324,
        "Net profit from business activities": 38520,
        "Profit": -8682,
        "Profit before tax": 29838,
        "Present corporate income tax expenses": 8458,
        "Deferred income taxes expenses": -3640,
        "The interests of minority shareholders": 188,
        "Total Cost of profits": 5006,
        "Profit after tax corporate income": 24832,
        "Volume": 49099501,
        "Close of Quarter": 13.6,
        "EPS": 2328,
        "Non-adjusted EPS": 2328,
        "PE": 5.8,
        "Book Price": 18.6
      }
    },
    {
      "quarter": "Q3 2016",
      "income status": {
        "Net sales": 790224,
        "Cost of goods sold": 673352,
        "Gross Profit": 116871,
        "Financial expenses": 16215,
        "Of which: Interest expense": 9008,
        "Cost of sales": 23112,
        "Enterprise cost management": 37191,
        "Total Operating Expenses": 76518,
        "Total revenue financing activities": 3203,
        "Net profit from business activities": 44483,
        "Profit": 2326,
        "Profit before tax": 46809,
        "Present corporate income tax expenses": 6929,
        "Deferred income taxes expenses": "N/A",
        "The interests of minority shareholders": 213,
        "Total Cost of profits": 7142,
        "Profit after tax corporate income": 39667,
        "Volume": 49099501,
        "Close of Quarter": 17.0,
        "EPS": 2264,
        "Non-adjusted EPS": 2264,
        "PE": 7.5,
        "Book Price": 18.1
      }
    },
    {
      "quarter": "Q2 2016",
      "income status": {
        "Net sales": 777924,
        "Cost of goods sold": 680474,
        "Gross Profit": 97450,
        "Financial expenses": 6678,
        "Of which: Interest expense": 9127,
        "Cost of sales": 27519,
        "Enterprise cost management": 40471,
        "Total Operating Expenses": 74668,
        "Total revenue financing activities": 7219,
        "Net profit from business activities": 29955,
        "Profit": 641,
        "Profit before tax": 30596,
        "Present corporate income tax expenses": 4997,
        "Deferred income taxes expenses": -2297,
        "The interests of minority shareholders": 170,
        "Total Cost of profits": 2870,
        "Profit after tax corporate income": 27726,
        "Volume": 49099501,
        "Close of Quarter": 23.0,
        "EPS": 2380,
        "Non-adjusted EPS": 2380,
        "PE": 9.7,
        "Book Price": 17.3
      }
    },
    {
      "quarter": "Q1 2016",
      "income status": {
        "Net sales": 739465,
        "Cost of goods sold": 651568,
        "Gross Profit": 87897,
        "Financial expenses": 16586,
        "Of which: Interest expense": 8755,
        "Cost of sales": 22340,
        "Enterprise cost management": 32049,
        "Total Operating Expenses": 70975,
        "Total revenue financing activities": 8350,
        "Net profit from business activities": 26724,
        "Profit": -690,
        "Profit before tax": 26033,
        "Present corporate income tax expenses": 3790,
        "Deferred income taxes expenses": "N/A",
        "The interests of minority shareholders": 178,
        "Total Cost of profits": 3968,
        "Profit after tax corporate income": 22065,
        "Volume": 49099501,
        "Close of Quarter": 25.7,
        "EPS": 2893,
        "Non-adjusted EPS": 2893,
        "PE": 8.9,
        "Book Price": 18.2
      }
    },
    {
      "quarter": "Q4 2015",
      "income status": {
        "Net sales": 647608,
        "Cost of goods sold": 555978,
        "Gross Profit": 91630,
        "Financial expenses": 22860,
        "Of which: Interest expense": 8358,
        "Cost of sales": 23535,
        "Enterprise cost management": 31790,
        "Total Operating Expenses": 78185,
        "Total revenue financing activities": 6042,
        "Net profit from business activities": 22548,
        "Profit": 767,
        "Profit before tax": 23315,
        "Present corporate income tax expenses": 1498,
        "Deferred income taxes expenses": -22,
        "The interests of minority shareholders": 139,
        "Total Cost of profits": 1615,
        "Profit after tax corporate income": 21700,
        "Volume": 49099501,
        "Close of Quarter": 27.6,
        "EPS": 3127,
        "Non-adjusted EPS": 3127,
        "PE": 8.8,
        "Book Price": 18.2
      }
    },
    {
      "quarter": "Q3 2015",
      "income status": {
        "Net sales": 805489,
        "Cost of goods sold": 686014,
        "Gross Profit": 119475,
        "Financial expenses": 30819,
        "Of which: Interest expense": 7526,
        "Cost of sales": 20975,
        "Enterprise cost management": 33386,
        "Total Operating Expenses": 85180,
        "Total revenue financing activities": 10348,
        "Net profit from business activities": 46605,
        "Profit": 2860,
        "Profit before tax": 49465,
        "Present corporate income tax expenses": 3926,
        "Deferred income taxes expenses": -2,
        "The interests of minority shareholders": 183,
        "Total Cost of profits": 4107,
        "Profit after tax corporate income": 45358,
        "Volume": 49099501,
        "Close of Quarter": 32.9,
        "EPS": 3470,
        "Non-adjusted EPS": 3470,
        "PE": 9.5,
        "Book Price": 17.8
      }
    },
    {
      "quarter": "Q2 2015",
      "income status": {
        "Net sales": 729663,
        "Cost of goods sold": 601966,
        "Gross Profit": 127697,
        "Financial expenses": 20221,
        "Of which: Interest expense": 5899,
        "Cost of sales": 23841,
        "Enterprise cost management": 31259,
        "Total Operating Expenses": 75321,
        "Total revenue financing activities": 5463,
        "Net profit from business activities": 57376,
        "Profit": 724,
        "Profit before tax": 58101,
        "Present corporate income tax expenses": 5128,
        "Deferred income taxes expenses": -20,
        "The interests of minority shareholders": 48,
        "Total Cost of profits": 5156,
        "Profit after tax corporate income": 52945,
        "Volume": 49099501,
        "Close of Quarter": 30.5,
        "EPS": 3479,
        "Non-adjusted EPS": 3479,
        "PE": 8.8,
        "Book Price": 16.9
      }
    },
    {
      "quarter": "Q1 2015",
      "income status": {
        "Net sales": 609136,
        "Cost of goods sold": 521516,
        "Gross Profit": 87621,
        "Financial expenses": 12983,
        "Of which: Interest expense": 5600,
        "Cost of sales": 17543,
        "Enterprise cost management": 24754,
        "Total Operating Expenses": 55280,
        "Total revenue financing activities": 2278,
        "Net profit from business activities": 35552,
        "Profit": 525,
        "Profit before tax": 36077,
        "Present corporate income tax expenses": 2711,
        "Deferred income taxes expenses": "N/A",
        "The interests of minority shareholders": -160,
        "Total Cost of profits": 2551,
        "Profit after tax corporate income": 33527,
        "Volume": 49099501,
        "Close of Quarter": 28.1,
        "EPS": 3352,
        "Non-adjusted EPS": 3352,
        "PE": 8.4,
        "Book Price": 17.2
      }
    },
    {
      "quarter": "Q4 2014",
      "income status": {
        "Net sales": 640076,
        "Cost of goods sold": 558198,
        "Gross Profit": 81878,
        "Financial expenses": 6673,
        "Of which: Interest expense": 5700,
        "Cost of sales": 19927,
        "Enterprise cost management": 25582,
        "Total Operating Expenses": 52182,
        "Total revenue financing activities": 4764,
        "Net profit from business activities": 35886,
        "Profit": 5740,
        "Profit before tax": 41627,
        "Present corporate income tax expenses": 2777,
        "Deferred income taxes expenses": 58,
        "The interests of minority shareholders": 236,
        "Total Cost of profits": 3071,
        "Profit after tax corporate income": 38555,
        "Volume": 49099501,
        "Close of Quarter": 28.1,
        "EPS": 3430,
        "Non-adjusted EPS": 3430,
        "PE": 8.2,
        "Book Price": 16.6
      }
    },
    {
      "quarter": "Q3 2014",
      "income status": {
        "Net sales": 625399,
        "Cost of goods sold": 522533,
        "Gross Profit": 102867,
        "Financial expenses": 15095,
        "Of which: Interest expense": 6622,
        "Cost of sales": 16750,
        "Enterprise cost management": 25254,
        "Total Operating Expenses": 57099,
        "Total revenue financing activities": 4019,
        "Net profit from business activities": 50876,
        "Profit": -694,
        "Profit before tax": 50182,
        "Present corporate income tax expenses": 4297,
        "Deferred income taxes expenses": "N/A",
        "The interests of minority shareholders": 82,
        "Total Cost of profits": 4379,
        "Profit after tax corporate income": 45803,
        "Volume": 49099501,
        "Close of Quarter": 29.8,
        "EPS": 3233,
        "Non-adjusted EPS": 3233,
        "PE": 9.2,
        "Book Price": 16.4
      }
    },
    {
      "quarter": "Q2 2014",
      "income status": {
        "Net sales": 663595,
        "Cost of goods sold": 564469,
        "Gross Profit": 99126,
        "Financial expenses": 10806,
        "Of which: Interest expense": 7008,
        "Cost of sales": 17367,
        "Enterprise cost management": 25917,
        "Total Operating Expenses": 54090,
        "Total revenue financing activities": 3338,
        "Net profit from business activities": 47885,
        "Profit": 1502,
        "Profit before tax": 49387,
        "Present corporate income tax expenses": 3230,
        "Deferred income taxes expenses": -356,
        "The interests of minority shareholders": -182,
        "Total Cost of profits": 2692,
        "Profit after tax corporate income": 46696,
        "Volume": 49099501,
        "Close of Quarter": 23.7,
        "EPS": 3051,
        "Non-adjusted EPS": 3051,
        "PE": 7.8,
        "Book Price": 15.4
      }
    },
    {
      "quarter": "Q1 2014",
      "income status": {
        "Net sales": 642340,
        "Cost of goods sold": 549954,
        "Gross Profit": 92386,
        "Financial expenses": 14096,
        "Of which: Interest expense": 7636,
        "Cost of sales": 14586,
        "Enterprise cost management": 25415,
        "Total Operating Expenses": 54097,
        "Total revenue financing activities": 1294,
        "Net profit from business activities": 40559,
        "Profit": -53,
        "Profit before tax": 40506,
        "Present corporate income tax expenses": 3336,
        "Deferred income taxes expenses": "N/A",
        "The interests of minority shareholders": -175,
        "Total Cost of profits": 3161,
        "Profit after tax corporate income": 37346,
        "Volume": 49099501,
        "Close of Quarter": 23.1,
        "EPS": 2816,
        "Non-adjusted EPS": 2816,
        "PE": 8.2,
        "Book Price": 15.5
      }
    },
    {
      "quarter": "Q4 2013",
      "income status": {
        "Net sales": 645384,
        "Cost of goods sold": 566266,
        "Gross Profit": 79118,
        "Financial expenses": 4324,
        "Of which: Interest expense": 8459,
        "Cost of sales": 18845,
        "Enterprise cost management": 29967,
        "Total Operating Expenses": 53136,
        "Total revenue financing activities": 4517,
        "Net profit from business activities": 30500,
        "Profit": 439,
        "Profit before tax": 31656,
        "Present corporate income tax expenses": 2787,
        "Deferred income taxes expenses": -277,
        "The interests of minority shareholders": 260,
        "Total Cost of profits": 2770,
        "Profit after tax corporate income": 28886,
        "Volume": 49099501,
        "Close of Quarter": 17.1,
        "EPS": 2516,
        "Non-adjusted EPS": 2516,
        "PE": 6.8,
        "Book Price": 15
      }
    },
    {
      "quarter": "Q3 2013",
      "income status": {
        "Net sales": 709277,
        "Cost of goods sold": 612892,
        "Gross Profit": 96385,
        "Financial expenses": 19721,
        "Of which: Interest expense": 11040,
        "Cost of sales": 19211,
        "Enterprise cost management": 23777,
        "Total Operating Expenses": 62709,
        "Total revenue financing activities": 3855,
        "Net profit from business activities": 37531,
        "Profit": 1446,
        "Profit before tax": 39936,
        "Present corporate income tax expenses": 2960,
        "Deferred income taxes expenses": "N/A",
        "The interests of minority shareholders": 100,
        "Total Cost of profits": 3060,
        "Profit after tax corporate income": 36876,
        "Volume": 44637036,
        "Close of Quarter": 13.4,
        "EPS": 1528.2,
        "Non-adjusted EPS": 1681,
        "PE": 8.0,
        "Book Price": 13.7
      }
    },
    {
      "quarter": "Q2 2013",
      "income status": {
        "Net sales": 653675,
        "Cost of goods sold": 551833,
        "Gross Profit": 101841,
        "Financial expenses": 26588,
        "Of which: Interest expense": 12810,
        "Cost of sales": 15114,
        "Enterprise cost management": 23677,
        "Total Operating Expenses": 65379,
        "Total revenue financing activities": 2939,
        "Net profit from business activities": 39402,
        "Profit": -4,
        "Profit before tax": 40251,
        "Present corporate income tax expenses": 2955,
        "Deferred income taxes expenses": 2225,
        "The interests of minority shareholders": -61,
        "Total Cost of profits": 5119,
        "Profit after tax corporate income": 35132,
        "Volume": 44637036,
        "Close of Quarter": 9.8,
        "EPS": 760.0,
        "Non-adjusted EPS": 836,
        "PE": 11.8,
        "Book Price": 12.9
      }
    },
    {
      "quarter": "Q1 2013",
      "income status": {
        "Net sales": 546082,
        "Cost of goods sold": 477892,
        "Gross Profit": 68190,
        "Financial expenses": 15527,
        "Of which: Interest expense": 12057,
        "Cost of sales": 12190,
        "Enterprise cost management": 21442,
        "Total Operating Expenses": 49159,
        "Total revenue financing activities": 1512,
        "Net profit from business activities": 20544,
        "Profit": 1104,
        "Profit before tax": 22628,
        "Present corporate income tax expenses": 2,
        "Deferred income taxes expenses": "N/A",
        "The interests of minority shareholders": 1,
        "Total Cost of profits": 3,
        "Profit after tax corporate income": 22626,
        "Volume": 44637036,
        "Close of Quarter": 5.4,
        "EPS": 336.4,
        "Non-adjusted EPS": 370,
        "PE": 14.7,
        "Book Price": 13.1
      }
    },
    {
      "quarter": "Q4 2012",
      "income status": {
        "Net sales": 516039,
        "Cost of goods sold": 486304,
        "Gross Profit": 29736,
        "Financial expenses": 16463,
        "Of which: Interest expense": 13639,
        "Cost of sales": 14901,
        "Enterprise cost management": 25114,
        "Total Operating Expenses": 56478,
        "Total revenue financing activities": 4599,
        "Net profit from business activities": -22144,
        "Profit": 435,
        "Profit before tax": -21524,
        "Present corporate income tax expenses": "N/A",
        "Deferred income taxes expenses": -2302,
        "The interests of minority shareholders": 389,
        "Total Cost of profits": -1913,
        "Profit after tax corporate income": -19611,
        "Volume": 44637036,
        "Close of Quarter": 4.4,
        "EPS": -410.9,
        "Non-adjusted EPS": -452,
        "PE": -9.7,
        "Book Price": 12.7
      }
    },
    {
      "quarter": "Q3 2012",
      "income status": {
        "Net sales": 520525,
        "Cost of goods sold": 477269,
        "Gross Profit": 43256,
        "Financial expenses": 15395,
        "Of which: Interest expense": 14016,
        "Cost of sales": 13354,
        "Enterprise cost management": 19369,
        "Total Operating Expenses": 48118,
        "Total revenue financing activities": 1556,
        "Net profit from business activities": -3306,
        "Profit": 1547,
        "Profit before tax": -1030,
        "Present corporate income tax expenses": -488,
        "Deferred income taxes expenses": "N/A",
        "The interests of minority shareholders": 296,
        "Total Cost of profits": -192,
        "Profit after tax corporate income": -838,
        "Volume": 44637036,
        "Close of Quarter": 4.2,
        "EPS": -362.7,
        "Non-adjusted EPS": -399,
        "PE": -10.5,
        "Book Price": 13.1
      }
    },
    {
      "quarter": "Q2 2012",
      "income status": {
        "Net sales": 708478,
        "Cost of goods sold": 643979,
        "Gross Profit": 64499,
        "Financial expenses": 15899,
        "Of which: Interest expense": 14525,
        "Cost of sales": 17875,
        "Enterprise cost management": 21875,
        "Total Operating Expenses": 55649,
        "Total revenue financing activities": 3760,
        "Net profit from business activities": 12611,
        "Profit": 1711,
        "Profit before tax": 16011,
        "Present corporate income tax expenses": 488,
        "Deferred income taxes expenses": 759,
        "The interests of minority shareholders": 412,
        "Total Cost of profits": 1659,
        "Profit after tax corporate income": 14351,
        "Volume": 44637036,
        "Close of Quarter": 5.9,
        "EPS": -313.6,
        "Non-adjusted EPS": -345,
        "PE": -17.1,
        "Book Price": 13.2
      }
    },
    {
      "quarter": "Q1 2012",
      "income status": {
        "Net sales": 538459,
        "Cost of goods sold": 508511,
        "Gross Profit": 29948,
        "Financial expenses": 19141,
        "Of which: Interest expense": 15678,
        "Cost of sales": 10361,
        "Enterprise cost management": 20114,
        "Total Operating Expenses": 49616,
        "Total revenue financing activities": 2603,
        "Net profit from business activities": -17065,
        "Profit": 1305,
        "Profit before tax": -13885,
        "Present corporate income tax expenses": "N/A",
        "Deferred income taxes expenses": "N/A",
        "The interests of minority shareholders": 176,
        "Total Cost of profits": 176,
        "Profit after tax corporate income": -14061,
        "Volume": 44637036,
        "Close of Quarter": 6.5,
        "EPS": 505.5,
        "Non-adjusted EPS": 556,
        "PE": 11.6,
        "Book Price": 14.5
      }
    },
    {
      "quarter": "Q4 2011",
      "income status": {
        "Net sales": 478452,
        "Cost of goods sold": 450457,
        "Gross Profit": 27995,
        "Financial expenses": 36841,
        "Of which: Interest expense": 19768,
        "Cost of sales": 13764,
        "Enterprise cost management": 22525,
        "Total Operating Expenses": 73130,
        "Total revenue financing activities": 8430,
        "Net profit from business activities": -36705,
        "Profit": 2166,
        "Profit before tax": -32533,
        "Present corporate income tax expenses": -16292,
        "Deferred income taxes expenses": 478,
        "The interests of minority shareholders": 564,
        "Total Cost of profits": -15250,
        "Profit after tax corporate income": -17284,
        "Volume": 44637036,
        "Close of Quarter": 5.3,
        "EPS": 2282.8,
        "Non-adjusted EPS": 2511,
        "PE": 2.1,
        "Book Price": 14.7
      }
    },
    {
      "quarter": "Q3 2011",
      "income status": {
        "Net sales": 509448,
        "Cost of goods sold": 460309,
        "Gross Profit": 49139,
        "Financial expenses": 17712,
        "Of which: Interest expense": 15790,
        "Cost of sales": 9908,
        "Enterprise cost management": 23972,
        "Total Operating Expenses": 51592,
        "Total revenue financing activities": 3224,
        "Net profit from business activities": 771,
        "Profit": -1133,
        "Profit before tax": 1895,
        "Present corporate income tax expenses": "N/A",
        "Deferred income taxes expenses": "N/A",
        "The interests of minority shareholders": 294,
        "Total Cost of profits": 294,
        "Profit after tax corporate income": 1601,
        "Volume": 44637036,
        "Close of Quarter": 8.7,
        "EPS": 4111.9,
        "Non-adjusted EPS": 4523,
        "PE": 1.9,
        "Book Price": 15.1
      }
    },
    {
      "quarter": "Q2 2011",
      "income status": {
        "Net sales": 576117,
        "Cost of goods sold": 447897,
        "Gross Profit": 128220,
        "Financial expenses": 19658,
        "Of which: Interest expense": 16360,
        "Cost of sales": 14741,
        "Enterprise cost management": 24674,
        "Total Operating Expenses": 59073,
        "Total revenue financing activities": -7990,
        "Net profit from business activities": 61158,
        "Profit": 1552,
        "Profit before tax": 64875,
        "Present corporate income tax expenses": 8879,
        "Deferred income taxes expenses": 1346,
        "The interests of minority shareholders": 98,
        "Total Cost of profits": 10323,
        "Profit after tax corporate income": 54552,
        "Volume": 44637036,
        "Close of Quarter": 7.7,
        "EPS": 4978.3,
        "Non-adjusted EPS": 5476,
        "PE": 1.4,
        "Book Price": 15.1
      }
    },
    {
      "quarter": "Q1 2011",
      "income status": {
        "Net sales": 630757,
        "Cost of goods sold": 478747,
        "Gross Profit": 152009,
        "Financial expenses": 64057,
        "Of which: Interest expense": 15636,
        "Cost of sales": 11080,
        "Enterprise cost management": 18895,
        "Total Operating Expenses": 94032,
        "Total revenue financing activities": 25867,
        "Net profit from business activities": 83843,
        "Profit": 264,
        "Profit before tax": 83700,
        "Present corporate income tax expenses": 10040,
        "Deferred income taxes expenses": 532,
        "The interests of minority shareholders": -81,
        "Total Cost of profits": 10491,
        "Profit after tax corporate income": 73209,
        "Volume": 44637036,
        "Close of Quarter": 9.4,
        "EPS": 4347.4,
        "Non-adjusted EPS": 4782,
        "PE": 2.0,
        "Book Price": 15.6
      }
    }
  ]
}