{
  "ticker": "TV2",
  "data": [
    {
      "quarter": "Q4 2016",
      "income status": {
        "Net sales": 777753,
        "Cost of goods sold": 651828,
        "Gross Profit": 125925,
        "Financial expenses": 8637,
        "Of which: Interest expense": 965,
        "Cost of sales": 33692,
        "Enterprise cost management": 32897,
        "Total Operating Expenses": 75226,
        "Total revenue financing activities": 8692,
        "Net profit from business activities": 59391,
        "Profit": 289,
        "Profit before tax": 59680,
        "Present corporate income tax expenses": 24032,
        "Deferred income taxes expenses": -12168,
        "The interests of minority shareholders": "N/A",
        "Total Cost of profits": 11864,
        "Profit after tax corporate income": 47815,
        "Volume": 5098764,
        "Close of Quarter": 172.2,
        "EPS": 19539,
        "Non-adjusted EPS": 19539,
        "PE": 8.8,
        "Book Price": 59.4
      }
    },
    {
      "quarter": "Q3 2016",
      "income status": {
        "Net sales": 484745,
        "Cost of goods sold": 405472,
        "Gross Profit": 79272,
        "Financial expenses": 715,
        "Of which: Interest expense": 679,
        "Cost of sales": 22391,
        "Enterprise cost management": 16398,
        "Total Operating Expenses": 39504,
        "Total revenue financing activities": 5430,
        "Net profit from business activities": 45199,
        "Profit": 474,
        "Profit before tax": 45673,
        "Present corporate income tax expenses": 9163,
        "Deferred income taxes expenses": "N/A",
        "The interests of minority shareholders": "N/A",
        "Total Cost of profits": 9163,
        "Profit after tax corporate income": 36510,
        "Volume": 5098764,
        "Close of Quarter": 107.3,
        "EPS": 16816,
        "Non-adjusted EPS": 16816,
        "PE": 6.4,
        "Book Price": 49
      }
    },
    {
      "quarter": "Q2 2016",
      "income status": {
        "Net sales": 223411,
        "Cost of goods sold": 199091,
        "Gross Profit": 24320,
        "Financial expenses": 812,
        "Of which: Interest expense": 808,
        "Cost of sales": 9790,
        "Enterprise cost management": 7636,
        "Total Operating Expenses": 18238,
        "Total revenue financing activities": 7403,
        "Net profit from business activities": 13485,
        "Profit": 521,
        "Profit before tax": 14006,
        "Present corporate income tax expenses": 2852,
        "Deferred income taxes expenses": "N/A",
        "The interests of minority shareholders": "N/A",
        "Total Cost of profits": 2852,
        "Profit after tax corporate income": 11154,
        "Volume": 4439000,
        "Close of Quarter": 83.1,
        "EPS": 11575.5,
        "Non-adjusted EPS": 13296,
        "PE": 6.3,
        "Book Price": 41.8
      }
    },
    {
      "quarter": "Q1 2016",
      "income status": {
        "Net sales": 160670,
        "Cost of goods sold": 141736,
        "Gross Profit": 18933,
        "Financial expenses": 4000,
        "Of which: Interest expense": 650,
        "Cost of sales": 1573,
        "Enterprise cost management": 10109,
        "Total Operating Expenses": 15682,
        "Total revenue financing activities": 2903,
        "Net profit from business activities": 6155,
        "Profit": -105,
        "Profit before tax": 6050,
        "Present corporate income tax expenses": 1904,
        "Deferred income taxes expenses": "N/A",
        "The interests of minority shareholders": "N/A",
        "Total Cost of profits": 1904,
        "Profit after tax corporate income": 4145,
        "Volume": 4439000,
        "Close of Quarter": 56.6,
        "EPS": 11077.6,
        "Non-adjusted EPS": 12724,
        "PE": 4.5,
        "Book Price": 32.0
      }
    },
    {
      "quarter": "Q4 2015",
      "income status": {
        "Net sales": 434211,
        "Cost of goods sold": 347726,
        "Gross Profit": 86485,
        "Financial expenses": -68,
        "Of which: Interest expense": 680,
        "Cost of sales": 20963,
        "Enterprise cost management": 25749,
        "Total Operating Expenses": 46644,
        "Total revenue financing activities": 1823,
        "Net profit from business activities": 41663,
        "Profit": 2612,
        "Profit before tax": 44275,
        "Present corporate income tax expenses": 16579,
        "Deferred income taxes expenses": -6236,
        "The interests of minority shareholders": "N/A",
        "Total Cost of profits": 10343,
        "Profit after tax corporate income": 33932,
        "Volume": 4439000,
        "Close of Quarter": 36.3,
        "EPS": 11190.7,
        "Non-adjusted EPS": 12854,
        "PE": 2.8,
        "Book Price": 33.3
      }
    },
    {
      "quarter": "Q3 2015",
      "income status": {
        "Net sales": 108627,
        "Cost of goods sold": 81291,
        "Gross Profit": 27336,
        "Financial expenses": 1164,
        "Of which: Interest expense": 386,
        "Cost of sales": -193,
        "Enterprise cost management": 17851,
        "Total Operating Expenses": 18822,
        "Total revenue financing activities": 3961,
        "Net profit from business activities": 12475,
        "Profit": -222,
        "Profit before tax": 12253,
        "Present corporate income tax expenses": 2461,
        "Deferred income taxes expenses": "N/A",
        "The interests of minority shareholders": "N/A",
        "Total Cost of profits": 2461,
        "Profit after tax corporate income": 9792,
        "Volume": 4439000,
        "Close of Quarter": 27.9,
        "EPS": 9589.7,
        "Non-adjusted EPS": 11015,
        "PE": 2.5,
        "Book Price": 26.6
      }
    },
    {
      "quarter": "Q2 2015",
      "income status": {
        "Net sales": 113815,
        "Cost of goods sold": 102212,
        "Gross Profit": 11603,
        "Financial expenses": 1567,
        "Of which: Interest expense": 707,
        "Cost of sales": -46,
        "Enterprise cost management": 9050,
        "Total Operating Expenses": 10571,
        "Total revenue financing activities": 8001,
        "Net profit from business activities": 9033,
        "Profit": 1746,
        "Profit before tax": 10779,
        "Present corporate income tax expenses": 2167,
        "Deferred income taxes expenses": "N/A",
        "The interests of minority shareholders": "N/A",
        "Total Cost of profits": 2167,
        "Profit after tax corporate income": 8612,
        "Volume": 4439000,
        "Close of Quarter": 30.2,
        "EPS": 8805.3,
        "Non-adjusted EPS": 10114,
        "PE": 3.0,
        "Book Price": 24.7
      }
    },
    {
      "quarter": "Q1 2015",
      "income status": {
        "Net sales": 51749,
        "Cost of goods sold": 42663,
        "Gross Profit": 9086,
        "Financial expenses": 524,
        "Of which: Interest expense": 523,
        "Cost of sales": -40,
        "Enterprise cost management": 6083,
        "Total Operating Expenses": 6567,
        "Total revenue financing activities": 3522,
        "Net profit from business activities": 6041,
        "Profit": 18,
        "Profit before tax": 6060,
        "Present corporate income tax expenses": 1335,
        "Deferred income taxes expenses": "N/A",
        "The interests of minority shareholders": "N/A",
        "Total Cost of profits": 1335,
        "Profit after tax corporate income": 4725,
        "Volume": 4439000,
        "Close of Quarter": 30.3,
        "EPS": 7694.4,
        "Non-adjusted EPS": 8838,
        "PE": 3.4,
        "Book Price": 23.1
      }
    },
    {
      "quarter": "Q4 2014",
      "income status": {
        "Net sales": 259615,
        "Cost of goods sold": 202166,
        "Gross Profit": 57448,
        "Financial expenses": 572,
        "Of which: Interest expense": 333,
        "Cost of sales": -110,
        "Enterprise cost management": 29113,
        "Total Operating Expenses": 29575,
        "Total revenue financing activities": 4579,
        "Net profit from business activities": 32452,
        "Profit": 134,
        "Profit before tax": 32586,
        "Present corporate income tax expenses": 7216,
        "Deferred income taxes expenses": -396,
        "The interests of minority shareholders": "N/A",
        "Total Cost of profits": 6820,
        "Profit after tax corporate income": 25766,
        "Volume": 4439000,
        "Close of Quarter": 21.2,
        "EPS": 7120.7,
        "Non-adjusted EPS": 8179,
        "PE": 2.6,
        "Book Price": 22.2
      }
    },
    {
      "quarter": "Q3 2014",
      "income status": {
        "Net sales": 112829,
        "Cost of goods sold": 91419,
        "Gross Profit": 21410,
        "Financial expenses": 657,
        "Of which: Interest expense": 293,
        "Cost of sales": 50,
        "Enterprise cost management": 14116,
        "Total Operating Expenses": 14823,
        "Total revenue financing activities": 1338,
        "Net profit from business activities": 7924,
        "Profit": -392,
        "Profit before tax": 7532,
        "Present corporate income tax expenses": 1737,
        "Deferred income taxes expenses": "N/A",
        "The interests of minority shareholders": "N/A",
        "Total Cost of profits": 1737,
        "Profit after tax corporate income": 5795,
        "Volume": 4439000,
        "Close of Quarter": 16.1,
        "EPS": 4162.4,
        "Non-adjusted EPS": 4781,
        "PE": 3.4,
        "Book Price": 17.2
      }
    },
    {
      "quarter": "Q2 2014",
      "income status": {
        "Net sales": 72470,
        "Cost of goods sold": 60785,
        "Gross Profit": 11685,
        "Financial expenses": 506,
        "Of which: Interest expense": 379,
        "Cost of sales": -124,
        "Enterprise cost management": 9185,
        "Total Operating Expenses": 9567,
        "Total revenue financing activities": 1454,
        "Net profit from business activities": 3572,
        "Profit": 121,
        "Profit before tax": 3693,
        "Present corporate income tax expenses": 745,
        "Deferred income taxes expenses": "N/A",
        "The interests of minority shareholders": "N/A",
        "Total Cost of profits": 745,
        "Profit after tax corporate income": 2948,
        "Volume": 4439000,
        "Close of Quarter": 14.2,
        "EPS": 3565.1,
        "Non-adjusted EPS": 4095,
        "PE": 3.5,
        "Book Price": 16.8
      }
    },
    {
      "quarter": "Q1 2014",
      "income status": {
        "Net sales": 26184,
        "Cost of goods sold": 20449,
        "Gross Profit": 5735,
        "Financial expenses": 306,
        "Of which: Interest expense": 306,
        "Cost of sales": 300,
        "Enterprise cost management": 4457,
        "Total Operating Expenses": 5063,
        "Total revenue financing activities": 1625,
        "Net profit from business activities": 2297,
        "Profit": 17,
        "Profit before tax": 2315,
        "Present corporate income tax expenses": 516,
        "Deferred income taxes expenses": "N/A",
        "The interests of minority shareholders": "N/A",
        "Total Cost of profits": 516,
        "Profit after tax corporate income": 1799,
        "Volume": 4439000,
        "Close of Quarter": 13.4,
        "EPS": 3453.7,
        "Non-adjusted EPS": 3967,
        "PE": 3.4,
        "Book Price": 18.4
      }
    },
    {
      "quarter": "Q4 2013",
      "income status": {
        "Net sales": 260900,
        "Cost of goods sold": 217317,
        "Gross Profit": 43583,
        "Financial expenses": 869,
        "Of which: Interest expense": 385,
        "Cost of sales": 786,
        "Enterprise cost management": 29226,
        "Total Operating Expenses": 30881,
        "Total revenue financing activities": 1556,
        "Net profit from business activities": 14259,
        "Profit": 12,
        "Profit before tax": 14271,
        "Present corporate income tax expenses": 3591,
        "Deferred income taxes expenses": "N/A",
        "The interests of minority shareholders": "N/A",
        "Total Cost of profits": 3591,
        "Profit after tax corporate income": 10680,
        "Volume": 4439000,
        "Close of Quarter": 9.6,
        "EPS": 3435.4,
        "Non-adjusted EPS": 3946,
        "PE": 2.4,
        "Book Price": 17.7
      }
    },
    {
      "quarter": "Q3 2013",
      "income status": {
        "Net sales": 54359,
        "Cost of goods sold": 39469,
        "Gross Profit": 14891,
        "Financial expenses": 190,
        "Of which: Interest expense": 163,
        "Cost of sales": 226,
        "Enterprise cost management": 11726,
        "Total Operating Expenses": 12142,
        "Total revenue financing activities": 897,
        "Net profit from business activities": 3645,
        "Profit": 27,
        "Profit before tax": 3673,
        "Present corporate income tax expenses": 921,
        "Deferred income taxes expenses": "N/A",
        "The interests of minority shareholders": "N/A",
        "Total Cost of profits": 921,
        "Profit after tax corporate income": 2752,
        "Volume": 4439000,
        "Close of Quarter": 7.9,
        "EPS": 3734.0,
        "Non-adjusted EPS": 4289,
        "PE": 1.8,
        "Book Price": 15.6
      }
    },
    {
      "quarter": "Q2 2013",
      "income status": {
        "Net sales": 43576,
        "Cost of goods sold": 33828,
        "Gross Profit": 9748,
        "Financial expenses": 157,
        "Of which: Interest expense": 157,
        "Cost of sales": 192,
        "Enterprise cost management": 7716,
        "Total Operating Expenses": 8065,
        "Total revenue financing activities": 1278,
        "Net profit from business activities": 2961,
        "Profit": 30,
        "Profit before tax": 2991,
        "Present corporate income tax expenses": 614,
        "Deferred income taxes expenses": "N/A",
        "The interests of minority shareholders": "N/A",
        "Total Cost of profits": 614,
        "Profit after tax corporate income": 2377,
        "Volume": 4439000,
        "Close of Quarter": 8.4,
        "EPS": 3424.1,
        "Non-adjusted EPS": 3933,
        "PE": 2.1,
        "Book Price": 15.1
      }
    },
    {
      "quarter": "Q1 2013",
      "income status": {
        "Net sales": 33938,
        "Cost of goods sold": 27050,
        "Gross Profit": 6888,
        "Financial expenses": 416,
        "Of which: Interest expense": 415,
        "Cost of sales": 147,
        "Enterprise cost management": 4788,
        "Total Operating Expenses": 5351,
        "Total revenue financing activities": 954,
        "Net profit from business activities": 2491,
        "Profit": -155,
        "Profit before tax": 2337,
        "Present corporate income tax expenses": 629,
        "Deferred income taxes expenses": "N/A",
        "The interests of minority shareholders": "N/A",
        "Total Cost of profits": 629,
        "Profit after tax corporate income": 1707,
        "Volume": 4439000,
        "Close of Quarter": 6.3,
        "EPS": 3460.7,
        "Non-adjusted EPS": 3975,
        "PE": 1.6,
        "Book Price": 16.6
      }
    },
    {
      "quarter": "Q4 2012",
      "income status": {
        "Net sales": 204647,
        "Cost of goods sold": 162359,
        "Gross Profit": 42288,
        "Financial expenses": 1271,
        "Of which: Interest expense": 951,
        "Cost of sales": 207,
        "Enterprise cost management": 32534,
        "Total Operating Expenses": 34012,
        "Total revenue financing activities": 1880,
        "Net profit from business activities": 10157,
        "Profit": 6211,
        "Profit before tax": 16368,
        "Present corporate income tax expenses": 4164,
        "Deferred income taxes expenses": "N/A",
        "The interests of minority shareholders": "N/A",
        "Total Cost of profits": 4164,
        "Profit after tax corporate income": 12204,
        "Volume": 4439000,
        "Close of Quarter": 5.8,
        "EPS": 3127.2,
        "Non-adjusted EPS": 3592,
        "PE": 1.6,
        "Book Price": 16.4
      }
    },
    {
      "quarter": "Q3 2012",
      "income status": {
        "Net sales": 28572,
        "Cost of goods sold": 23987,
        "Gross Profit": 4586,
        "Financial expenses": 721,
        "Of which: Interest expense": 715,
        "Cost of sales": 147,
        "Enterprise cost management": 2954,
        "Total Operating Expenses": 3822,
        "Total revenue financing activities": 670,
        "Net profit from business activities": 1435,
        "Profit": 132,
        "Profit before tax": 1566,
        "Present corporate income tax expenses": 397,
        "Deferred income taxes expenses": "N/A",
        "The interests of minority shareholders": "N/A",
        "Total Cost of profits": 397,
        "Profit after tax corporate income": 1169,
        "Volume": 4439000,
        "Close of Quarter": 5.8,
        "EPS": 3241.3,
        "Non-adjusted EPS": 3723,
        "PE": 1.6,
        "Book Price": 14.0
      }
    },
    {
      "quarter": "Q2 2012",
      "income status": {
        "Net sales": 73228,
        "Cost of goods sold": 60976,
        "Gross Profit": 12253,
        "Financial expenses": 779,
        "Of which: Interest expense": 778,
        "Cost of sales": -76,
        "Enterprise cost management": 8498,
        "Total Operating Expenses": 9201,
        "Total revenue financing activities": 367,
        "Net profit from business activities": 3419,
        "Profit": 5,
        "Profit before tax": 3424,
        "Present corporate income tax expenses": 859,
        "Deferred income taxes expenses": "N/A",
        "The interests of minority shareholders": "N/A",
        "Total Cost of profits": 859,
        "Profit after tax corporate income": 2565,
        "Volume": 4439000,
        "Close of Quarter": 6.4,
        "EPS": 3263.0,
        "Non-adjusted EPS": 3748,
        "PE": 1.7,
        "Book Price": 13.8
      }
    },
    {
      "quarter": "Q1 2012",
      "income status": {
        "Net sales": 29534,
        "Cost of goods sold": 25707,
        "Gross Profit": 3826,
        "Financial expenses": 1078,
        "Of which: Interest expense": 1069,
        "Cost of sales": 831,
        "Enterprise cost management": 2234,
        "Total Operating Expenses": 4143,
        "Total revenue financing activities": 992,
        "Net profit from business activities": 676,
        "Profit": -499,
        "Profit before tax": 177,
        "Present corporate income tax expenses": 172,
        "Deferred income taxes expenses": "N/A",
        "The interests of minority shareholders": "N/A",
        "Total Cost of profits": 172,
        "Profit after tax corporate income": 5,
        "Volume": 4439000,
        "Close of Quarter": 5.3,
        "EPS": 3141.1,
        "Non-adjusted EPS": 3608,
        "PE": 1.5,
        "Book Price": 15.4
      }
    },
    {
      "quarter": "Q4 2011",
      "income status": {
        "Net sales": 209285,
        "Cost of goods sold": 165232,
        "Gross Profit": 44053,
        "Financial expenses": 5016,
        "Of which: Interest expense": 815,
        "Cost of sales": -122,
        "Enterprise cost management": 24854,
        "Total Operating Expenses": 29748,
        "Total revenue financing activities": 721,
        "Net profit from business activities": 15026,
        "Profit": 1655,
        "Profit before tax": 22701,
        "Present corporate income tax expenses": 3752,
        "Deferred income taxes expenses": 142,
        "The interests of minority shareholders": "N/A",
        "Total Cost of profits": 3894,
        "Profit after tax corporate income": 12787,
        "Volume": 4439000,
        "Close of Quarter": 3.8,
        "EPS": 3390.1,
        "Non-adjusted EPS": 3894,
        "PE": 1.0,
        "Book Price": 15.2
      }
    },
    {
      "quarter": "Q3 2011",
      "income status": {
        "Net sales": 22555,
        "Cost of goods sold": 17705,
        "Gross Profit": 4850,
        "Financial expenses": 582,
        "Of which: Interest expense": 582,
        "Cost of sales": 25,
        "Enterprise cost management": 3487,
        "Total Operating Expenses": 4094,
        "Total revenue financing activities": 917,
        "Net profit from business activities": 1674,
        "Profit": 46,
        "Profit before tax": 1719,
        "Present corporate income tax expenses": 437,
        "Deferred income taxes expenses": "N/A",
        "The interests of minority shareholders": "N/A",
        "Total Cost of profits": 437,
        "Profit after tax corporate income": 1282,
        "Volume": 4439000,
        "Close of Quarter": 4.3,
        "EPS": 2783.3,
        "Non-adjusted EPS": 3197,
        "PE": 1.4,
        "Book Price": 12.9
      }
    },
    {
      "quarter": "Q2 2011",
      "income status": {
        "Net sales": 32706,
        "Cost of goods sold": 21302,
        "Gross Profit": 11404,
        "Financial expenses": 1128,
        "Of which: Interest expense": 740,
        "Cost of sales": -956,
        "Enterprise cost management": 9709,
        "Total Operating Expenses": 9881,
        "Total revenue financing activities": 982,
        "Net profit from business activities": 2506,
        "Profit": 91,
        "Profit before tax": 2597,
        "Present corporate income tax expenses": 655,
        "Deferred income taxes expenses": "N/A",
        "The interests of minority shareholders": "N/A",
        "Total Cost of profits": 655,
        "Profit after tax corporate income": 1942,
        "Volume": 4439000,
        "Close of Quarter": 5.0,
        "EPS": 2875.6,
        "Non-adjusted EPS": 3303,
        "PE": 1.5,
        "Book Price": 12.7
      }
    },
    {
      "quarter": "Q1 2011",
      "income status": {
        "Net sales": 21335,
        "Cost of goods sold": 16315,
        "Gross Profit": 5021,
        "Financial expenses": 590,
        "Of which: Interest expense": 541,
        "Cost of sales": 20,
        "Enterprise cost management": 3437,
        "Total Operating Expenses": 4047,
        "Total revenue financing activities": 720,
        "Net profit from business activities": 1693,
        "Profit": 10,
        "Profit before tax": 1704,
        "Present corporate income tax expenses": 430,
        "Deferred income taxes expenses": "N/A",
        "The interests of minority shareholders": "N/A",
        "Total Cost of profits": 430,
        "Profit after tax corporate income": 1273,
        "Volume": 4439000,
        "Close of Quarter": 5.0,
        "EPS": 2959.2,
        "Non-adjusted EPS": 3399,
        "PE": 1.5,
        "Book Price": 14.4
      }
    }
  ]
}