{
  "ticker": "L18",
  "data": [
    {
      "quarter": "Q4 2016",
      "income status": {
        "Net sales": 515324,
        "Cost of goods sold": 474465,
        "Gross Profit": 40859,
        "Financial expenses": 6175,
        "Of which: Interest expense": 5897,
        "Cost of sales": 240,
        "Enterprise cost management": 37161,
        "Total Operating Expenses": 43576,
        "Total revenue financing activities": 967,
        "Net profit from business activities": -1209,
        "Profit": 21060,
        "Profit before tax": 19851,
        "Present corporate income tax expenses": 2935,
        "Deferred income taxes expenses": 2557,
        "The interests of minority shareholders": 5468,
        "Total Cost of profits": 10960,
        "Profit after tax corporate income": 8891,
        "Volume": 5400000,
        "Close of Quarter": 11.5,
        "EPS": 1844,
        "Non-adjusted EPS": 1844,
        "PE": 6.2,
        "Book Price": 40.5
      }
    },
    {
      "quarter": "Q3 2016",
      "income status": {
        "Net sales": 392599,
        "Cost of goods sold": 373056,
        "Gross Profit": 19543,
        "Financial expenses": 8366,
        "Of which: Interest expense": 8773,
        "Cost of sales": 244,
        "Enterprise cost management": 17898,
        "Total Operating Expenses": 26508,
        "Total revenue financing activities": 514,
        "Net profit from business activities": -6451,
        "Profit": 13167,
        "Profit before tax": 6716,
        "Present corporate income tax expenses": 786,
        "Deferred income taxes expenses": 2557,
        "The interests of minority shareholders": 1211,
        "Total Cost of profits": 4554,
        "Profit after tax corporate income": 2161,
        "Volume": 5400000,
        "Close of Quarter": 10.8,
        "EPS": 314,
        "Non-adjusted EPS": 314,
        "PE": 34.4,
        "Book Price": 38.5
      }
    },
    {
      "quarter": "Q2 2016",
      "income status": {
        "Net sales": 392798,
        "Cost of goods sold": 373420,
        "Gross Profit": 19378,
        "Financial expenses": 9098,
        "Of which: Interest expense": 8916,
        "Cost of sales": 239,
        "Enterprise cost management": 11256,
        "Total Operating Expenses": 20593,
        "Total revenue financing activities": 1156,
        "Net profit from business activities": -60,
        "Profit": 2456,
        "Profit before tax": 2396,
        "Present corporate income tax expenses": 689,
        "Deferred income taxes expenses": "N/A",
        "The interests of minority shareholders": 1420,
        "Total Cost of profits": 2109,
        "Profit after tax corporate income": 287,
        "Volume": 5400000,
        "Close of Quarter": 11,
        "EPS": 561,
        "Non-adjusted EPS": 561,
        "PE": 19.6,
        "Book Price": 37.8
      }
    },
    {
      "quarter": "Q1 2016",
      "income status": {
        "Net sales": 220863,
        "Cost of goods sold": 201733,
        "Gross Profit": 19130,
        "Financial expenses": 6693,
        "Of which: Interest expense": 6401,
        "Cost of sales": "N/A",
        "Enterprise cost management": 10508,
        "Total Operating Expenses": 17201,
        "Total revenue financing activities": 1820,
        "Net profit from business activities": 3748,
        "Profit": 395,
        "Profit before tax": 4143,
        "Present corporate income tax expenses": 2609,
        "Deferred income taxes expenses": "N/A",
        "The interests of minority shareholders": 2916,
        "Total Cost of profits": 5525,
        "Profit after tax corporate income": -1382,
        "Volume": 5400000,
        "Close of Quarter": 10,
        "EPS": 1002,
        "Non-adjusted EPS": 1002,
        "PE": 10.0,
        "Book Price": 36.8
      }
    },
    {
      "quarter": "Q4 2015",
      "income status": {
        "Net sales": 397952,
        "Cost of goods sold": 384421,
        "Gross Profit": 13531,
        "Financial expenses": 5688,
        "Of which: Interest expense": 5734,
        "Cost of sales": "N/A",
        "Enterprise cost management": 13869,
        "Total Operating Expenses": 19557,
        "Total revenue financing activities": 656,
        "Net profit from business activities": -5370,
        "Profit": 10310,
        "Profit before tax": 4940,
        "Present corporate income tax expenses": 1583,
        "Deferred income taxes expenses": 78,
        "The interests of minority shareholders": 2651,
        "Total Cost of profits": 4312,
        "Profit after tax corporate income": 628,
        "Volume": 5400000,
        "Close of Quarter": 9.4,
        "EPS": 1537,
        "Non-adjusted EPS": 1537,
        "PE": 6.1,
        "Book Price": 37.6
      }
    },
    {
      "quarter": "Q3 2015",
      "income status": {
        "Net sales": 317548,
        "Cost of goods sold": 295552,
        "Gross Profit": 21996,
        "Financial expenses": 6516,
        "Of which: Interest expense": 6113,
        "Cost of sales": "N/A",
        "Enterprise cost management": 10140,
        "Total Operating Expenses": 16656,
        "Total revenue financing activities": 1395,
        "Net profit from business activities": 6734,
        "Profit": 3185,
        "Profit before tax": 9919,
        "Present corporate income tax expenses": 2442,
        "Deferred income taxes expenses": -154,
        "The interests of minority shareholders": 4132,
        "Total Cost of profits": 6420,
        "Profit after tax corporate income": 3499,
        "Volume": 5400000,
        "Close of Quarter": 10.1,
        "EPS": 3085,
        "Non-adjusted EPS": 3085,
        "PE": 3.3,
        "Book Price": 37.3
      }
    },
    {
      "quarter": "Q2 2015",
      "income status": {
        "Net sales": 329489,
        "Cost of goods sold": 317595,
        "Gross Profit": 11894,
        "Financial expenses": 7090,
        "Of which: Interest expense": 5373,
        "Cost of sales": "N/A",
        "Enterprise cost management": 10547,
        "Total Operating Expenses": 17637,
        "Total revenue financing activities": 12959,
        "Net profit from business activities": 7216,
        "Profit": 867,
        "Profit before tax": 8083,
        "Present corporate income tax expenses": 1227,
        "Deferred income taxes expenses": 154,
        "The interests of minority shareholders": 4035,
        "Total Cost of profits": 5416,
        "Profit after tax corporate income": 2667,
        "Volume": 5400000,
        "Close of Quarter": 10,
        "EPS": 2587,
        "Non-adjusted EPS": 2587,
        "PE": 3.9,
        "Book Price": 35.6
      }
    },
    {
      "quarter": "Q1 2015",
      "income status": {
        "Net sales": 230506,
        "Cost of goods sold": 214562,
        "Gross Profit": 15944,
        "Financial expenses": 6397,
        "Of which: Interest expense": 6266,
        "Cost of sales": "N/A",
        "Enterprise cost management": 9799,
        "Total Operating Expenses": 16196,
        "Total revenue financing activities": 2298,
        "Net profit from business activities": 2045,
        "Profit": -533,
        "Profit before tax": 1512,
        "Present corporate income tax expenses": 966,
        "Deferred income taxes expenses": "N/A",
        "The interests of minority shareholders": -958,
        "Total Cost of profits": 8,
        "Profit after tax corporate income": 1504,
        "Volume": 5400000,
        "Close of Quarter": 9.7,
        "EPS": 2140,
        "Non-adjusted EPS": 2140,
        "PE": 4.6,
        "Book Price": 34.1
      }
    },
    {
      "quarter": "Q4 2014",
      "income status": {
        "Net sales": 565628,
        "Cost of goods sold": 532588,
        "Gross Profit": 33040,
        "Financial expenses": 8056,
        "Of which: Interest expense": 8041,
        "Cost of sales": "N/A",
        "Enterprise cost management": 15582,
        "Total Operating Expenses": 23638,
        "Total revenue financing activities": 272,
        "Net profit from business activities": 9675,
        "Profit": 5274,
        "Profit before tax": 14948,
        "Present corporate income tax expenses": 2372,
        "Deferred income taxes expenses": "N/A",
        "The interests of minority shareholders": 3589,
        "Total Cost of profits": 5961,
        "Profit after tax corporate income": 8987,
        "Volume": 5400000,
        "Close of Quarter": 8.0,
        "EPS": 1944,
        "Non-adjusted EPS": 1944,
        "PE": 4.1,
        "Book Price": 36.4
      }
    },
    {
      "quarter": "Q3 2014",
      "income status": {
        "Net sales": 331337,
        "Cost of goods sold": 311369,
        "Gross Profit": 19968,
        "Financial expenses": 6034,
        "Of which: Interest expense": 6022,
        "Cost of sales": "N/A",
        "Enterprise cost management": 11712,
        "Total Operating Expenses": 17746,
        "Total revenue financing activities": -1049,
        "Net profit from business activities": 1173,
        "Profit": 2992,
        "Profit before tax": 4165,
        "Present corporate income tax expenses": 1329,
        "Deferred income taxes expenses": "N/A",
        "The interests of minority shareholders": 2026,
        "Total Cost of profits": 3355,
        "Profit after tax corporate income": 810,
        "Volume": 5400000,
        "Close of Quarter": 8.4,
        "EPS": 944,
        "Non-adjusted EPS": 944,
        "PE": 8.9,
        "Book Price": 32.7
      }
    },
    {
      "quarter": "Q2 2014",
      "income status": {
        "Net sales": 298365,
        "Cost of goods sold": 280024,
        "Gross Profit": 18341,
        "Financial expenses": 7156,
        "Of which: Interest expense": 7148,
        "Cost of sales": "N/A",
        "Enterprise cost management": 12236,
        "Total Operating Expenses": 19392,
        "Total revenue financing activities": 2555,
        "Net profit from business activities": 1505,
        "Profit": 2121,
        "Profit before tax": 3626,
        "Present corporate income tax expenses": 918,
        "Deferred income taxes expenses": "N/A",
        "The interests of minority shareholders": 2453,
        "Total Cost of profits": 3371,
        "Profit after tax corporate income": 255,
        "Volume": 5400000,
        "Close of Quarter": 8.3,
        "EPS": 980,
        "Non-adjusted EPS": 980,
        "PE": 8.5,
        "Book Price": 31.8
      }
    },
    {
      "quarter": "Q1 2014",
      "income status": {
        "Net sales": 122242,
        "Cost of goods sold": 105774,
        "Gross Profit": 16468,
        "Financial expenses": 8145,
        "Of which: Interest expense": 8139,
        "Cost of sales": "N/A",
        "Enterprise cost management": 9305,
        "Total Operating Expenses": 17450,
        "Total revenue financing activities": 1449,
        "Net profit from business activities": 466,
        "Profit": 1683,
        "Profit before tax": 2149,
        "Present corporate income tax expenses": 896,
        "Deferred income taxes expenses": "N/A",
        "The interests of minority shareholders": 807,
        "Total Cost of profits": 1703,
        "Profit after tax corporate income": 446,
        "Volume": 5400000,
        "Close of Quarter": 8.8,
        "EPS": 1409,
        "Non-adjusted EPS": 1409,
        "PE": 6.3,
        "Book Price": 31.8
      }
    },
    {
      "quarter": "Q4 2013",
      "income status": {
        "Net sales": 401885,
        "Cost of goods sold": 382522,
        "Gross Profit": 19363,
        "Financial expenses": 7877,
        "Of which: Interest expense": 7656,
        "Cost of sales": "N/A",
        "Enterprise cost management": 16568,
        "Total Operating Expenses": 24445,
        "Total revenue financing activities": 733,
        "Net profit from business activities": -4349,
        "Profit": 12410,
        "Profit before tax": 8060,
        "Present corporate income tax expenses": 2032,
        "Deferred income taxes expenses": "N/A",
        "The interests of minority shareholders": 2441,
        "Total Cost of profits": 4473,
        "Profit after tax corporate income": 3587,
        "Volume": 5400000,
        "Close of Quarter": 6.9,
        "EPS": 1429,
        "Non-adjusted EPS": 1429,
        "PE": 4.8,
        "Book Price": 24.1
      }
    },
    {
      "quarter": "Q3 2013",
      "income status": {
        "Net sales": 239599,
        "Cost of goods sold": 216142,
        "Gross Profit": 23457,
        "Financial expenses": 8034,
        "Of which: Interest expense": 7754,
        "Cost of sales": "N/A",
        "Enterprise cost management": 14651,
        "Total Operating Expenses": 22685,
        "Total revenue financing activities": 220,
        "Net profit from business activities": 992,
        "Profit": 2450,
        "Profit before tax": 3443,
        "Present corporate income tax expenses": 981,
        "Deferred income taxes expenses": "N/A",
        "The interests of minority shareholders": 1457,
        "Total Cost of profits": 2438,
        "Profit after tax corporate income": 1005,
        "Volume": 5400000,
        "Close of Quarter": 5.8,
        "EPS": 1440,
        "Non-adjusted EPS": 1440,
        "PE": 4,
        "Book Price": 23.5
      }
    },
    {
      "quarter": "Q2 2013",
      "income status": {
        "Net sales": 232251,
        "Cost of goods sold": 213982,
        "Gross Profit": 18269,
        "Financial expenses": 8667,
        "Of which: Interest expense": 8595,
        "Cost of sales": "N/A",
        "Enterprise cost management": 8865,
        "Total Operating Expenses": 17532,
        "Total revenue financing activities": 1584,
        "Net profit from business activities": 2321,
        "Profit": 3033,
        "Profit before tax": 5353,
        "Present corporate income tax expenses": 1342,
        "Deferred income taxes expenses": "N/A",
        "The interests of minority shareholders": 1438,
        "Total Cost of profits": 2780,
        "Profit after tax corporate income": 2573,
        "Volume": 5400000,
        "Close of Quarter": 7.5,
        "EPS": 1674,
        "Non-adjusted EPS": 1674,
        "PE": 4.5,
        "Book Price": 23.4
      }
    },
    {
      "quarter": "Q1 2013",
      "income status": {
        "Net sales": 199316,
        "Cost of goods sold": 185529,
        "Gross Profit": 13787,
        "Financial expenses": 7520,
        "Of which: Interest expense": 7516,
        "Cost of sales": "N/A",
        "Enterprise cost management": 9312,
        "Total Operating Expenses": 16832,
        "Total revenue financing activities": 3585,
        "Net profit from business activities": 541,
        "Profit": 1185,
        "Profit before tax": 1726,
        "Present corporate income tax expenses": 548,
        "Deferred income taxes expenses": "N/A",
        "The interests of minority shareholders": 627,
        "Total Cost of profits": 1175,
        "Profit after tax corporate income": 551,
        "Volume": 5400000,
        "Close of Quarter": 5.8,
        "EPS": 1639,
        "Non-adjusted EPS": 1639,
        "PE": 3.6,
        "Book Price": 22.6
      }
    },
    {
      "quarter": "Q4 2012",
      "income status": {
        "Net sales": 347309,
        "Cost of goods sold": 325781,
        "Gross Profit": 21528,
        "Financial expenses": 10693,
        "Of which: Interest expense": 8576,
        "Cost of sales": 2430,
        "Enterprise cost management": 16930,
        "Total Operating Expenses": 30053,
        "Total revenue financing activities": 7939,
        "Net profit from business activities": -585,
        "Profit": 8959,
        "Profit before tax": 8374,
        "Present corporate income tax expenses": 2017,
        "Deferred income taxes expenses": "N/A",
        "The interests of minority shareholders": 2708,
        "Total Cost of profits": 4725,
        "Profit after tax corporate income": 3649,
        "Volume": 5400000,
        "Close of Quarter": 6.0,
        "EPS": 1702,
        "Non-adjusted EPS": 1702,
        "PE": 3.5,
        "Book Price": 23.3
      }
    },
    {
      "quarter": "Q3 2012",
      "income status": {
        "Net sales": 199005,
        "Cost of goods sold": 185055,
        "Gross Profit": 13950,
        "Financial expenses": 8446,
        "Of which: Interest expense": 8360,
        "Cost of sales": "N/A",
        "Enterprise cost management": 9099,
        "Total Operating Expenses": 17545,
        "Total revenue financing activities": 6007,
        "Net profit from business activities": 2412,
        "Profit": 3669,
        "Profit before tax": 6081,
        "Present corporate income tax expenses": 1419,
        "Deferred income taxes expenses": "N/A",
        "The interests of minority shareholders": 2396,
        "Total Cost of profits": 3815,
        "Profit after tax corporate income": 2266,
        "Volume": 5400000,
        "Close of Quarter": 5.9,
        "EPS": 2443,
        "Non-adjusted EPS": 2443,
        "PE": 2.4,
        "Book Price": 23.6
      }
    },
    {
      "quarter": "Q2 2012",
      "income status": {
        "Net sales": 130870,
        "Cost of goods sold": 118305,
        "Gross Profit": 12564,
        "Financial expenses": 10212,
        "Of which: Interest expense": 9118,
        "Cost of sales": "N/A",
        "Enterprise cost management": 8957,
        "Total Operating Expenses": 19169,
        "Total revenue financing activities": 9267,
        "Net profit from business activities": 2662,
        "Profit": 1812,
        "Profit before tax": 4474,
        "Present corporate income tax expenses": 964,
        "Deferred income taxes expenses": "N/A",
        "The interests of minority shareholders": 1122,
        "Total Cost of profits": 2086,
        "Profit after tax corporate income": 2387,
        "Volume": 5400000,
        "Close of Quarter": 6.2,
        "EPS": 3013,
        "Non-adjusted EPS": 3013,
        "PE": 2.1,
        "Book Price": 23.2
      }
    },
    {
      "quarter": "Q1 2012",
      "income status": {
        "Net sales": 141610,
        "Cost of goods sold": 128959,
        "Gross Profit": 12651,
        "Financial expenses": 9865,
        "Of which: Interest expense": 9208,
        "Cost of sales": "N/A",
        "Enterprise cost management": 8253,
        "Total Operating Expenses": 18118,
        "Total revenue financing activities": 6433,
        "Net profit from business activities": 966,
        "Profit": 1335,
        "Profit before tax": 2301,
        "Present corporate income tax expenses": 552,
        "Deferred income taxes expenses": "N/A",
        "The interests of minority shareholders": 858,
        "Total Cost of profits": 1410,
        "Profit after tax corporate income": 891,
        "Volume": 5400000,
        "Close of Quarter": 6.7,
        "EPS": 3823,
        "Non-adjusted EPS": 3823,
        "PE": 1.8,
        "Book Price": 22.7
      }
    },
    {
      "quarter": "Q4 2011",
      "income status": {
        "Net sales": 373665,
        "Cost of goods sold": 349590,
        "Gross Profit": 24075,
        "Financial expenses": 11520,
        "Of which: Interest expense": 12652,
        "Cost of sales": 419,
        "Enterprise cost management": 11236,
        "Total Operating Expenses": 23175,
        "Total revenue financing activities": 7473,
        "Net profit from business activities": 8373,
        "Profit": 4957,
        "Profit before tax": 13330,
        "Present corporate income tax expenses": 2298,
        "Deferred income taxes expenses": "N/A",
        "The interests of minority shareholders": 3384,
        "Total Cost of profits": 5682,
        "Profit after tax corporate income": 7648,
        "Volume": 5400000,
        "Close of Quarter": 4.6,
        "EPS": 3952,
        "Non-adjusted EPS": 3952,
        "PE": 1.2,
        "Book Price": 25.1
      }
    },
    {
      "quarter": "Q3 2011",
      "income status": {
        "Net sales": 201308,
        "Cost of goods sold": 185889,
        "Gross Profit": 15419,
        "Financial expenses": 13970,
        "Of which: Interest expense": 13931,
        "Cost of sales": "N/A",
        "Enterprise cost management": 9042,
        "Total Operating Expenses": 23012,
        "Total revenue financing activities": 11043,
        "Net profit from business activities": 3450,
        "Profit": 3464,
        "Profit before tax": 6914,
        "Present corporate income tax expenses": 1385,
        "Deferred income taxes expenses": -502,
        "The interests of minority shareholders": 687,
        "Total Cost of profits": 1570,
        "Profit after tax corporate income": 5343,
        "Volume": 5400000,
        "Close of Quarter": 5.5,
        "EPS": 3489,
        "Non-adjusted EPS": 3489,
        "PE": 1.6,
        "Book Price": 23.8
      }
    },
    {
      "quarter": "Q2 2011",
      "income status": {
        "Net sales": 189264,
        "Cost of goods sold": 171366,
        "Gross Profit": 17898,
        "Financial expenses": 8618,
        "Of which: Interest expense": 8583,
        "Cost of sales": "N/A",
        "Enterprise cost management": 8788,
        "Total Operating Expenses": 17406,
        "Total revenue financing activities": 2452,
        "Net profit from business activities": 2944,
        "Profit": 7582,
        "Profit before tax": 10881,
        "Present corporate income tax expenses": 947,
        "Deferred income taxes expenses": 1864,
        "The interests of minority shareholders": 1310,
        "Total Cost of profits": 4121,
        "Profit after tax corporate income": 6760,
        "Volume": 5400000,
        "Close of Quarter": 7.7,
        "EPS": 3338,
        "Non-adjusted EPS": 3338,
        "PE": 2.3,
        "Book Price": 22.7
      }
    },
    {
      "quarter": "Q1 2011",
      "income status": {
        "Net sales": 217355,
        "Cost of goods sold": 200947,
        "Gross Profit": 16408,
        "Financial expenses": 8483,
        "Of which: Interest expense": 8453,
        "Cost of sales": "N/A",
        "Enterprise cost management": 7507,
        "Total Operating Expenses": 15990,
        "Total revenue financing activities": 4700,
        "Net profit from business activities": 5118,
        "Profit": -569,
        "Profit before tax": 4549,
        "Present corporate income tax expenses": 1371,
        "Deferred income taxes expenses": -521,
        "The interests of minority shareholders": 2108,
        "Total Cost of profits": 2958,
        "Profit after tax corporate income": 1591,
        "Volume": 5400000,
        "Close of Quarter": 11.6,
        "EPS": 3270,
        "Non-adjusted EPS": 3270,
        "PE": 3.6,
        "Book Price": 21.5
      }
    }
  ]
}