{
  "ticker": "BCE",
  "data": [
    {
      "quarter": "Q4 2016",
      "income status": {
        "Net sales": 470138,
        "Cost of goods sold": 462154,
        "Gross Profit": 7984,
        "Financial expenses": 1294,
        "Of which: Interest expense": 1294,
        "Cost of sales": "N/A",
        "Enterprise cost management": 2237,
        "Total Operating Expenses": 3531,
        "Total revenue financing activities": 92,
        "Net profit from business activities": 4545,
        "Profit": 932,
        "Profit before tax": 5477,
        "Present corporate income tax expenses": 1095,
        "Deferred income taxes expenses": "N/A",
        "The interests of minority shareholders": "N/A",
        "Total Cost of profits": 1095,
        "Profit after tax corporate income": 4382,
        "Volume": 30000000,
        "Close of Quarter": 5.3,
        "EPS": 423,
        "Non-adjusted EPS": 423,
        "PE": 12.5,
        "Book Price": 11.8
      }
    },
    {
      "quarter": "Q3 2016",
      "income status": {
        "Net sales": 16281,
        "Cost of goods sold": 15061,
        "Gross Profit": 1220,
        "Financial expenses": 1720,
        "Of which: Interest expense": 1720,
        "Cost of sales": "N/A",
        "Enterprise cost management": 1803,
        "Total Operating Expenses": 3523,
        "Total revenue financing activities": 395,
        "Net profit from business activities": -1908,
        "Profit": 117,
        "Profit before tax": -1791,
        "Present corporate income tax expenses": "N/A",
        "Deferred income taxes expenses": "N/A",
        "The interests of minority shareholders": "N/A",
        "Total Cost of profits": 0,
        "Profit after tax corporate income": -1791,
        "Volume": 30000000,
        "Close of Quarter": 5.6,
        "EPS": 902,
        "Non-adjusted EPS": 902,
        "PE": 6.3,
        "Book Price": 11.2
      }
    },
    {
      "quarter": "Q2 2016",
      "income status": {
        "Net sales": 263546,
        "Cost of goods sold": 254961,
        "Gross Profit": 8585,
        "Financial expenses": 1316,
        "Of which: Interest expense": 1316,
        "Cost of sales": "N/A",
        "Enterprise cost management": 1887,
        "Total Operating Expenses": 3203,
        "Total revenue financing activities": 693,
        "Net profit from business activities": 6076,
        "Profit": -56,
        "Profit before tax": 6020,
        "Present corporate income tax expenses": 788,
        "Deferred income taxes expenses": "N/A",
        "The interests of minority shareholders": "N/A",
        "Total Cost of profits": 788,
        "Profit after tax corporate income": 5232,
        "Volume": 30000000,
        "Close of Quarter": 5.4,
        "EPS": 1069,
        "Non-adjusted EPS": 1069,
        "PE": 5.0,
        "Book Price": 11.2
      }
    },
    {
      "quarter": "Q1 2016",
      "income status": {
        "Net sales": 112137,
        "Cost of goods sold": 101662,
        "Gross Profit": 10475,
        "Financial expenses": 1875,
        "Of which: Interest expense": 1875,
        "Cost of sales": 44,
        "Enterprise cost management": 1966,
        "Total Operating Expenses": 3885,
        "Total revenue financing activities": 387,
        "Net profit from business activities": 6976,
        "Profit": -35,
        "Profit before tax": 6941,
        "Present corporate income tax expenses": 2064,
        "Deferred income taxes expenses": "N/A",
        "The interests of minority shareholders": "N/A",
        "Total Cost of profits": 2064,
        "Profit after tax corporate income": 4877,
        "Volume": 30000000,
        "Close of Quarter": 5.4,
        "EPS": 1009,
        "Non-adjusted EPS": 1009,
        "PE": 5.3,
        "Book Price": 11.9
      }
    },
    {
      "quarter": "Q4 2015",
      "income status": {
        "Net sales": 365468,
        "Cost of goods sold": 338685,
        "Gross Profit": 26783,
        "Financial expenses": 1365,
        "Of which: Interest expense": 1365,
        "Cost of sales": "N/A",
        "Enterprise cost management": 1933,
        "Total Operating Expenses": 3298,
        "Total revenue financing activities": 351,
        "Net profit from business activities": 23836,
        "Profit": 177,
        "Profit before tax": 24013,
        "Present corporate income tax expenses": 5283,
        "Deferred income taxes expenses": "N/A",
        "The interests of minority shareholders": "N/A",
        "Total Cost of profits": 5283,
        "Profit after tax corporate income": 18730,
        "Volume": 30000000,
        "Close of Quarter": 5.8,
        "EPS": 847,
        "Non-adjusted EPS": 847,
        "PE": 6.8,
        "Book Price": 11.8
      }
    },
    {
      "quarter": "Q3 2015",
      "income status": {
        "Net sales": 50210,
        "Cost of goods sold": 43056,
        "Gross Profit": 7154,
        "Financial expenses": 1821,
        "Of which: Interest expense": 1821,
        "Cost of sales": "N/A",
        "Enterprise cost management": 1497,
        "Total Operating Expenses": 3318,
        "Total revenue financing activities": 530,
        "Net profit from business activities": 4367,
        "Profit": -222,
        "Profit before tax": 4145,
        "Present corporate income tax expenses": 912,
        "Deferred income taxes expenses": "N/A",
        "The interests of minority shareholders": "N/A",
        "Total Cost of profits": 912,
        "Profit after tax corporate income": 3233,
        "Volume": 30000000,
        "Close of Quarter": 5.4,
        "EPS": 519,
        "Non-adjusted EPS": 519,
        "PE": 10.5,
        "Book Price": 11.1
      }
    },
    {
      "quarter": "Q2 2015",
      "income status": {
        "Net sales": 75888,
        "Cost of goods sold": 63644,
        "Gross Profit": 12244,
        "Financial expenses": 5429,
        "Of which: Interest expense": 5429,
        "Cost of sales": "N/A",
        "Enterprise cost management": 1946,
        "Total Operating Expenses": 7375,
        "Total revenue financing activities": 63,
        "Net profit from business activities": 4932,
        "Profit": -402,
        "Profit before tax": 4530,
        "Present corporate income tax expenses": 1090,
        "Deferred income taxes expenses": "N/A",
        "The interests of minority shareholders": "N/A",
        "Total Cost of profits": 1090,
        "Profit after tax corporate income": 3440,
        "Volume": 30000000,
        "Close of Quarter": 6.3,
        "EPS": 377,
        "Non-adjusted EPS": 377,
        "PE": 16.8,
        "Book Price": 11
      }
    },
    {
      "quarter": "Q1 2015",
      "income status": {
        "Net sales": 13355,
        "Cost of goods sold": 12236,
        "Gross Profit": 1119,
        "Financial expenses": "N/A",
        "Of which: Interest expense": "N/A",
        "Cost of sales": "N/A",
        "Enterprise cost management": 1622,
        "Total Operating Expenses": 1622,
        "Total revenue financing activities": 37,
        "Net profit from business activities": -465,
        "Profit": 476,
        "Profit before tax": 11,
        "Present corporate income tax expenses": 2,
        "Deferred income taxes expenses": "N/A",
        "The interests of minority shareholders": "N/A",
        "Total Cost of profits": 2,
        "Profit after tax corporate income": 8,
        "Volume": 30000000,
        "Close of Quarter": 7.1,
        "EPS": 649,
        "Non-adjusted EPS": 649,
        "PE": 11.0,
        "Book Price": 11.7
      }
    },
    {
      "quarter": "Q4 2014",
      "income status": {
        "Net sales": 221828,
        "Cost of goods sold": 208850,
        "Gross Profit": 12978,
        "Financial expenses": 3026,
        "Of which: Interest expense": 3026,
        "Cost of sales": 95,
        "Enterprise cost management": 1837,
        "Total Operating Expenses": 4958,
        "Total revenue financing activities": 73,
        "Net profit from business activities": 8092,
        "Profit": 3298,
        "Profit before tax": 11390,
        "Present corporate income tax expenses": 2506,
        "Deferred income taxes expenses": "N/A",
        "The interests of minority shareholders": "N/A",
        "Total Cost of profits": 2506,
        "Profit after tax corporate income": 8884,
        "Volume": 30000000,
        "Close of Quarter": 7.7,
        "EPS": 660,
        "Non-adjusted EPS": 660,
        "PE": 11.7,
        "Book Price": 11.6
      }
    },
    {
      "quarter": "Q3 2014",
      "income status": {
        "Net sales": 26198,
        "Cost of goods sold": 23726,
        "Gross Profit": 2473,
        "Financial expenses": 2298,
        "Of which: Interest expense": 2298,
        "Cost of sales": "N/A",
        "Enterprise cost management": 1411,
        "Total Operating Expenses": 3709,
        "Total revenue financing activities": 197,
        "Net profit from business activities": -1038,
        "Profit": 30,
        "Profit before tax": -1008,
        "Present corporate income tax expenses": "N/A",
        "Deferred income taxes expenses": "N/A",
        "The interests of minority shareholders": "N/A",
        "Total Cost of profits": 0,
        "Profit after tax corporate income": -1008,
        "Volume": 30000000,
        "Close of Quarter": 8.6,
        "EPS": 1354,
        "Non-adjusted EPS": 1354,
        "PE": 6.4,
        "Book Price": 11.3
      }
    },
    {
      "quarter": "Q2 2014",
      "income status": {
        "Net sales": 173267,
        "Cost of goods sold": 155986,
        "Gross Profit": 17281,
        "Financial expenses": 4207,
        "Of which: Interest expense": 2922,
        "Cost of sales": 18,
        "Enterprise cost management": 1462,
        "Total Operating Expenses": 5687,
        "Total revenue financing activities": 229,
        "Net profit from business activities": 11823,
        "Profit": 3054,
        "Profit before tax": 14876,
        "Present corporate income tax expenses": 3284,
        "Deferred income taxes expenses": "N/A",
        "The interests of minority shareholders": "N/A",
        "Total Cost of profits": 3284,
        "Profit after tax corporate income": 11592,
        "Volume": 30000000,
        "Close of Quarter": 7.7,
        "EPS": 1683,
        "Non-adjusted EPS": 1683,
        "PE": 4.6,
        "Book Price": 11.4
      }
    },
    {
      "quarter": "Q1 2014",
      "income status": {
        "Net sales": 19725,
        "Cost of goods sold": 17768,
        "Gross Profit": 1957,
        "Financial expenses": 669,
        "Of which: Interest expense": 1954,
        "Cost of sales": "N/A",
        "Enterprise cost management": 1505,
        "Total Operating Expenses": 2174,
        "Total revenue financing activities": 266,
        "Net profit from business activities": 49,
        "Profit": 373,
        "Profit before tax": 422,
        "Present corporate income tax expenses": 93,
        "Deferred income taxes expenses": "N/A",
        "The interests of minority shareholders": "N/A",
        "Total Cost of profits": 93,
        "Profit after tax corporate income": 329,
        "Volume": 30000000,
        "Close of Quarter": 9.3,
        "EPS": 1666,
        "Non-adjusted EPS": 1666,
        "PE": 5.6,
        "Book Price": 12.4
      }
    },
    {
      "quarter": "Q4 2013",
      "income status": {
        "Net sales": 303754,
        "Cost of goods sold": 258767,
        "Gross Profit": 44986,
        "Financial expenses": 1369,
        "Of which: Interest expense": 1369,
        "Cost of sales": 75,
        "Enterprise cost management": 1981,
        "Total Operating Expenses": 3425,
        "Total revenue financing activities": 228,
        "Net profit from business activities": 41790,
        "Profit": 2126,
        "Profit before tax": 43916,
        "Present corporate income tax expenses": 14211,
        "Deferred income taxes expenses": "N/A",
        "The interests of minority shareholders": "N/A",
        "Total Cost of profits": 14211,
        "Profit after tax corporate income": 29706,
        "Volume": 30000000,
        "Close of Quarter": 6.1,
        "EPS": 1672,
        "Non-adjusted EPS": 1672,
        "PE": 3.6,
        "Book Price": 12.5
      }
    },
    {
      "quarter": "Q3 2013",
      "income status": {
        "Net sales": 156296,
        "Cost of goods sold": 143250,
        "Gross Profit": 13047,
        "Financial expenses": 1043,
        "Of which: Interest expense": 1043,
        "Cost of sales": 243,
        "Enterprise cost management": 1640,
        "Total Operating Expenses": 2926,
        "Total revenue financing activities": 541,
        "Net profit from business activities": 10662,
        "Profit": 1054,
        "Profit before tax": 11716,
        "Present corporate income tax expenses": 2854,
        "Deferred income taxes expenses": "N/A",
        "The interests of minority shareholders": "N/A",
        "Total Cost of profits": 2854,
        "Profit after tax corporate income": 8862,
        "Volume": 30000000,
        "Close of Quarter": 5.2,
        "EPS": 1238,
        "Non-adjusted EPS": 1238,
        "PE": 4.2,
        "Book Price": 11.5
      }
    },
    {
      "quarter": "Q2 2013",
      "income status": {
        "Net sales": 249402,
        "Cost of goods sold": 230031,
        "Gross Profit": 19371,
        "Financial expenses": 2979,
        "Of which: Interest expense": 2979,
        "Cost of sales": 146,
        "Enterprise cost management": 1777,
        "Total Operating Expenses": 4902,
        "Total revenue financing activities": 77,
        "Net profit from business activities": 14546,
        "Profit": 243,
        "Profit before tax": 14789,
        "Present corporate income tax expenses": 3697,
        "Deferred income taxes expenses": "N/A",
        "The interests of minority shareholders": "N/A",
        "Total Cost of profits": 3697,
        "Profit after tax corporate income": 11092,
        "Volume": 30000000,
        "Close of Quarter": 5.3,
        "EPS": 1164,
        "Non-adjusted EPS": 1164,
        "PE": 4.6,
        "Book Price": 11.2
      }
    },
    {
      "quarter": "Q1 2013",
      "income status": {
        "Net sales": 49139,
        "Cost of goods sold": 46980,
        "Gross Profit": 2159,
        "Financial expenses": "N/A",
        "Of which: Interest expense": "N/A",
        "Cost of sales": "N/A",
        "Enterprise cost management": 1623,
        "Total Operating Expenses": 1623,
        "Total revenue financing activities": 132,
        "Net profit from business activities": 669,
        "Profit": 2,
        "Profit before tax": 670,
        "Present corporate income tax expenses": 168,
        "Deferred income taxes expenses": "N/A",
        "The interests of minority shareholders": "N/A",
        "Total Cost of profits": 168,
        "Profit after tax corporate income": 503,
        "Volume": 30000000,
        "Close of Quarter": 5.6,
        "EPS": 1310,
        "Non-adjusted EPS": 1310,
        "PE": 4.3,
        "Book Price": 12.5
      }
    },
    {
      "quarter": "Q4 2012",
      "income status": {
        "Net sales": 202233,
        "Cost of goods sold": 176415,
        "Gross Profit": 25818,
        "Financial expenses": 1108,
        "Of which: Interest expense": 1108,
        "Cost of sales": 409,
        "Enterprise cost management": 2203,
        "Total Operating Expenses": 3720,
        "Total revenue financing activities": 129,
        "Net profit from business activities": 22226,
        "Profit": 16,
        "Profit before tax": 22243,
        "Present corporate income tax expenses": 5561,
        "Deferred income taxes expenses": "N/A",
        "The interests of minority shareholders": "N/A",
        "Total Cost of profits": 5561,
        "Profit after tax corporate income": 16682,
        "Volume": 30000000,
        "Close of Quarter": 4.7,
        "EPS": 1640,
        "Non-adjusted EPS": 1640,
        "PE": 2.9,
        "Book Price": 12.4
      }
    },
    {
      "quarter": "Q3 2012",
      "income status": {
        "Net sales": 110555,
        "Cost of goods sold": 99501,
        "Gross Profit": 11053,
        "Financial expenses": 922,
        "Of which: Interest expense": 922,
        "Cost of sales": "N/A",
        "Enterprise cost management": 1386,
        "Total Operating Expenses": 2308,
        "Total revenue financing activities": 111,
        "Net profit from business activities": 8856,
        "Profit": "N/A",
        "Profit before tax": 8856,
        "Present corporate income tax expenses": 2214,
        "Deferred income taxes expenses": "N/A",
        "The interests of minority shareholders": "N/A",
        "Total Cost of profits": 2214,
        "Profit after tax corporate income": 6642,
        "Volume": 30000000,
        "Close of Quarter": 4.6,
        "EPS": 1806,
        "Non-adjusted EPS": 1806,
        "PE": 2.5,
        "Book Price": 11.8
      }
    },
    {
      "quarter": "Q2 2012",
      "income status": {
        "Net sales": 230836,
        "Cost of goods sold": 206968,
        "Gross Profit": 23868,
        "Financial expenses": 1928,
        "Of which: Interest expense": 1928,
        "Cost of sales": "N/A",
        "Enterprise cost management": 1587,
        "Total Operating Expenses": 3515,
        "Total revenue financing activities": 255,
        "Net profit from business activities": 20609,
        "Profit": 2,
        "Profit before tax": 20611,
        "Present corporate income tax expenses": 5153,
        "Deferred income taxes expenses": "N/A",
        "The interests of minority shareholders": "N/A",
        "Total Cost of profits": 5153,
        "Profit after tax corporate income": 15458,
        "Volume": 30000000,
        "Close of Quarter": 5.1,
        "EPS": 1728,
        "Non-adjusted EPS": 1728,
        "PE": 3.0,
        "Book Price": 11.6
      }
    },
    {
      "quarter": "Q1 2012",
      "income status": {
        "Net sales": 173564,
        "Cost of goods sold": 156129,
        "Gross Profit": 17436,
        "Financial expenses": 1636,
        "Of which: Interest expense": 1636,
        "Cost of sales": "N/A",
        "Enterprise cost management": 2131,
        "Total Operating Expenses": 3767,
        "Total revenue financing activities": 211,
        "Net profit from business activities": 13879,
        "Profit": "N/A",
        "Profit before tax": 13879,
        "Present corporate income tax expenses": 3470,
        "Deferred income taxes expenses": "N/A",
        "The interests of minority shareholders": "N/A",
        "Total Cost of profits": 3470,
        "Profit after tax corporate income": 10409,
        "Volume": 30000000,
        "Close of Quarter": 4.4,
        "EPS": 1677,
        "Non-adjusted EPS": 1677,
        "PE": 2.6,
        "Book Price": 12.9
      }
    },
    {
      "quarter": "Q4 2011",
      "income status": {
        "Net sales": 151433,
        "Cost of goods sold": 120536,
        "Gross Profit": 30897,
        "Financial expenses": 2191,
        "Of which: Interest expense": 2191,
        "Cost of sales": "N/A",
        "Enterprise cost management": 1767,
        "Total Operating Expenses": 3958,
        "Total revenue financing activities": 393,
        "Net profit from business activities": 27332,
        "Profit": 1547,
        "Profit before tax": 28878,
        "Present corporate income tax expenses": 7220,
        "Deferred income taxes expenses": "N/A",
        "The interests of minority shareholders": "N/A",
        "Total Cost of profits": 7220,
        "Profit after tax corporate income": 21659,
        "Volume": 30000000,
        "Close of Quarter": 3.4,
        "EPS": 1816,
        "Non-adjusted EPS": 1816,
        "PE": 1.9,
        "Book Price": 12.5
      }
    },
    {
      "quarter": "Q3 2011",
      "income status": {
        "Net sales": 64784,
        "Cost of goods sold": 57200,
        "Gross Profit": 7584,
        "Financial expenses": 1615,
        "Of which: Interest expense": 1615,
        "Cost of sales": 45,
        "Enterprise cost management": 1390,
        "Total Operating Expenses": 3050,
        "Total revenue financing activities": 465,
        "Net profit from business activities": 5000,
        "Profit": 741,
        "Profit before tax": 5741,
        "Present corporate income tax expenses": 1435,
        "Deferred income taxes expenses": "N/A",
        "The interests of minority shareholders": "N/A",
        "Total Cost of profits": 1435,
        "Profit after tax corporate income": 4305,
        "Volume": 30000000,
        "Close of Quarter": 4.3,
        "EPS": 1445,
        "Non-adjusted EPS": 1445,
        "PE": 3.0,
        "Book Price": 11.7
      }
    },
    {
      "quarter": "Q2 2011",
      "income status": {
        "Net sales": 198830,
        "Cost of goods sold": 179096,
        "Gross Profit": 19733,
        "Financial expenses": 12,
        "Of which: Interest expense": 12,
        "Cost of sales": "N/A",
        "Enterprise cost management": 1664,
        "Total Operating Expenses": 1676,
        "Total revenue financing activities": 522,
        "Net profit from business activities": 18580,
        "Profit": 4,
        "Profit before tax": 18584,
        "Present corporate income tax expenses": 4646,
        "Deferred income taxes expenses": "N/A",
        "The interests of minority shareholders": "N/A",
        "Total Cost of profits": 4646,
        "Profit after tax corporate income": 13938,
        "Volume": 30000000,
        "Close of Quarter": 3.9,
        "EPS": 1576,
        "Non-adjusted EPS": 1576,
        "PE": 2.5,
        "Book Price": 11.6
      }
    },
    {
      "quarter": "Q1 2011",
      "income status": {
        "Net sales": 188790,
        "Cost of goods sold": 169512,
        "Gross Profit": 19278,
        "Financial expenses": 357,
        "Of which: Interest expense": 329,
        "Cost of sales": "N/A",
        "Enterprise cost management": 1260,
        "Total Operating Expenses": 1617,
        "Total revenue financing activities": 742,
        "Net profit from business activities": 18403,
        "Profit": 960,
        "Profit before tax": 19362,
        "Present corporate income tax expenses": 4791,
        "Deferred income taxes expenses": "N/A",
        "The interests of minority shareholders": "N/A",
        "Total Cost of profits": 4791,
        "Profit after tax corporate income": 14572,
        "Volume": 30000000,
        "Close of Quarter": 4.5,
        "EPS": 1586,
        "Non-adjusted EPS": 1586,
        "PE": 2.9,
        "Book Price": 11.4
      }
    }
  ]
}