{
  "ticker": "ONE",
  "data": [
    {
      "quarter": "Q4 2016",
      "income status": {
        "Net sales": 186022,
        "Cost of goods sold": 172088,
        "Gross Profit": 13935,
        "Financial expenses": 4498,
        "Of which: Interest expense": 3961,
        "Cost of sales": 2987,
        "Enterprise cost management": 8529,
        "Total Operating Expenses": 16014,
        "Total revenue financing activities": 204,
        "Net profit from business activities": -1876,
        "Profit": -15,
        "Profit before tax": -1891,
        "Present corporate income tax expenses": "N/A",
        "Deferred income taxes expenses": "N/A",
        "The interests of minority shareholders": "N/A",
        "Total Cost of profits": 0,
        "Profit after tax corporate income": -1891,
        "Volume": 7236976,
        "Close of Quarter": 7.1,
        "EPS": 1294,
        "Non-adjusted EPS": 1294,
        "PE": 5.5,
        "Book Price": 12.7
      }
    },
    {
      "quarter": "Q3 2016",
      "income status": {
        "Net sales": 151656,
        "Cost of goods sold": 133670,
        "Gross Profit": 17985,
        "Financial expenses": 2248,
        "Of which: Interest expense": 2242,
        "Cost of sales": 2461,
        "Enterprise cost management": 5566,
        "Total Operating Expenses": 10275,
        "Total revenue financing activities": 209,
        "Net profit from business activities": 7920,
        "Profit": -505,
        "Profit before tax": 7415,
        "Present corporate income tax expenses": 1509,
        "Deferred income taxes expenses": "N/A",
        "The interests of minority shareholders": "N/A",
        "Total Cost of profits": 1509,
        "Profit after tax corporate income": 5906,
        "Volume": 7236976,
        "Close of Quarter": 8,
        "EPS": 1824,
        "Non-adjusted EPS": 1824,
        "PE": 4.4,
        "Book Price": 12.8
      }
    },
    {
      "quarter": "Q2 2016",
      "income status": {
        "Net sales": 118336,
        "Cost of goods sold": 108972,
        "Gross Profit": 9364,
        "Financial expenses": 3685,
        "Of which: Interest expense": 3637,
        "Cost of sales": 1642,
        "Enterprise cost management": 3552,
        "Total Operating Expenses": 8879,
        "Total revenue financing activities": 420,
        "Net profit from business activities": 906,
        "Profit": 3414,
        "Profit before tax": 4320,
        "Present corporate income tax expenses": 1055,
        "Deferred income taxes expenses": "N/A",
        "The interests of minority shareholders": "N/A",
        "Total Cost of profits": 1055,
        "Profit after tax corporate income": 3264,
        "Volume": 6461906,
        "Close of Quarter": 7.8,
        "EPS": 1131.3,
        "Non-adjusted EPS": 1267,
        "PE": 6.2,
        "Book Price": 12.1
      }
    },
    {
      "quarter": "Q1 2016",
      "income status": {
        "Net sales": 112493,
        "Cost of goods sold": 99875,
        "Gross Profit": 12618,
        "Financial expenses": 2652,
        "Of which: Interest expense": 2254,
        "Cost of sales": 1893,
        "Enterprise cost management": 5927,
        "Total Operating Expenses": 10472,
        "Total revenue financing activities": 338,
        "Net profit from business activities": 2484,
        "Profit": 121,
        "Profit before tax": 2605,
        "Present corporate income tax expenses": 521,
        "Deferred income taxes expenses": "N/A",
        "The interests of minority shareholders": "N/A",
        "Total Cost of profits": 521,
        "Profit after tax corporate income": 2084,
        "Volume": 6461906,
        "Close of Quarter": 7.9,
        "EPS": 1318.8,
        "Non-adjusted EPS": 1477,
        "PE": 5.3,
        "Book Price": 11.7
      }
    },
    {
      "quarter": "Q4 2015",
      "income status": {
        "Net sales": 201357,
        "Cost of goods sold": 180928,
        "Gross Profit": 20429,
        "Financial expenses": 4190,
        "Of which: Interest expense": 4017,
        "Cost of sales": 2357,
        "Enterprise cost management": 11904,
        "Total Operating Expenses": 18451,
        "Total revenue financing activities": 483,
        "Net profit from business activities": 2461,
        "Profit": 29,
        "Profit before tax": 2490,
        "Present corporate income tax expenses": 548,
        "Deferred income taxes expenses": "N/A",
        "The interests of minority shareholders": "N/A",
        "Total Cost of profits": 548,
        "Profit after tax corporate income": 1943,
        "Volume": 5000000,
        "Close of Quarter": 8.4,
        "EPS": 1343.1,
        "Non-adjusted EPS": 1944,
        "PE": 4.3,
        "Book Price": 9.5
      }
    },
    {
      "quarter": "Q3 2015",
      "income status": {
        "Net sales": 108827,
        "Cost of goods sold": 96645,
        "Gross Profit": 12182,
        "Financial expenses": 2978,
        "Of which: Interest expense": 1853,
        "Cost of sales": 1438,
        "Enterprise cost management": 6888,
        "Total Operating Expenses": 11304,
        "Total revenue financing activities": 83,
        "Net profit from business activities": 962,
        "Profit": 190,
        "Profit before tax": 1151,
        "Present corporate income tax expenses": 253,
        "Deferred income taxes expenses": "N/A",
        "The interests of minority shareholders": "N/A",
        "Total Cost of profits": 253,
        "Profit after tax corporate income": 898,
        "Volume": 5000000,
        "Close of Quarter": 8.1,
        "EPS": 1183.5,
        "Non-adjusted EPS": 1713,
        "PE": 4.7,
        "Book Price": 9.1
      }
    },
    {
      "quarter": "Q2 2015",
      "income status": {
        "Net sales": 144864,
        "Cost of goods sold": 131809,
        "Gross Profit": 13055,
        "Financial expenses": 1598,
        "Of which: Interest expense": 1485,
        "Cost of sales": 1808,
        "Enterprise cost management": 4108,
        "Total Operating Expenses": 7514,
        "Total revenue financing activities": 133,
        "Net profit from business activities": 5674,
        "Profit": 255,
        "Profit before tax": 5929,
        "Present corporate income tax expenses": 1312,
        "Deferred income taxes expenses": "N/A",
        "The interests of minority shareholders": "N/A",
        "Total Cost of profits": 1312,
        "Profit after tax corporate income": 4617,
        "Volume": 5000000,
        "Close of Quarter": 8.9,
        "EPS": 1461.3,
        "Non-adjusted EPS": 2115,
        "PE": 4.2,
        "Book Price": 9.0
      }
    },
    {
      "quarter": "Q1 2015",
      "income status": {
        "Net sales": 94329,
        "Cost of goods sold": 83126,
        "Gross Profit": 11203,
        "Financial expenses": 707,
        "Of which: Interest expense": 687,
        "Cost of sales": 1558,
        "Enterprise cost management": 6051,
        "Total Operating Expenses": 8316,
        "Total revenue financing activities": 73,
        "Net profit from business activities": 2959,
        "Profit": -61,
        "Profit before tax": 2898,
        "Present corporate income tax expenses": 638,
        "Deferred income taxes expenses": "N/A",
        "The interests of minority shareholders": "N/A",
        "Total Cost of profits": 638,
        "Profit after tax corporate income": 2260,
        "Volume": 5000000,
        "Close of Quarter": 7.2,
        "EPS": 1023.2,
        "Non-adjusted EPS": 1481,
        "PE": 4.9,
        "Book Price": 9.1
      }
    },
    {
      "quarter": "Q4 2014",
      "income status": {
        "Net sales": 117170,
        "Cost of goods sold": 104320,
        "Gross Profit": 12849,
        "Financial expenses": 491,
        "Of which: Interest expense": 363,
        "Cost of sales": 1919,
        "Enterprise cost management": 9496,
        "Total Operating Expenses": 11906,
        "Total revenue financing activities": 85,
        "Net profit from business activities": 1029,
        "Profit": -16,
        "Profit before tax": 1013,
        "Present corporate income tax expenses": 223,
        "Deferred income taxes expenses": "N/A",
        "The interests of minority shareholders": "N/A",
        "Total Cost of profits": 223,
        "Profit after tax corporate income": 790,
        "Volume": 5000000,
        "Close of Quarter": 7.1,
        "EPS": 856.7,
        "Non-adjusted EPS": 1240,
        "PE": 5.8,
        "Book Price": 9.1
      }
    },
    {
      "quarter": "Q3 2014",
      "income status": {
        "Net sales": 151290,
        "Cost of goods sold": 137841,
        "Gross Profit": 13448,
        "Financial expenses": 562,
        "Of which: Interest expense": 541,
        "Cost of sales": 1338,
        "Enterprise cost management": 5881,
        "Total Operating Expenses": 7781,
        "Total revenue financing activities": 197,
        "Net profit from business activities": 5865,
        "Profit": -1553,
        "Profit before tax": 4312,
        "Present corporate income tax expenses": 1404,
        "Deferred income taxes expenses": "N/A",
        "The interests of minority shareholders": "N/A",
        "Total Cost of profits": 1404,
        "Profit after tax corporate income": 2909,
        "Volume": 5000000,
        "Close of Quarter": 6.8,
        "EPS": 968.6,
        "Non-adjusted EPS": 1402,
        "PE": 4.8,
        "Book Price": 8.9
      }
    },
    {
      "quarter": "Q2 2014",
      "income status": {
        "Net sales": 61698,
        "Cost of goods sold": 53540,
        "Gross Profit": 8158,
        "Financial expenses": 1559,
        "Of which: Interest expense": 1071,
        "Cost of sales": 1273,
        "Enterprise cost management": 3776,
        "Total Operating Expenses": 6608,
        "Total revenue financing activities": 533,
        "Net profit from business activities": 2083,
        "Profit": -98,
        "Profit before tax": 1985,
        "Present corporate income tax expenses": 541,
        "Deferred income taxes expenses": "N/A",
        "The interests of minority shareholders": "N/A",
        "Total Cost of profits": 541,
        "Profit after tax corporate income": 1444,
        "Volume": 5000000,
        "Close of Quarter": 6.1,
        "EPS": 754.5,
        "Non-adjusted EPS": 1092,
        "PE": 5.6,
        "Book Price": 8.3
      }
    },
    {
      "quarter": "Q1 2014",
      "income status": {
        "Net sales": 23716,
        "Cost of goods sold": 16902,
        "Gross Profit": 6814,
        "Financial expenses": 413,
        "Of which: Interest expense": 398,
        "Cost of sales": 804,
        "Enterprise cost management": 4822,
        "Total Operating Expenses": 6039,
        "Total revenue financing activities": 346,
        "Net profit from business activities": 1121,
        "Profit": 236,
        "Profit before tax": 1358,
        "Present corporate income tax expenses": 299,
        "Deferred income taxes expenses": "N/A",
        "The interests of minority shareholders": "N/A",
        "Total Cost of profits": 299,
        "Profit after tax corporate income": 1059,
        "Volume": 5000000,
        "Close of Quarter": 6.3,
        "EPS": 666.7,
        "Non-adjusted EPS": 965,
        "PE": 6.5,
        "Book Price": 8.9
      }
    },
    {
      "quarter": "Q4 2013",
      "income status": {
        "Net sales": 92448,
        "Cost of goods sold": 79547,
        "Gross Profit": 12901,
        "Financial expenses": 471,
        "Of which: Interest expense": 284,
        "Cost of sales": 1094,
        "Enterprise cost management": 9511,
        "Total Operating Expenses": 11076,
        "Total revenue financing activities": 228,
        "Net profit from business activities": 2053,
        "Profit": 214,
        "Profit before tax": 2267,
        "Present corporate income tax expenses": 668,
        "Deferred income taxes expenses": "N/A",
        "The interests of minority shareholders": "N/A",
        "Total Cost of profits": 668,
        "Profit after tax corporate income": 1599,
        "Volume": 5000000,
        "Close of Quarter": 4.9,
        "EPS": 846.4,
        "Non-adjusted EPS": 1225,
        "PE": 4.0,
        "Book Price": 9.0
      }
    },
    {
      "quarter": "Q3 2013",
      "income status": {
        "Net sales": 54702,
        "Cost of goods sold": 46201,
        "Gross Profit": 8501,
        "Financial expenses": 848,
        "Of which: Interest expense": 714,
        "Cost of sales": 1248,
        "Enterprise cost management": 4812,
        "Total Operating Expenses": 6908,
        "Total revenue financing activities": 53,
        "Net profit from business activities": 1646,
        "Profit": 168,
        "Profit before tax": 1814,
        "Present corporate income tax expenses": 453,
        "Deferred income taxes expenses": "N/A",
        "The interests of minority shareholders": "N/A",
        "Total Cost of profits": 453,
        "Profit after tax corporate income": 1360,
        "Volume": 5000000,
        "Close of Quarter": 5.1,
        "EPS": 482.9,
        "Non-adjusted EPS": 699,
        "PE": 7.3,
        "Book Price": 8.6
      }
    },
    {
      "quarter": "Q2 2013",
      "income status": {
        "Net sales": 42476,
        "Cost of goods sold": 34008,
        "Gross Profit": 8468,
        "Financial expenses": 1420,
        "Of which: Interest expense": 1213,
        "Cost of sales": 944,
        "Enterprise cost management": 2340,
        "Total Operating Expenses": 4704,
        "Total revenue financing activities": 378,
        "Net profit from business activities": 4144,
        "Profit": -2074,
        "Profit before tax": 2069,
        "Present corporate income tax expenses": 1260,
        "Deferred income taxes expenses": "N/A",
        "The interests of minority shareholders": "N/A",
        "Total Cost of profits": 1260,
        "Profit after tax corporate income": 809,
        "Volume": 5000000,
        "Close of Quarter": 4.9,
        "EPS": 623.2,
        "Non-adjusted EPS": 902,
        "PE": 5.4,
        "Book Price": 8.4
      }
    },
    {
      "quarter": "Q1 2013",
      "income status": {
        "Net sales": 78804,
        "Cost of goods sold": 69459,
        "Gross Profit": 9344,
        "Financial expenses": 531,
        "Of which: Interest expense": 468,
        "Cost of sales": 1162,
        "Enterprise cost management": 4560,
        "Total Operating Expenses": 6253,
        "Total revenue financing activities": 20,
        "Net profit from business activities": 3111,
        "Profit": 30,
        "Profit before tax": 3141,
        "Present corporate income tax expenses": 785,
        "Deferred income taxes expenses": "N/A",
        "The interests of minority shareholders": "N/A",
        "Total Cost of profits": 785,
        "Profit after tax corporate income": 2356,
        "Volume": 5000000,
        "Close of Quarter": 4.4,
        "EPS": 972.1,
        "Non-adjusted EPS": 1407,
        "PE": 3.2,
        "Book Price": 9.3
      }
    },
    {
      "quarter": "Q4 2012",
      "income status": {
        "Net sales": 93383,
        "Cost of goods sold": 77971,
        "Gross Profit": 15412,
        "Financial expenses": 1375,
        "Of which: Interest expense": 1299,
        "Cost of sales": 1859,
        "Enterprise cost management": 13391,
        "Total Operating Expenses": 16625,
        "Total revenue financing activities": 162,
        "Net profit from business activities": -1052,
        "Profit": 23,
        "Profit before tax": -1029,
        "Present corporate income tax expenses": "N/A",
        "Deferred income taxes expenses": "N/A",
        "The interests of minority shareholders": "N/A",
        "Total Cost of profits": 0,
        "Profit after tax corporate income": -1029,
        "Volume": 5000000,
        "Close of Quarter": 4.9,
        "EPS": 982.5,
        "Non-adjusted EPS": 1422,
        "PE": 3.4,
        "Book Price": 9.2
      }
    },
    {
      "quarter": "Q3 2012",
      "income status": {
        "Net sales": 56025,
        "Cost of goods sold": 47338,
        "Gross Profit": 8687,
        "Financial expenses": 862,
        "Of which: Interest expense": 849,
        "Cost of sales": 941,
        "Enterprise cost management": 4089,
        "Total Operating Expenses": 5892,
        "Total revenue financing activities": 113,
        "Net profit from business activities": 2908,
        "Profit": -31,
        "Profit before tax": 2878,
        "Present corporate income tax expenses": 504,
        "Deferred income taxes expenses": "N/A",
        "The interests of minority shareholders": "N/A",
        "Total Cost of profits": 504,
        "Profit after tax corporate income": 2374,
        "Volume": 5000000,
        "Close of Quarter": 3.7,
        "EPS": 2696.6,
        "Non-adjusted EPS": 3903,
        "PE": 0.9,
        "Book Price": 9.3
      }
    },
    {
      "quarter": "Q2 2012",
      "income status": {
        "Net sales": 43658,
        "Cost of goods sold": 32725,
        "Gross Profit": 10932,
        "Financial expenses": 1422,
        "Of which: Interest expense": 1353,
        "Cost of sales": 951,
        "Enterprise cost management": 4319,
        "Total Operating Expenses": 6692,
        "Total revenue financing activities": 212,
        "Net profit from business activities": 4453,
        "Profit": 4,
        "Profit before tax": 4456,
        "Present corporate income tax expenses": 1122,
        "Deferred income taxes expenses": "N/A",
        "The interests of minority shareholders": "N/A",
        "Total Cost of profits": 1122,
        "Profit after tax corporate income": 3335,
        "Volume": 5000000,
        "Close of Quarter": 4.3,
        "EPS": 2275.1,
        "Non-adjusted EPS": 3293,
        "PE": 1.3,
        "Book Price": 8.6
      }
    },
    {
      "quarter": "Q1 2012",
      "income status": {
        "Net sales": 61664,
        "Cost of goods sold": 51019,
        "Gross Profit": 10644,
        "Financial expenses": 1050,
        "Of which: Interest expense": 663,
        "Cost of sales": 1139,
        "Enterprise cost management": 5410,
        "Total Operating Expenses": 7599,
        "Total revenue financing activities": 217,
        "Net profit from business activities": 3262,
        "Profit": -25,
        "Profit before tax": 3237,
        "Present corporate income tax expenses": 809,
        "Deferred income taxes expenses": "N/A",
        "The interests of minority shareholders": "N/A",
        "Total Cost of profits": 809,
        "Profit after tax corporate income": 2428,
        "Volume": 5000000,
        "Close of Quarter": 4.2,
        "EPS": 1129.6,
        "Non-adjusted EPS": 1635,
        "PE": 2.6,
        "Book Price": 9.2
      }
    },
    {
      "quarter": "Q4 2011",
      "income status": {
        "Net sales": 104332,
        "Cost of goods sold": 82042,
        "Gross Profit": 22290,
        "Financial expenses": 2863,
        "Of which: Interest expense": 1985,
        "Cost of sales": 1570,
        "Enterprise cost management": 6482,
        "Total Operating Expenses": 10915,
        "Total revenue financing activities": 834,
        "Net profit from business activities": 12209,
        "Profit": 1583,
        "Profit before tax": 8856,
        "Present corporate income tax expenses": 2414,
        "Deferred income taxes expenses": "N/A",
        "The interests of minority shareholders": "N/A",
        "Total Cost of profits": 2414,
        "Profit after tax corporate income": 11379,
        "Volume": 5000000,
        "Close of Quarter": 3.0,
        "EPS": 866.4,
        "Non-adjusted EPS": 1254,
        "PE": 2.4,
        "Book Price": 9.0
      }
    },
    {
      "quarter": "Q3 2011",
      "income status": {
        "Net sales": 74054,
        "Cost of goods sold": 68460,
        "Gross Profit": 5594,
        "Financial expenses": 1086,
        "Of which: Interest expense": 1053,
        "Cost of sales": 1611,
        "Enterprise cost management": 4050,
        "Total Operating Expenses": 6747,
        "Total revenue financing activities": 127,
        "Net profit from business activities": -1026,
        "Profit": 349,
        "Profit before tax": -677,
        "Present corporate income tax expenses": "N/A",
        "Deferred income taxes expenses": "N/A",
        "The interests of minority shareholders": "N/A",
        "Total Cost of profits": 0,
        "Profit after tax corporate income": -677,
        "Volume": 5000000,
        "Close of Quarter": 3.6,
        "EPS": 836.7,
        "Non-adjusted EPS": 1211,
        "PE": 3.0,
        "Book Price": 7.1
      }
    },
    {
      "quarter": "Q2 2011",
      "income status": {
        "Net sales": 37590,
        "Cost of goods sold": 29919,
        "Gross Profit": 7671,
        "Financial expenses": 6459,
        "Of which: Interest expense": 979,
        "Cost of sales": 2035,
        "Enterprise cost management": 5991,
        "Total Operating Expenses": 14485,
        "Total revenue financing activities": 217,
        "Net profit from business activities": -6598,
        "Profit": 1643,
        "Profit before tax": -4955,
        "Present corporate income tax expenses": "N/A",
        "Deferred income taxes expenses": "N/A",
        "The interests of minority shareholders": "N/A",
        "Total Cost of profits": 0,
        "Profit after tax corporate income": -4955,
        "Volume": 5000000,
        "Close of Quarter": 4.2,
        "EPS": 1081.3,
        "Non-adjusted EPS": 1565,
        "PE": 2.7,
        "Book Price": 7.3
      }
    },
    {
      "quarter": "Q1 2011",
      "income status": {
        "Net sales": 35940,
        "Cost of goods sold": 27262,
        "Gross Profit": 8678,
        "Financial expenses": 1842,
        "Of which: Interest expense": 809,
        "Cost of sales": 1270,
        "Enterprise cost management": 5807,
        "Total Operating Expenses": 8919,
        "Total revenue financing activities": 845,
        "Net profit from business activities": 604,
        "Profit": 91,
        "Profit before tax": 695,
        "Present corporate income tax expenses": 174,
        "Deferred income taxes expenses": "N/A",
        "The interests of minority shareholders": "N/A",
        "Total Cost of profits": 174,
        "Profit after tax corporate income": 522,
        "Volume": 3570000,
        "Close of Quarter": 5.1,
        "EPS": 1793.2,
        "Non-adjusted EPS": 3635,
        "PE": 1.4,
        "Book Price": 8.7
      }
    }
  ]
}