{
  "ticker": "TIX",
  "data": [
    {
      "quarter": "Q4 2016",
      "income status": {
        "Net sales": 158819,
        "Cost of goods sold": 112107,
        "Gross Profit": 46711,
        "Financial expenses": "N/A",
        "Of which: Interest expense": "N/A",
        "Cost of sales": 11907,
        "Enterprise cost management": 3643,
        "Total Operating Expenses": 15550,
        "Total revenue financing activities": 3301,
        "Net profit from business activities": 34463,
        "Profit": 15,
        "Profit before tax": 34478,
        "Present corporate income tax expenses": 6512,
        "Deferred income taxes expenses": "N/A",
        "The interests of minority shareholders": "N/A",
        "Total Cost of profits": 6512,
        "Profit after tax corporate income": 27965,
        "Volume": 23246000,
        "Close of Quarter": 40.5,
        "EPS": 2913,
        "Non-adjusted EPS": 2913,
        "PE": 13.9,
        "Book Price": 24.4
      }
    },
    {
      "quarter": "Q3 2016",
      "income status": {
        "Net sales": 36257,
        "Cost of goods sold": 11293,
        "Gross Profit": 24964,
        "Financial expenses": 521,
        "Of which: Interest expense": 55,
        "Cost of sales": 8066,
        "Enterprise cost management": 3613,
        "Total Operating Expenses": 12200,
        "Total revenue financing activities": 7930,
        "Net profit from business activities": 20694,
        "Profit": -3202,
        "Profit before tax": 17492,
        "Present corporate income tax expenses": 3886,
        "Deferred income taxes expenses": "N/A",
        "The interests of minority shareholders": "N/A",
        "Total Cost of profits": 3886,
        "Profit after tax corporate income": 13606,
        "Volume": 23246000,
        "Close of Quarter": 27.0,
        "EPS": 2863,
        "Non-adjusted EPS": 2863,
        "PE": 9.4,
        "Book Price": 24.2
      }
    },
    {
      "quarter": "Q2 2016",
      "income status": {
        "Net sales": 33996,
        "Cost of goods sold": 10914,
        "Gross Profit": 23082,
        "Financial expenses": 110,
        "Of which: Interest expense": 110,
        "Cost of sales": 8111,
        "Enterprise cost management": 5334,
        "Total Operating Expenses": 13555,
        "Total revenue financing activities": 3251,
        "Net profit from business activities": 12779,
        "Profit": 365,
        "Profit before tax": 13144,
        "Present corporate income tax expenses": 2472,
        "Deferred income taxes expenses": "N/A",
        "The interests of minority shareholders": "N/A",
        "Total Cost of profits": 2472,
        "Profit after tax corporate income": 10672,
        "Volume": 23246000,
        "Close of Quarter": 30.0,
        "EPS": 3365,
        "Non-adjusted EPS": 3365,
        "PE": 8.9,
        "Book Price": 24.7
      }
    },
    {
      "quarter": "Q1 2016",
      "income status": {
        "Net sales": 31681,
        "Cost of goods sold": 9075,
        "Gross Profit": 22606,
        "Financial expenses": 865,
        "Of which: Interest expense": 724,
        "Cost of sales": 9123,
        "Enterprise cost management": 4276,
        "Total Operating Expenses": 14264,
        "Total revenue financing activities": 12410,
        "Net profit from business activities": 18116,
        "Profit": 707,
        "Profit before tax": 18823,
        "Present corporate income tax expenses": 10330,
        "Deferred income taxes expenses": -6969,
        "The interests of minority shareholders": "N/A",
        "Total Cost of profits": 3361,
        "Profit after tax corporate income": 15462,
        "Volume": 23246000,
        "Close of Quarter": 22.6,
        "EPS": 3942,
        "Non-adjusted EPS": 3942,
        "PE": 5.7,
        "Book Price": 24.2
      }
    },
    {
      "quarter": "Q4 2015",
      "income status": {
        "Net sales": 51881,
        "Cost of goods sold": 10161,
        "Gross Profit": 41720,
        "Financial expenses": 1191,
        "Of which: Interest expense": 1191,
        "Cost of sales": 7667,
        "Enterprise cost management": 3569,
        "Total Operating Expenses": 12427,
        "Total revenue financing activities": 1801,
        "Net profit from business activities": 33731,
        "Profit": 43,
        "Profit before tax": 33774,
        "Present corporate income tax expenses": "N/A",
        "Deferred income taxes expenses": 6969,
        "The interests of minority shareholders": "N/A",
        "Total Cost of profits": 6969,
        "Profit after tax corporate income": 26805,
        "Volume": 23246000,
        "Close of Quarter": 23.6,
        "EPS": 3891,
        "Non-adjusted EPS": 3891,
        "PE": 6.1,
        "Book Price": 26.5
      }
    },
    {
      "quarter": "Q3 2015",
      "income status": {
        "Net sales": 66014,
        "Cost of goods sold": 23942,
        "Gross Profit": 42071,
        "Financial expenses": 1519,
        "Of which: Interest expense": 1275,
        "Cost of sales": 10960,
        "Enterprise cost management": 6620,
        "Total Operating Expenses": 19099,
        "Total revenue financing activities": 6183,
        "Net profit from business activities": 32110,
        "Profit": -150,
        "Profit before tax": 31960,
        "Present corporate income tax expenses": 6326,
        "Deferred income taxes expenses": 339,
        "The interests of minority shareholders": "N/A",
        "Total Cost of profits": 6665,
        "Profit after tax corporate income": 25295,
        "Volume": 23246000,
        "Close of Quarter": 17.8,
        "EPS": 3141,
        "Non-adjusted EPS": 3141,
        "PE": 5.7,
        "Book Price": 24.6
      }
    },
    {
      "quarter": "Q2 2015",
      "income status": {
        "Net sales": 34541,
        "Cost of goods sold": 14502,
        "Gross Profit": 20039,
        "Financial expenses": 1034,
        "Of which: Interest expense": 1034,
        "Cost of sales": 8529,
        "Enterprise cost management": 4878,
        "Total Operating Expenses": 14441,
        "Total revenue financing activities": 1980,
        "Net profit from business activities": 10730,
        "Profit": 19366,
        "Profit before tax": 30096,
        "Present corporate income tax expenses": 6020,
        "Deferred income taxes expenses": "N/A",
        "The interests of minority shareholders": "N/A",
        "Total Cost of profits": 6020,
        "Profit after tax corporate income": 24076,
        "Volume": 23246000,
        "Close of Quarter": 18.4,
        "EPS": 2555,
        "Non-adjusted EPS": 2555,
        "PE": 7.2,
        "Book Price": 24.7
      }
    },
    {
      "quarter": "Q1 2015",
      "income status": {
        "Net sales": 51201,
        "Cost of goods sold": 27134,
        "Gross Profit": 24067,
        "Financial expenses": 830,
        "Of which: Interest expense": 720,
        "Cost of sales": 7196,
        "Enterprise cost management": 4926,
        "Total Operating Expenses": 12952,
        "Total revenue financing activities": 4015,
        "Net profit from business activities": 17477,
        "Profit": 898,
        "Profit before tax": 18375,
        "Present corporate income tax expenses": 4091,
        "Deferred income taxes expenses": "N/A",
        "The interests of minority shareholders": "N/A",
        "Total Cost of profits": 4091,
        "Profit after tax corporate income": 14285,
        "Volume": 23246000,
        "Close of Quarter": 19.7,
        "EPS": 2727,
        "Non-adjusted EPS": 2727,
        "PE": 7.2,
        "Book Price": 23.6
      }
    },
    {
      "quarter": "Q4 2014",
      "income status": {
        "Net sales": 29932,
        "Cost of goods sold": 11592,
        "Gross Profit": 18340,
        "Financial expenses": 955,
        "Of which: Interest expense": 944,
        "Cost of sales": 7471,
        "Enterprise cost management": 4581,
        "Total Operating Expenses": 13007,
        "Total revenue financing activities": 3379,
        "Net profit from business activities": 11294,
        "Profit": 92,
        "Profit before tax": 11386,
        "Present corporate income tax expenses": 2015,
        "Deferred income taxes expenses": "N/A",
        "The interests of minority shareholders": "N/A",
        "Total Cost of profits": 2015,
        "Profit after tax corporate income": 9371,
        "Volume": 23246000,
        "Close of Quarter": 19.0,
        "EPS": 2914,
        "Non-adjusted EPS": 2914,
        "PE": 6.5,
        "Book Price": 25.2
      }
    },
    {
      "quarter": "Q3 2014",
      "income status": {
        "Net sales": 146836,
        "Cost of goods sold": 107522,
        "Gross Profit": 39314,
        "Financial expenses": 2503,
        "Of which: Interest expense": 1297,
        "Cost of sales": 23199,
        "Enterprise cost management": 12666,
        "Total Operating Expenses": 38368,
        "Total revenue financing activities": 4969,
        "Net profit from business activities": 9646,
        "Profit": 4193,
        "Profit before tax": 13839,
        "Present corporate income tax expenses": -2656,
        "Deferred income taxes expenses": 4838,
        "The interests of minority shareholders": "N/A",
        "Total Cost of profits": 2182,
        "Profit after tax corporate income": 11657,
        "Volume": 23246000,
        "Close of Quarter": 16.6,
        "EPS": 3110,
        "Non-adjusted EPS": 3110,
        "PE": 5.4,
        "Book Price": 24.1
      }
    },
    {
      "quarter": "Q2 2014",
      "income status": {
        "Net sales": 89500,
        "Cost of goods sold": 40286,
        "Gross Profit": 49215,
        "Financial expenses": 2025,
        "Of which: Interest expense": 929,
        "Cost of sales": 11842,
        "Enterprise cost management": 4333,
        "Total Operating Expenses": 18200,
        "Total revenue financing activities": 2715,
        "Net profit from business activities": 35798,
        "Profit": 130,
        "Profit before tax": 35928,
        "Present corporate income tax expenses": 4051,
        "Deferred income taxes expenses": 3801,
        "The interests of minority shareholders": "N/A",
        "Total Cost of profits": 7852,
        "Profit after tax corporate income": 28076,
        "Volume": 23246000,
        "Close of Quarter": 17.4,
        "EPS": 3414,
        "Non-adjusted EPS": 3414,
        "PE": 5.1,
        "Book Price": 24.7
      }
    },
    {
      "quarter": "Q1 2014",
      "income status": {
        "Net sales": 59799,
        "Cost of goods sold": 26591,
        "Gross Profit": 33207,
        "Financial expenses": 3815,
        "Of which: Interest expense": 2063,
        "Cost of sales": 10375,
        "Enterprise cost management": 4844,
        "Total Operating Expenses": 19034,
        "Total revenue financing activities": 8068,
        "Net profit from business activities": 23573,
        "Profit": "N/A",
        "Profit before tax": 23574,
        "Present corporate income tax expenses": 4946,
        "Deferred income taxes expenses": "N/A",
        "The interests of minority shareholders": "N/A",
        "Total Cost of profits": 4946,
        "Profit after tax corporate income": 18628,
        "Volume": 23246000,
        "Close of Quarter": 18.1,
        "EPS": 2908,
        "Non-adjusted EPS": 2908,
        "PE": 6.2,
        "Book Price": 22.6
      }
    },
    {
      "quarter": "Q4 2013",
      "income status": {
        "Net sales": 44259,
        "Cost of goods sold": 13564,
        "Gross Profit": 30695,
        "Financial expenses": 2071,
        "Of which: Interest expense": 2065,
        "Cost of sales": 11023,
        "Enterprise cost management": 4541,
        "Total Operating Expenses": 17635,
        "Total revenue financing activities": 3135,
        "Net profit from business activities": 16195,
        "Profit": 237,
        "Profit before tax": 18123,
        "Present corporate income tax expenses": 4182,
        "Deferred income taxes expenses": "N/A",
        "The interests of minority shareholders": "N/A",
        "Total Cost of profits": 4182,
        "Profit after tax corporate income": 13941,
        "Volume": 23246000,
        "Close of Quarter": 14.7,
        "EPS": 2777,
        "Non-adjusted EPS": 2777,
        "PE": 5.3,
        "Book Price": 24.2
      }
    },
    {
      "quarter": "Q3 2013",
      "income status": {
        "Net sales": 109662,
        "Cost of goods sold": 69548,
        "Gross Profit": 40114,
        "Financial expenses": 3998,
        "Of which: Interest expense": 2444,
        "Cost of sales": 10271,
        "Enterprise cost management": 5744,
        "Total Operating Expenses": 20013,
        "Total revenue financing activities": 2933,
        "Net profit from business activities": 23034,
        "Profit": 594,
        "Profit before tax": 24411,
        "Present corporate income tax expenses": 4820,
        "Deferred income taxes expenses": 874,
        "The interests of minority shareholders": "N/A",
        "Total Cost of profits": 5694,
        "Profit after tax corporate income": 18717,
        "Volume": 23246000,
        "Close of Quarter": 13.1,
        "EPS": 2906,
        "Non-adjusted EPS": 2906,
        "PE": 4.5,
        "Book Price": 22.6
      }
    },
    {
      "quarter": "Q2 2013",
      "income status": {
        "Net sales": 74268,
        "Cost of goods sold": 38662,
        "Gross Profit": 35606,
        "Financial expenses": 2119,
        "Of which: Interest expense": 2119,
        "Cost of sales": 9535,
        "Enterprise cost management": 6677,
        "Total Operating Expenses": 18331,
        "Total revenue financing activities": 3994,
        "Net profit from business activities": 21270,
        "Profit": 227,
        "Profit before tax": 21497,
        "Present corporate income tax expenses": 5194,
        "Deferred income taxes expenses": "N/A",
        "The interests of minority shareholders": "N/A",
        "Total Cost of profits": 5194,
        "Profit after tax corporate income": 16303,
        "Volume": 23246000,
        "Close of Quarter": 13.1,
        "EPS": 2657,
        "Non-adjusted EPS": 2657,
        "PE": 4.9,
        "Book Price": 23
      }
    },
    {
      "quarter": "Q1 2013",
      "income status": {
        "Net sales": 80234,
        "Cost of goods sold": 47456,
        "Gross Profit": 32778,
        "Financial expenses": 2886,
        "Of which: Interest expense": 2923,
        "Cost of sales": 7128,
        "Enterprise cost management": 5233,
        "Total Operating Expenses": 15247,
        "Total revenue financing activities": 4537,
        "Net profit from business activities": 22068,
        "Profit": -1296,
        "Profit before tax": 21242,
        "Present corporate income tax expenses": 5653,
        "Deferred income taxes expenses": "N/A",
        "The interests of minority shareholders": "N/A",
        "Total Cost of profits": 5653,
        "Profit after tax corporate income": 15588,
        "Volume": 23246000,
        "Close of Quarter": 12.4,
        "EPS": 2283,
        "Non-adjusted EPS": 2283,
        "PE": 5.4,
        "Book Price": 24.1
      }
    },
    {
      "quarter": "Q4 2012",
      "income status": {
        "Net sales": 74790,
        "Cost of goods sold": 37523,
        "Gross Profit": 37267,
        "Financial expenses": 3019,
        "Of which: Interest expense": 3053,
        "Cost of sales": 12459,
        "Enterprise cost management": 8129,
        "Total Operating Expenses": 23607,
        "Total revenue financing activities": 13613,
        "Net profit from business activities": 27273,
        "Profit": -4031,
        "Profit before tax": 22094,
        "Present corporate income tax expenses": 5156,
        "Deferred income taxes expenses": "N/A",
        "The interests of minority shareholders": "N/A",
        "Total Cost of profits": 5156,
        "Profit after tax corporate income": 16938,
        "Volume": 23246000,
        "Close of Quarter": 13.5,
        "EPS": 3852,
        "Non-adjusted EPS": 3852,
        "PE": 3.5,
        "Book Price": 22.4
      }
    },
    {
      "quarter": "Q3 2012",
      "income status": {
        "Net sales": 191297,
        "Cost of goods sold": 153991,
        "Gross Profit": 37306,
        "Financial expenses": 4652,
        "Of which: Interest expense": 4236,
        "Cost of sales": 11471,
        "Enterprise cost management": 10668,
        "Total Operating Expenses": 26791,
        "Total revenue financing activities": 6611,
        "Net profit from business activities": 17126,
        "Profit": 346,
        "Profit before tax": 17472,
        "Present corporate income tax expenses": 4530,
        "Deferred income taxes expenses": "N/A",
        "The interests of minority shareholders": "N/A",
        "Total Cost of profits": 4530,
        "Profit after tax corporate income": 12942,
        "Volume": 23246000,
        "Close of Quarter": 13.1,
        "EPS": 3505,
        "Non-adjusted EPS": 3505,
        "PE": 3.7,
        "Book Price": 22.5
      }
    },
    {
      "quarter": "Q2 2012",
      "income status": {
        "Net sales": 182775,
        "Cost of goods sold": 149971,
        "Gross Profit": 32805,
        "Financial expenses": 11469,
        "Of which: Interest expense": 4891,
        "Cost of sales": 19085,
        "Enterprise cost management": 9755,
        "Total Operating Expenses": 40309,
        "Total revenue financing activities": 14954,
        "Net profit from business activities": 7450,
        "Profit": 375,
        "Profit before tax": 11861,
        "Present corporate income tax expenses": 4255,
        "Deferred income taxes expenses": "N/A",
        "The interests of minority shareholders": "N/A",
        "Total Cost of profits": 4255,
        "Profit after tax corporate income": 7606,
        "Volume": 23246000,
        "Close of Quarter": 13.1,
        "EPS": 3457,
        "Non-adjusted EPS": 3457,
        "PE": 3.8,
        "Book Price": 22.1
      }
    },
    {
      "quarter": "Q1 2012",
      "income status": {
        "Net sales": 310955,
        "Cost of goods sold": 206897,
        "Gross Profit": 104059,
        "Financial expenses": 8017,
        "Of which: Interest expense": 7326,
        "Cost of sales": 24982,
        "Enterprise cost management": 7872,
        "Total Operating Expenses": 40871,
        "Total revenue financing activities": 11941,
        "Net profit from business activities": 75129,
        "Profit": 237,
        "Profit before tax": 69683,
        "Present corporate income tax expenses": 17638,
        "Deferred income taxes expenses": "N/A",
        "The interests of minority shareholders": "N/A",
        "Total Cost of profits": 17638,
        "Profit after tax corporate income": 52046,
        "Volume": 23246000,
        "Close of Quarter": 10.9,
        "EPS": 4177,
        "Non-adjusted EPS": 4177,
        "PE": 2.6,
        "Book Price": 24.6
      }
    },
    {
      "quarter": "Q4 2011",
      "income status": {
        "Net sales": 199250,
        "Cost of goods sold": 152487,
        "Gross Profit": 46763,
        "Financial expenses": 9173,
        "Of which: Interest expense": 8959,
        "Cost of sales": 20985,
        "Enterprise cost management": 13200,
        "Total Operating Expenses": 43358,
        "Total revenue financing activities": 13320,
        "Net profit from business activities": 16725,
        "Profit": 285,
        "Profit before tax": 11746,
        "Present corporate income tax expenses": 2685,
        "Deferred income taxes expenses": 183,
        "The interests of minority shareholders": "N/A",
        "Total Cost of profits": 2868,
        "Profit after tax corporate income": 8878,
        "Volume": 24000000,
        "Close of Quarter": 11.1,
        "EPS": 4432.3,
        "Non-adjusted EPS": 4293,
        "PE": 2.6,
        "Book Price": 22.5
      }
    },
    {
      "quarter": "Q3 2011",
      "income status": {
        "Net sales": 222152,
        "Cost of goods sold": 180193,
        "Gross Profit": 41958,
        "Financial expenses": 9118,
        "Of which: Interest expense": 8449,
        "Cost of sales": 17790,
        "Enterprise cost management": 8493,
        "Total Operating Expenses": 35401,
        "Total revenue financing activities": 8629,
        "Net profit from business activities": 15186,
        "Profit": 696,
        "Profit before tax": 15882,
        "Present corporate income tax expenses": 4055,
        "Deferred income taxes expenses": "N/A",
        "The interests of minority shareholders": "N/A",
        "Total Cost of profits": 4055,
        "Profit after tax corporate income": 11827,
        "Volume": 24000000,
        "Close of Quarter": 10.2,
        "EPS": 4856.6,
        "Non-adjusted EPS": 4704,
        "PE": 2.2,
        "Book Price": 22.2
      }
    },
    {
      "quarter": "Q2 2011",
      "income status": {
        "Net sales": 296113,
        "Cost of goods sold": 241047,
        "Gross Profit": 55066,
        "Financial expenses": 7896,
        "Of which: Interest expense": 5734,
        "Cost of sales": 13556,
        "Enterprise cost management": 6848,
        "Total Operating Expenses": 28300,
        "Total revenue financing activities": 5453,
        "Net profit from business activities": 32219,
        "Profit": -250,
        "Profit before tax": 31969,
        "Present corporate income tax expenses": 7614,
        "Deferred income taxes expenses": "N/A",
        "The interests of minority shareholders": "N/A",
        "Total Cost of profits": 7614,
        "Profit after tax corporate income": 24354,
        "Volume": 24000000,
        "Close of Quarter": 11.0,
        "EPS": 5155.0,
        "Non-adjusted EPS": 4993,
        "PE": 2.2,
        "Book Price": 21.4
      }
    },
    {
      "quarter": "Q1 2011",
      "income status": {
        "Net sales": 325026,
        "Cost of goods sold": 211547,
        "Gross Profit": 113479,
        "Financial expenses": 16722,
        "Of which: Interest expense": 7473,
        "Cost of sales": 17576,
        "Enterprise cost management": 12399,
        "Total Operating Expenses": 46697,
        "Total revenue financing activities": 9194,
        "Net profit from business activities": 75976,
        "Profit": 1013,
        "Profit before tax": 76989,
        "Present corporate income tax expenses": 19010,
        "Deferred income taxes expenses": "N/A",
        "The interests of minority shareholders": "N/A",
        "Total Cost of profits": 19010,
        "Profit after tax corporate income": 57979,
        "Volume": 12000000,
        "Close of Quarter": 11.3,
        "EPS": 4895.8,
        "Non-adjusted EPS": 9484,
        "PE": 1.2,
        "Book Price": 21.7
      }
    }
  ]
}