{
  "ticker": "HTI",
  "data": [
    {
      "quarter": "Q4 2016",
      "income status": {
        "Net sales": 87937,
        "Cost of goods sold": 48545,
        "Gross Profit": 39393,
        "Financial expenses": 7715,
        "Of which: Interest expense": 7715,
        "Cost of sales": 12023,
        "Enterprise cost management": 4455,
        "Total Operating Expenses": 24193,
        "Total revenue financing activities": 139,
        "Net profit from business activities": 15339,
        "Profit": 58,
        "Profit before tax": 15397,
        "Present corporate income tax expenses": 2780,
        "Deferred income taxes expenses": -1975,
        "The interests of minority shareholders": "N/A",
        "Total Cost of profits": 805,
        "Profit after tax corporate income": 14592,
        "Volume": 24949200,
        "Close of Quarter": 16.8,
        "EPS": 2518,
        "Non-adjusted EPS": 2518,
        "PE": 6.7,
        "Book Price": 16
      }
    },
    {
      "quarter": "Q3 2016",
      "income status": {
        "Net sales": 85038,
        "Cost of goods sold": 47796,
        "Gross Profit": 37242,
        "Financial expenses": 7424,
        "Of which: Interest expense": 7424,
        "Cost of sales": 9768,
        "Enterprise cost management": 4452,
        "Total Operating Expenses": 21644,
        "Total revenue financing activities": 678,
        "Net profit from business activities": 16276,
        "Profit": 5,
        "Profit before tax": 16281,
        "Present corporate income tax expenses": 814,
        "Deferred income taxes expenses": "N/A",
        "The interests of minority shareholders": "N/A",
        "Total Cost of profits": 814,
        "Profit after tax corporate income": 15467,
        "Volume": 24949200,
        "Close of Quarter": 17.8,
        "EPS": 2662,
        "Non-adjusted EPS": 2662,
        "PE": 6.7,
        "Book Price": 15.4
      }
    },
    {
      "quarter": "Q2 2016",
      "income status": {
        "Net sales": 123763,
        "Cost of goods sold": 87313,
        "Gross Profit": 36450,
        "Financial expenses": 6967,
        "Of which: Interest expense": 6967,
        "Cost of sales": 8530,
        "Enterprise cost management": 3784,
        "Total Operating Expenses": 19281,
        "Total revenue financing activities": 307,
        "Net profit from business activities": 17475,
        "Profit": 24,
        "Profit before tax": 17499,
        "Present corporate income tax expenses": 875,
        "Deferred income taxes expenses": "N/A",
        "The interests of minority shareholders": "N/A",
        "Total Cost of profits": 875,
        "Profit after tax corporate income": 16624,
        "Volume": 24949200,
        "Close of Quarter": 15.4,
        "EPS": 2591,
        "Non-adjusted EPS": 2591,
        "PE": 6.0,
        "Book Price": 16
      }
    },
    {
      "quarter": "Q1 2016",
      "income status": {
        "Net sales": 107082,
        "Cost of goods sold": 74442,
        "Gross Profit": 32640,
        "Financial expenses": 6505,
        "Of which: Interest expense": 6505,
        "Cost of sales": 6754,
        "Enterprise cost management": 2826,
        "Total Operating Expenses": 16085,
        "Total revenue financing activities": 350,
        "Net profit from business activities": 16905,
        "Profit": 77,
        "Profit before tax": 16982,
        "Present corporate income tax expenses": 849,
        "Deferred income taxes expenses": "N/A",
        "The interests of minority shareholders": "N/A",
        "Total Cost of profits": 849,
        "Profit after tax corporate income": 16133,
        "Volume": 24949200,
        "Close of Quarter": 14.6,
        "EPS": 2461,
        "Non-adjusted EPS": 2461,
        "PE": 6.0,
        "Book Price": 15.5
      }
    },
    {
      "quarter": "Q4 2015",
      "income status": {
        "Net sales": 82681,
        "Cost of goods sold": 45890,
        "Gross Profit": 36791,
        "Financial expenses": 6372,
        "Of which: Interest expense": 6372,
        "Cost of sales": 7857,
        "Enterprise cost management": 3969,
        "Total Operating Expenses": 18198,
        "Total revenue financing activities": 515,
        "Net profit from business activities": 19108,
        "Profit": 66,
        "Profit before tax": 19174,
        "Present corporate income tax expenses": 2745,
        "Deferred income taxes expenses": -1770,
        "The interests of minority shareholders": "N/A",
        "Total Cost of profits": 975,
        "Profit after tax corporate income": 18199,
        "Volume": 24949200,
        "Close of Quarter": 12.4,
        "EPS": 2316,
        "Non-adjusted EPS": 2316,
        "PE": 5.3,
        "Book Price": 14.8
      }
    },
    {
      "quarter": "Q3 2015",
      "income status": {
        "Net sales": 77883,
        "Cost of goods sold": 46305,
        "Gross Profit": 31578,
        "Financial expenses": 6272,
        "Of which: Interest expense": 6272,
        "Cost of sales": 7727,
        "Enterprise cost management": 3389,
        "Total Operating Expenses": 17388,
        "Total revenue financing activities": 177,
        "Net profit from business activities": 14367,
        "Profit": 36,
        "Profit before tax": 14403,
        "Present corporate income tax expenses": 720,
        "Deferred income taxes expenses": "N/A",
        "The interests of minority shareholders": "N/A",
        "Total Cost of profits": 720,
        "Profit after tax corporate income": 13683,
        "Volume": 24949200,
        "Close of Quarter": 12.3,
        "EPS": 2013,
        "Non-adjusted EPS": 2013,
        "PE": 6.1,
        "Book Price": 14.1
      }
    },
    {
      "quarter": "Q2 2015",
      "income status": {
        "Net sales": 73841,
        "Cost of goods sold": 40917,
        "Gross Profit": 32924,
        "Financial expenses": 6100,
        "Of which: Interest expense": 6100,
        "Cost of sales": 9313,
        "Enterprise cost management": 3854,
        "Total Operating Expenses": 19267,
        "Total revenue financing activities": 427,
        "Net profit from business activities": 14084,
        "Profit": 13,
        "Profit before tax": 14097,
        "Present corporate income tax expenses": 705,
        "Deferred income taxes expenses": "N/A",
        "The interests of minority shareholders": "N/A",
        "Total Cost of profits": 705,
        "Profit after tax corporate income": 13392,
        "Volume": 24949200,
        "Close of Quarter": 12.1,
        "EPS": 1903,
        "Non-adjusted EPS": 1903,
        "PE": 6.4,
        "Book Price": 13.5
      }
    },
    {
      "quarter": "Q1 2015",
      "income status": {
        "Net sales": 69045,
        "Cost of goods sold": 38598,
        "Gross Profit": 30447,
        "Financial expenses": 5786,
        "Of which: Interest expense": 5786,
        "Cost of sales": 7592,
        "Enterprise cost management": 4630,
        "Total Operating Expenses": 18008,
        "Total revenue financing activities": 672,
        "Net profit from business activities": 13110,
        "Profit": 43,
        "Profit before tax": 13154,
        "Present corporate income tax expenses": 658,
        "Deferred income taxes expenses": "N/A",
        "The interests of minority shareholders": "N/A",
        "Total Cost of profits": 658,
        "Profit after tax corporate income": 12496,
        "Volume": 24949200,
        "Close of Quarter": 13.0,
        "EPS": 1663,
        "Non-adjusted EPS": 1663,
        "PE": 7.8,
        "Book Price": 14.7
      }
    },
    {
      "quarter": "Q4 2014",
      "income status": {
        "Net sales": 42955,
        "Cost of goods sold": 26173,
        "Gross Profit": 16782,
        "Financial expenses": 147,
        "Of which: Interest expense": 147,
        "Cost of sales": 3877,
        "Enterprise cost management": 1729,
        "Total Operating Expenses": 5753,
        "Total revenue financing activities": 108,
        "Net profit from business activities": 11137,
        "Profit": 4,
        "Profit before tax": 11141,
        "Present corporate income tax expenses": 500,
        "Deferred income taxes expenses": "N/A",
        "The interests of minority shareholders": "N/A",
        "Total Cost of profits": 500,
        "Profit after tax corporate income": 10641,
        "Volume": 24949200,
        "Close of Quarter": 9.1,
        "EPS": 1467,
        "Non-adjusted EPS": 1467,
        "PE": 6.2,
        "Book Price": 14.2
      }
    },
    {
      "quarter": "Q3 2014",
      "income status": {
        "Net sales": 43010,
        "Cost of goods sold": 23108,
        "Gross Profit": 19902,
        "Financial expenses": 761,
        "Of which: Interest expense": 761,
        "Cost of sales": 6041,
        "Enterprise cost management": 1741,
        "Total Operating Expenses": 8543,
        "Total revenue financing activities": 100,
        "Net profit from business activities": 11460,
        "Profit": 67,
        "Profit before tax": 11527,
        "Present corporate income tax expenses": 576,
        "Deferred income taxes expenses": "N/A",
        "The interests of minority shareholders": "N/A",
        "Total Cost of profits": 576,
        "Profit after tax corporate income": 10951,
        "Volume": 24949200,
        "Close of Quarter": 9.1,
        "EPS": 1154,
        "Non-adjusted EPS": 1154,
        "PE": 7.9,
        "Book Price": 13.7
      }
    },
    {
      "quarter": "Q2 2014",
      "income status": {
        "Net sales": 50004,
        "Cost of goods sold": 33718,
        "Gross Profit": 16286,
        "Financial expenses": 895,
        "Of which: Interest expense": 895,
        "Cost of sales": 6564,
        "Enterprise cost management": 3294,
        "Total Operating Expenses": 10753,
        "Total revenue financing activities": 1834,
        "Net profit from business activities": 7366,
        "Profit": 413,
        "Profit before tax": 7780,
        "Present corporate income tax expenses": 389,
        "Deferred income taxes expenses": "N/A",
        "The interests of minority shareholders": "N/A",
        "Total Cost of profits": 389,
        "Profit after tax corporate income": 7391,
        "Volume": 24949200,
        "Close of Quarter": 7.2,
        "EPS": 1174,
        "Non-adjusted EPS": 1174,
        "PE": 6.2,
        "Book Price": 13.3
      }
    },
    {
      "quarter": "Q1 2014",
      "income status": {
        "Net sales": 43490,
        "Cost of goods sold": 27483,
        "Gross Profit": 16007,
        "Financial expenses": 1167,
        "Of which: Interest expense": 1167,
        "Cost of sales": 4541,
        "Enterprise cost management": 2368,
        "Total Operating Expenses": 8076,
        "Total revenue financing activities": 55,
        "Net profit from business activities": 7986,
        "Profit": 25,
        "Profit before tax": 8011,
        "Present corporate income tax expenses": 401,
        "Deferred income taxes expenses": "N/A",
        "The interests of minority shareholders": "N/A",
        "Total Cost of profits": 401,
        "Profit after tax corporate income": 7610,
        "Volume": 24949200,
        "Close of Quarter": 8.1,
        "EPS": 1389,
        "Non-adjusted EPS": 1389,
        "PE": 5.8,
        "Book Price": 13.1
      }
    },
    {
      "quarter": "Q4 2013",
      "income status": {
        "Net sales": 52850,
        "Cost of goods sold": 40104,
        "Gross Profit": 12746,
        "Financial expenses": 2132,
        "Of which: Interest expense": 2132,
        "Cost of sales": 6002,
        "Enterprise cost management": 2770,
        "Total Operating Expenses": 10904,
        "Total revenue financing activities": 984,
        "Net profit from business activities": 2827,
        "Profit": 53,
        "Profit before tax": 2880,
        "Present corporate income tax expenses": 53,
        "Deferred income taxes expenses": "N/A",
        "The interests of minority shareholders": "N/A",
        "Total Cost of profits": 53,
        "Profit after tax corporate income": 2828,
        "Volume": 24949200,
        "Close of Quarter": 7.4,
        "EPS": 1508,
        "Non-adjusted EPS": 1508,
        "PE": 4.9,
        "Book Price": 12.7
      }
    },
    {
      "quarter": "Q3 2013",
      "income status": {
        "Net sales": 43177,
        "Cost of goods sold": 23092,
        "Gross Profit": 20085,
        "Financial expenses": 2527,
        "Of which: Interest expense": 2527,
        "Cost of sales": 4722,
        "Enterprise cost management": 807,
        "Total Operating Expenses": 8056,
        "Total revenue financing activities": 14,
        "Net profit from business activities": 12043,
        "Profit": 34,
        "Profit before tax": 12077,
        "Present corporate income tax expenses": 604,
        "Deferred income taxes expenses": "N/A",
        "The interests of minority shareholders": "N/A",
        "Total Cost of profits": 604,
        "Profit after tax corporate income": 11473,
        "Volume": 24949200,
        "Close of Quarter": 5.7,
        "EPS": 2022,
        "Non-adjusted EPS": 2022,
        "PE": 2.8,
        "Book Price": 13.1
      }
    },
    {
      "quarter": "Q2 2013",
      "income status": {
        "Net sales": 42493,
        "Cost of goods sold": 18273,
        "Gross Profit": 24220,
        "Financial expenses": 3458,
        "Of which: Interest expense": 3458,
        "Cost of sales": 5917,
        "Enterprise cost management": 2988,
        "Total Operating Expenses": 12363,
        "Total revenue financing activities": 1525,
        "Net profit from business activities": 13382,
        "Profit": 33,
        "Profit before tax": 13415,
        "Present corporate income tax expenses": 671,
        "Deferred income taxes expenses": "N/A",
        "The interests of minority shareholders": "N/A",
        "Total Cost of profits": 671,
        "Profit after tax corporate income": 12744,
        "Volume": 24949200,
        "Close of Quarter": 5.2,
        "EPS": 1990,
        "Non-adjusted EPS": 1990,
        "PE": 2.6,
        "Book Price": 13.2
      }
    },
    {
      "quarter": "Q1 2013",
      "income status": {
        "Net sales": 43552,
        "Cost of goods sold": 19770,
        "Gross Profit": 23782,
        "Financial expenses": 4043,
        "Of which: Interest expense": 4043,
        "Cost of sales": 5620,
        "Enterprise cost management": 3006,
        "Total Operating Expenses": 12669,
        "Total revenue financing activities": 8,
        "Net profit from business activities": 11121,
        "Profit": 14,
        "Profit before tax": 11135,
        "Present corporate income tax expenses": 557,
        "Deferred income taxes expenses": "N/A",
        "The interests of minority shareholders": "N/A",
        "Total Cost of profits": 557,
        "Profit after tax corporate income": 10578,
        "Volume": 24949200,
        "Close of Quarter": 5.2,
        "EPS": 1823,
        "Non-adjusted EPS": 1823,
        "PE": 2.8,
        "Book Price": 12.7
      }
    },
    {
      "quarter": "Q4 2012",
      "income status": {
        "Net sales": 86276,
        "Cost of goods sold": 60979,
        "Gross Profit": 25297,
        "Financial expenses": 5075,
        "Of which: Interest expense": 5075,
        "Cost of sales": 4290,
        "Enterprise cost management": 1273,
        "Total Operating Expenses": 10638,
        "Total revenue financing activities": 1598,
        "Net profit from business activities": 16256,
        "Profit": 96,
        "Profit before tax": 16352,
        "Present corporate income tax expenses": 713,
        "Deferred income taxes expenses": "N/A",
        "The interests of minority shareholders": "N/A",
        "Total Cost of profits": 713,
        "Profit after tax corporate income": 15640,
        "Volume": 24949200,
        "Close of Quarter": 5.4,
        "EPS": 1682,
        "Non-adjusted EPS": 1682,
        "PE": 3.2,
        "Book Price": 12.4
      }
    },
    {
      "quarter": "Q3 2012",
      "income status": {
        "Net sales": 37785,
        "Cost of goods sold": 15550,
        "Gross Profit": 22235,
        "Financial expenses": 5746,
        "Of which: Interest expense": 5746,
        "Cost of sales": 4646,
        "Enterprise cost management": 706,
        "Total Operating Expenses": 11098,
        "Total revenue financing activities": 105,
        "Net profit from business activities": 11241,
        "Profit": 18,
        "Profit before tax": 11259,
        "Present corporate income tax expenses": 563,
        "Deferred income taxes expenses": "N/A",
        "The interests of minority shareholders": "N/A",
        "Total Cost of profits": 563,
        "Profit after tax corporate income": 10696,
        "Volume": 24949200,
        "Close of Quarter": 5.1,
        "EPS": 1516,
        "Non-adjusted EPS": 1516,
        "PE": 3.4,
        "Book Price": 11.7
      }
    },
    {
      "quarter": "Q2 2012",
      "income status": {
        "Net sales": 36513,
        "Cost of goods sold": 14281,
        "Gross Profit": 22233,
        "Financial expenses": 6241,
        "Of which: Interest expense": 6241,
        "Cost of sales": 4933,
        "Enterprise cost management": 2217,
        "Total Operating Expenses": 13391,
        "Total revenue financing activities": 107,
        "Net profit from business activities": 8948,
        "Profit": 78,
        "Profit before tax": 9026,
        "Present corporate income tax expenses": 451,
        "Deferred income taxes expenses": "N/A",
        "The interests of minority shareholders": "N/A",
        "Total Cost of profits": 451,
        "Profit after tax corporate income": 8575,
        "Volume": 24949200,
        "Close of Quarter": 4.6,
        "EPS": 1875,
        "Non-adjusted EPS": 1875,
        "PE": 2.5,
        "Book Price": 12.1
      }
    },
    {
      "quarter": "Q1 2012",
      "income status": {
        "Net sales": 36691,
        "Cost of goods sold": 13777,
        "Gross Profit": 22914,
        "Financial expenses": 7117,
        "Of which: Interest expense": 7117,
        "Cost of sales": 6499,
        "Enterprise cost management": 2973,
        "Total Operating Expenses": 16589,
        "Total revenue financing activities": 1046,
        "Net profit from business activities": 7371,
        "Profit": 49,
        "Profit before tax": 7420,
        "Present corporate income tax expenses": 371,
        "Deferred income taxes expenses": "N/A",
        "The interests of minority shareholders": "N/A",
        "Total Cost of profits": 371,
        "Profit after tax corporate income": 7049,
        "Volume": 24949200,
        "Close of Quarter": 4.5,
        "EPS": 1773,
        "Non-adjusted EPS": 1773,
        "PE": 2.5,
        "Book Price": 12.5
      }
    },
    {
      "quarter": "Q4 2011",
      "income status": {
        "Net sales": 39449,
        "Cost of goods sold": 14818,
        "Gross Profit": 24630,
        "Financial expenses": 7954,
        "Of which: Interest expense": 7954,
        "Cost of sales": 4243,
        "Enterprise cost management": 672,
        "Total Operating Expenses": 12869,
        "Total revenue financing activities": 74,
        "Net profit from business activities": 11836,
        "Profit": 83,
        "Profit before tax": 11919,
        "Present corporate income tax expenses": 424,
        "Deferred income taxes expenses": "N/A",
        "The interests of minority shareholders": "N/A",
        "Total Cost of profits": 424,
        "Profit after tax corporate income": 11495,
        "Volume": 24949200,
        "Close of Quarter": 4.1,
        "EPS": 1868,
        "Non-adjusted EPS": 1868,
        "PE": 2.2,
        "Book Price": 12.3
      }
    },
    {
      "quarter": "Q3 2011",
      "income status": {
        "Net sales": 42901,
        "Cost of goods sold": 19784,
        "Gross Profit": 23117,
        "Financial expenses": -3148,
        "Of which: Interest expense": 8620,
        "Cost of sales": 5071,
        "Enterprise cost management": 2778,
        "Total Operating Expenses": 4701,
        "Total revenue financing activities": 1545,
        "Net profit from business activities": 19961,
        "Profit": "N/A",
        "Profit before tax": 19961,
        "Present corporate income tax expenses": 301,
        "Deferred income taxes expenses": "N/A",
        "The interests of minority shareholders": "N/A",
        "Total Cost of profits": 301,
        "Profit after tax corporate income": 19660,
        "Volume": 24949200,
        "Close of Quarter": 4.1,
        "EPS": 1898,
        "Non-adjusted EPS": 1898,
        "PE": 2.2,
        "Book Price": 11.9
      }
    },
    {
      "quarter": "Q2 2011",
      "income status": {
        "Net sales": 40596,
        "Cost of goods sold": 15731,
        "Gross Profit": 24865,
        "Financial expenses": 8993,
        "Of which: Interest expense": 8993,
        "Cost of sales": 5340,
        "Enterprise cost management": 4546,
        "Total Operating Expenses": 18879,
        "Total revenue financing activities": 33,
        "Net profit from business activities": 6020,
        "Profit": 12,
        "Profit before tax": 6032,
        "Present corporate income tax expenses": "N/A",
        "Deferred income taxes expenses": "N/A",
        "The interests of minority shareholders": "N/A",
        "Total Cost of profits": 0,
        "Profit after tax corporate income": 6032,
        "Volume": 24949200,
        "Close of Quarter": 3.8,
        "EPS": 1495,
        "Non-adjusted EPS": 1495,
        "PE": 2.5,
        "Book Price": 11.8
      }
    },
    {
      "quarter": "Q1 2011",
      "income status": {
        "Net sales": 41375,
        "Cost of goods sold": 16551,
        "Gross Profit": 24824,
        "Financial expenses": 9822,
        "Of which: Interest expense": 9822,
        "Cost of sales": 4825,
        "Enterprise cost management": 2815,
        "Total Operating Expenses": 17462,
        "Total revenue financing activities": 2537,
        "Net profit from business activities": 9899,
        "Profit": 22,
        "Profit before tax": 9922,
        "Present corporate income tax expenses": 496,
        "Deferred income taxes expenses": "N/A",
        "The interests of minority shareholders": "N/A",
        "Total Cost of profits": 496,
        "Profit after tax corporate income": 9425,
        "Volume": 24949200,
        "Close of Quarter": 4.9,
        "EPS": 1719,
        "Non-adjusted EPS": 1719,
        "PE": 2.8,
        "Book Price": 11.6
      }
    }
  ]
}