{
  "ticker": "GSP",
  "data": [
    {
      "quarter": "Q4 2016",
      "income status": {
        "Net sales": 418033,
        "Cost of goods sold": 397704,
        "Gross Profit": 20329,
        "Financial expenses": 233,
        "Of which: Interest expense": 61,
        "Cost of sales": 3312,
        "Enterprise cost management": 13946,
        "Total Operating Expenses": 17491,
        "Total revenue financing activities": 4575,
        "Net profit from business activities": 7413,
        "Profit": 96,
        "Profit before tax": 7508,
        "Present corporate income tax expenses": 1102,
        "Deferred income taxes expenses": "N/A",
        "The interests of minority shareholders": "N/A",
        "Total Cost of profits": 1102,
        "Profit after tax corporate income": 6406,
        "Volume": 30000000,
        "Close of Quarter": 9.8,
        "EPS": 1705,
        "Non-adjusted EPS": 1705,
        "PE": 5.7,
        "Book Price": 12.6
      }
    },
    {
      "quarter": "Q3 2016",
      "income status": {
        "Net sales": 361819,
        "Cost of goods sold": 340695,
        "Gross Profit": 21124,
        "Financial expenses": 54744,
        "Of which: Interest expense": 118,
        "Cost of sales": 984,
        "Enterprise cost management": 9578,
        "Total Operating Expenses": 65306,
        "Total revenue financing activities": 59363,
        "Net profit from business activities": 15180,
        "Profit": 23,
        "Profit before tax": 15202,
        "Present corporate income tax expenses": 2062,
        "Deferred income taxes expenses": "N/A",
        "The interests of minority shareholders": "N/A",
        "Total Cost of profits": 2062,
        "Profit after tax corporate income": 13140,
        "Volume": 30000000,
        "Close of Quarter": 11.9,
        "EPS": 1590,
        "Non-adjusted EPS": 1590,
        "PE": 7.5,
        "Book Price": 12.3
      }
    },
    {
      "quarter": "Q2 2016",
      "income status": {
        "Net sales": 310208,
        "Cost of goods sold": 273837,
        "Gross Profit": 36371,
        "Financial expenses": 1752,
        "Of which: Interest expense": 1534,
        "Cost of sales": 1083,
        "Enterprise cost management": 12732,
        "Total Operating Expenses": 15567,
        "Total revenue financing activities": 4112,
        "Net profit from business activities": 24916,
        "Profit": 278,
        "Profit before tax": 25194,
        "Present corporate income tax expenses": 5283,
        "Deferred income taxes expenses": "N/A",
        "The interests of minority shareholders": 3376,
        "Total Cost of profits": 8659,
        "Profit after tax corporate income": 16535,
        "Volume": 30000000,
        "Close of Quarter": 12.8,
        "EPS": 1722,
        "Non-adjusted EPS": 1722,
        "PE": 7.4,
        "Book Price": 14.8
      }
    },
    {
      "quarter": "Q1 2016",
      "income status": {
        "Net sales": 247691,
        "Cost of goods sold": 217152,
        "Gross Profit": 30540,
        "Financial expenses": 1241,
        "Of which: Interest expense": 1162,
        "Cost of sales": 793,
        "Enterprise cost management": 11457,
        "Total Operating Expenses": 13491,
        "Total revenue financing activities": 4147,
        "Net profit from business activities": 21196,
        "Profit": -384,
        "Profit before tax": 20812,
        "Present corporate income tax expenses": 4323,
        "Deferred income taxes expenses": 210,
        "The interests of minority shareholders": 1224,
        "Total Cost of profits": 5757,
        "Profit after tax corporate income": 15055,
        "Volume": 30000000,
        "Close of Quarter": 11.7,
        "EPS": 1803,
        "Non-adjusted EPS": 1803,
        "PE": 6.5,
        "Book Price": 15.5
      }
    },
    {
      "quarter": "Q4 2015",
      "income status": {
        "Net sales": 306963,
        "Cost of goods sold": 280346,
        "Gross Profit": 26617,
        "Financial expenses": 1191,
        "Of which: Interest expense": 1133,
        "Cost of sales": 2177,
        "Enterprise cost management": 16689,
        "Total Operating Expenses": 20057,
        "Total revenue financing activities": 3290,
        "Net profit from business activities": 9849,
        "Profit": 995,
        "Profit before tax": 10844,
        "Present corporate income tax expenses": 4998,
        "Deferred income taxes expenses": -210,
        "The interests of minority shareholders": 3096,
        "Total Cost of profits": 7884,
        "Profit after tax corporate income": 2960,
        "Volume": 30000000,
        "Close of Quarter": 12.6,
        "EPS": 1799,
        "Non-adjusted EPS": 1799,
        "PE": 7,
        "Book Price": 14.9
      }
    },
    {
      "quarter": "Q3 2015",
      "income status": {
        "Net sales": 255620,
        "Cost of goods sold": 220295,
        "Gross Profit": 35325,
        "Financial expenses": 2343,
        "Of which: Interest expense": 1296,
        "Cost of sales": 492,
        "Enterprise cost management": 11346,
        "Total Operating Expenses": 14181,
        "Total revenue financing activities": 3448,
        "Net profit from business activities": 24591,
        "Profit": 2192,
        "Profit before tax": 26783,
        "Present corporate income tax expenses": 5931,
        "Deferred income taxes expenses": 101,
        "The interests of minority shareholders": 3636,
        "Total Cost of profits": 9668,
        "Profit after tax corporate income": 17115,
        "Volume": 30000000,
        "Close of Quarter": 11.0,
        "EPS": 1795,
        "Non-adjusted EPS": 1795,
        "PE": 6.1,
        "Book Price": 14.7
      }
    },
    {
      "quarter": "Q2 2015",
      "income status": {
        "Net sales": 268713,
        "Cost of goods sold": 231145,
        "Gross Profit": 37568,
        "Financial expenses": 1641,
        "Of which: Interest expense": 1291,
        "Cost of sales": 335,
        "Enterprise cost management": 11766,
        "Total Operating Expenses": 13742,
        "Total revenue financing activities": 3679,
        "Net profit from business activities": 27506,
        "Profit": 355,
        "Profit before tax": 27861,
        "Present corporate income tax expenses": 6273,
        "Deferred income taxes expenses": -101,
        "The interests of minority shareholders": 2742,
        "Total Cost of profits": 8914,
        "Profit after tax corporate income": 18946,
        "Volume": 30000000,
        "Close of Quarter": 10.5,
        "EPS": 1572,
        "Non-adjusted EPS": 1572,
        "PE": 6.7,
        "Book Price": 14
      }
    },
    {
      "quarter": "Q1 2015",
      "income status": {
        "Net sales": 232001,
        "Cost of goods sold": 201051,
        "Gross Profit": 30950,
        "Financial expenses": 1763,
        "Of which: Interest expense": 1474,
        "Cost of sales": "N/A",
        "Enterprise cost management": 9025,
        "Total Operating Expenses": 10788,
        "Total revenue financing activities": 2871,
        "Net profit from business activities": 23032,
        "Profit": -100,
        "Profit before tax": 22933,
        "Present corporate income tax expenses": 5084,
        "Deferred income taxes expenses": "N/A",
        "The interests of minority shareholders": 2891,
        "Total Cost of profits": 7975,
        "Profit after tax corporate income": 14958,
        "Volume": 30000000,
        "Close of Quarter": 8.9,
        "EPS": 1109,
        "Non-adjusted EPS": 1109,
        "PE": 8.0,
        "Book Price": 14.5
      }
    },
    {
      "quarter": "Q4 2014",
      "income status": {
        "Net sales": 220735,
        "Cost of goods sold": 202784,
        "Gross Profit": 17951,
        "Financial expenses": 1963,
        "Of which: Interest expense": 1408,
        "Cost of sales": 201,
        "Enterprise cost management": 11960,
        "Total Operating Expenses": 14124,
        "Total revenue financing activities": 2998,
        "Net profit from business activities": 6825,
        "Profit": "N/A",
        "Profit before tax": 6825,
        "Present corporate income tax expenses": 1541,
        "Deferred income taxes expenses": "N/A",
        "The interests of minority shareholders": 2452,
        "Total Cost of profits": 3993,
        "Profit after tax corporate income": 2832,
        "Volume": 30000000,
        "Close of Quarter": 9.3,
        "EPS": 1022,
        "Non-adjusted EPS": 1022,
        "PE": 9.1,
        "Book Price": 14.3
      }
    },
    {
      "quarter": "Q3 2014",
      "income status": {
        "Net sales": 267308,
        "Cost of goods sold": 239187,
        "Gross Profit": 28120,
        "Financial expenses": 2340,
        "Of which: Interest expense": 1899,
        "Cost of sales": 237,
        "Enterprise cost management": 10793,
        "Total Operating Expenses": 13370,
        "Total revenue financing activities": 3000,
        "Net profit from business activities": 17750,
        "Profit": -342,
        "Profit before tax": 17409,
        "Present corporate income tax expenses": 3869,
        "Deferred income taxes expenses": "N/A",
        "The interests of minority shareholders": 3113,
        "Total Cost of profits": 6982,
        "Profit after tax corporate income": 10427,
        "Volume": 30000000,
        "Close of Quarter": 10.0,
        "EPS": 1292,
        "Non-adjusted EPS": 1292,
        "PE": 7.7,
        "Book Price": 14.1
      }
    },
    {
      "quarter": "Q2 2014",
      "income status": {
        "Net sales": 184449,
        "Cost of goods sold": 165868,
        "Gross Profit": 18581,
        "Financial expenses": 2863,
        "Of which: Interest expense": 2224,
        "Cost of sales": 34,
        "Enterprise cost management": 8570,
        "Total Operating Expenses": 11467,
        "Total revenue financing activities": 2824,
        "Net profit from business activities": 9938,
        "Profit": 190,
        "Profit before tax": 10128,
        "Present corporate income tax expenses": 2485,
        "Deferred income taxes expenses": "N/A",
        "The interests of minority shareholders": 2596,
        "Total Cost of profits": 5081,
        "Profit after tax corporate income": 5047,
        "Volume": 30000000,
        "Close of Quarter": 8.4,
        "EPS": 1387,
        "Non-adjusted EPS": 1387,
        "PE": 6.1,
        "Book Price": 13.7
      }
    },
    {
      "quarter": "Q1 2014",
      "income status": {
        "Net sales": 262933,
        "Cost of goods sold": 231891,
        "Gross Profit": 31043,
        "Financial expenses": 2875,
        "Of which: Interest expense": 2729,
        "Cost of sales": 162,
        "Enterprise cost management": 10590,
        "Total Operating Expenses": 13627,
        "Total revenue financing activities": 3031,
        "Net profit from business activities": 20447,
        "Profit": -317,
        "Profit before tax": 20129,
        "Present corporate income tax expenses": 4468,
        "Deferred income taxes expenses": 130,
        "The interests of minority shareholders": 3173,
        "Total Cost of profits": 7771,
        "Profit after tax corporate income": 12359,
        "Volume": 30000000,
        "Close of Quarter": 9.5,
        "EPS": 1620,
        "Non-adjusted EPS": 1620,
        "PE": 5.9,
        "Book Price": 15
      }
    },
    {
      "quarter": "Q4 2013",
      "income status": {
        "Net sales": 244735,
        "Cost of goods sold": 215826,
        "Gross Profit": 28909,
        "Financial expenses": 3081,
        "Of which: Interest expense": 3078,
        "Cost of sales": 206,
        "Enterprise cost management": 9989,
        "Total Operating Expenses": 13276,
        "Total revenue financing activities": 3002,
        "Net profit from business activities": 18635,
        "Profit": "N/A",
        "Profit before tax": 18635,
        "Present corporate income tax expenses": 4794,
        "Deferred income taxes expenses": -113,
        "The interests of minority shareholders": 3031,
        "Total Cost of profits": 7712,
        "Profit after tax corporate income": 10923,
        "Volume": 30000000,
        "Close of Quarter": 8.2,
        "EPS": 1553,
        "Non-adjusted EPS": 1553,
        "PE": 5.3,
        "Book Price": 12.5
      }
    },
    {
      "quarter": "Q3 2013",
      "income status": {
        "Net sales": 230561,
        "Cost of goods sold": 206876,
        "Gross Profit": 23685,
        "Financial expenses": 1542,
        "Of which: Interest expense": 1539,
        "Cost of sales": 291,
        "Enterprise cost management": 7963,
        "Total Operating Expenses": 9796,
        "Total revenue financing activities": 3008,
        "Net profit from business activities": 16897,
        "Profit": 3778,
        "Profit before tax": 20674,
        "Present corporate income tax expenses": 5213,
        "Deferred income taxes expenses": "N/A",
        "The interests of minority shareholders": 2175,
        "Total Cost of profits": 7388,
        "Profit after tax corporate income": 13286,
        "Volume": 30000000,
        "Close of Quarter": 5.7,
        "EPS": 1539,
        "Non-adjusted EPS": 1539,
        "PE": 3.7,
        "Book Price": 12.1
      }
    },
    {
      "quarter": "Q2 2013",
      "income status": {
        "Net sales": 190341,
        "Cost of goods sold": 166470,
        "Gross Profit": 23871,
        "Financial expenses": 1739,
        "Of which: Interest expense": 1094,
        "Cost of sales": 343,
        "Enterprise cost management": 6943,
        "Total Operating Expenses": 9025,
        "Total revenue financing activities": 3766,
        "Net profit from business activities": 18612,
        "Profit": 1,
        "Profit before tax": 18613,
        "Present corporate income tax expenses": 4713,
        "Deferred income taxes expenses": "N/A",
        "The interests of minority shareholders": 1882,
        "Total Cost of profits": 6595,
        "Profit after tax corporate income": 12017,
        "Volume": 30000000,
        "Close of Quarter": 5.4,
        "EPS": 1527,
        "Non-adjusted EPS": 1527,
        "PE": 3.6,
        "Book Price": 11.7
      }
    },
    {
      "quarter": "Q1 2013",
      "income status": {
        "Net sales": 200458,
        "Cost of goods sold": 180262,
        "Gross Profit": 20196,
        "Financial expenses": 1615,
        "Of which: Interest expense": 1265,
        "Cost of sales": 178,
        "Enterprise cost management": 6219,
        "Total Operating Expenses": 8012,
        "Total revenue financing activities": 4044,
        "Net profit from business activities": 16229,
        "Profit": 96,
        "Profit before tax": 16325,
        "Present corporate income tax expenses": 4153,
        "Deferred income taxes expenses": "N/A",
        "The interests of minority shareholders": 1801,
        "Total Cost of profits": 5954,
        "Profit after tax corporate income": 10371,
        "Volume": 30000000,
        "Close of Quarter": 4.6,
        "EPS": 1405,
        "Non-adjusted EPS": 1405,
        "PE": 3.3,
        "Book Price": 12.4
      }
    },
    {
      "quarter": "Q4 2012",
      "income status": {
        "Net sales": 143678,
        "Cost of goods sold": 122464,
        "Gross Profit": 21214,
        "Financial expenses": 1399,
        "Of which: Interest expense": 1376,
        "Cost of sales": 399,
        "Enterprise cost management": 7623,
        "Total Operating Expenses": 9421,
        "Total revenue financing activities": 4370,
        "Net profit from business activities": 16163,
        "Profit": 129,
        "Profit before tax": 16292,
        "Present corporate income tax expenses": 3774,
        "Deferred income taxes expenses": "N/A",
        "The interests of minority shareholders": 2013,
        "Total Cost of profits": 5787,
        "Profit after tax corporate income": 10505,
        "Volume": 30000000,
        "Close of Quarter": 4.2,
        "EPS": 1418,
        "Non-adjusted EPS": 1418,
        "PE": 3.0,
        "Book Price": 12
      }
    },
    {
      "quarter": "Q3 2012",
      "income status": {
        "Net sales": 132475,
        "Cost of goods sold": 109161,
        "Gross Profit": 23314,
        "Financial expenses": 1736,
        "Of which: Interest expense": 1665,
        "Cost of sales": 378,
        "Enterprise cost management": 6469,
        "Total Operating Expenses": 8583,
        "Total revenue financing activities": 4654,
        "Net profit from business activities": 19385,
        "Profit": -480,
        "Profit before tax": 18904,
        "Present corporate income tax expenses": 3519,
        "Deferred income taxes expenses": "N/A",
        "The interests of minority shareholders": 2480,
        "Total Cost of profits": 5999,
        "Profit after tax corporate income": 12906,
        "Volume": 30000000,
        "Close of Quarter": 3.4,
        "EPS": 1487,
        "Non-adjusted EPS": 1487,
        "PE": 2.3,
        "Book Price": 11.7
      }
    },
    {
      "quarter": "Q2 2012",
      "income status": {
        "Net sales": 157611,
        "Cost of goods sold": 142661,
        "Gross Profit": 14951,
        "Financial expenses": 2011,
        "Of which: Interest expense": 1978,
        "Cost of sales": 454,
        "Enterprise cost management": 5247,
        "Total Operating Expenses": 7712,
        "Total revenue financing activities": 5680,
        "Net profit from business activities": 12919,
        "Profit": 257,
        "Profit before tax": 13175,
        "Present corporate income tax expenses": 3362,
        "Deferred income taxes expenses": "N/A",
        "The interests of minority shareholders": 1456,
        "Total Cost of profits": 4818,
        "Profit after tax corporate income": 8357,
        "Volume": 30000000,
        "Close of Quarter": 4.6,
        "EPS": 1337,
        "Non-adjusted EPS": 1337,
        "PE": 3.4,
        "Book Price": 11.2
      }
    },
    {
      "quarter": "Q1 2012",
      "income status": {
        "Net sales": 255227,
        "Cost of goods sold": 233100,
        "Gross Profit": 22127,
        "Financial expenses": 3088,
        "Of which: Interest expense": 3072,
        "Cost of sales": 481,
        "Enterprise cost management": 7741,
        "Total Operating Expenses": 11310,
        "Total revenue financing activities": 5157,
        "Net profit from business activities": 15975,
        "Profit": 1484,
        "Profit before tax": 17458,
        "Present corporate income tax expenses": 4409,
        "Deferred income taxes expenses": "N/A",
        "The interests of minority shareholders": 2279,
        "Total Cost of profits": 6688,
        "Profit after tax corporate income": 10770,
        "Volume": 30000000,
        "Close of Quarter": 4.9,
        "EPS": 1401,
        "Non-adjusted EPS": 1401,
        "PE": 3.5,
        "Book Price": 12
      }
    },
    {
      "quarter": "Q4 2011",
      "income status": {
        "Net sales": 257532,
        "Cost of goods sold": 229746,
        "Gross Profit": 27786,
        "Financial expenses": 4011,
        "Of which: Interest expense": 3044,
        "Cost of sales": "N/A",
        "Enterprise cost management": 9226,
        "Total Operating Expenses": 13237,
        "Total revenue financing activities": 5146,
        "Net profit from business activities": 19695,
        "Profit": -193,
        "Profit before tax": 19502,
        "Present corporate income tax expenses": 5029,
        "Deferred income taxes expenses": "N/A",
        "The interests of minority shareholders": 1906,
        "Total Cost of profits": 6935,
        "Profit after tax corporate income": 12568,
        "Volume": 30000000,
        "Close of Quarter": "N/A",
        "EPS": 1369,
        "Non-adjusted EPS": 1369,
        "PE": "N/A",
        "Book Price": 11.6
      }
    },
    {
      "quarter": "Q3 2011",
      "income status": {
        "Net sales": 171084,
        "Cost of goods sold": 156204,
        "Gross Profit": 14880,
        "Financial expenses": 2341,
        "Of which: Interest expense": 2338,
        "Cost of sales": "N/A",
        "Enterprise cost management": 5286,
        "Total Operating Expenses": 7627,
        "Total revenue financing activities": 5280,
        "Net profit from business activities": 12533,
        "Profit": 521,
        "Profit before tax": 13054,
        "Present corporate income tax expenses": 3275,
        "Deferred income taxes expenses": "N/A",
        "The interests of minority shareholders": 1365,
        "Total Cost of profits": 4640,
        "Profit after tax corporate income": 8414,
        "Volume": 30000000,
        "Close of Quarter": "N/A",
        "EPS": 1198,
        "Non-adjusted EPS": 1198,
        "PE": "N/A",
        "Book Price": 11.2
      }
    },
    {
      "quarter": "Q2 2011",
      "income status": {
        "Net sales": 140380,
        "Cost of goods sold": 118377,
        "Gross Profit": 22003,
        "Financial expenses": 9324,
        "Of which: Interest expense": 3483,
        "Cost of sales": "N/A",
        "Enterprise cost management": 6518,
        "Total Operating Expenses": 15842,
        "Total revenue financing activities": 4762,
        "Net profit from business activities": 10922,
        "Profit": 5594,
        "Profit before tax": 16517,
        "Present corporate income tax expenses": 4239,
        "Deferred income taxes expenses": "N/A",
        "The interests of minority shareholders": 2014,
        "Total Cost of profits": 6253,
        "Profit after tax corporate income": 10263,
        "Volume": 30000000,
        "Close of Quarter": "N/A",
        "EPS": 918,
        "Non-adjusted EPS": 918,
        "PE": "N/A",
        "Book Price": 10.9
      }
    },
    {
      "quarter": "Q1 2011",
      "income status": {
        "Net sales": 121731,
        "Cost of goods sold": 100863,
        "Gross Profit": 20868,
        "Financial expenses": 5118,
        "Of which: Interest expense": 3102,
        "Cost of sales": "N/A",
        "Enterprise cost management": 6671,
        "Total Operating Expenses": 11789,
        "Total revenue financing activities": 5103,
        "Net profit from business activities": 14182,
        "Profit": 1950,
        "Profit before tax": 16132,
        "Present corporate income tax expenses": 4285,
        "Deferred income taxes expenses": "N/A",
        "The interests of minority shareholders": 2018,
        "Total Cost of profits": 6303,
        "Profit after tax corporate income": 9829,
        "Volume": 30000000,
        "Close of Quarter": "N/A",
        "EPS": 576,
        "Non-adjusted EPS": 576,
        "PE": "N/A",
        "Book Price": 11.7
      }
    }
  ]
}