{
  "ticker": "CNG",
  "data": [
    {
      "quarter": "Q4 2016",
      "income status": {
        "Net sales": 224400,
        "Cost of goods sold": 165400,
        "Gross Profit": 59000,
        "Financial expenses": 1283,
        "Of which: Interest expense": 1283,
        "Cost of sales": 9128,
        "Enterprise cost management": 9933,
        "Total Operating Expenses": 20344,
        "Total revenue financing activities": 2060,
        "Net profit from business activities": 40717,
        "Profit": -2736,
        "Profit before tax": 37981,
        "Present corporate income tax expenses": 9092,
        "Deferred income taxes expenses": 1587,
        "The interests of minority shareholders": "N/A",
        "Total Cost of profits": 10679,
        "Profit after tax corporate income": 27302,
        "Volume": 27000000,
        "Close of Quarter": 37.6,
        "EPS": 4156,
        "Non-adjusted EPS": 4156,
        "PE": 9.0,
        "Book Price": 16.9
      }
    },
    {
      "quarter": "Q3 2016",
      "income status": {
        "Net sales": 227701,
        "Cost of goods sold": 172422,
        "Gross Profit": 55279,
        "Financial expenses": 1433,
        "Of which: Interest expense": 1433,
        "Cost of sales": 7989,
        "Enterprise cost management": 15721,
        "Total Operating Expenses": 25143,
        "Total revenue financing activities": 1822,
        "Net profit from business activities": 31958,
        "Profit": -243,
        "Profit before tax": 31715,
        "Present corporate income tax expenses": 4624,
        "Deferred income taxes expenses": 987,
        "The interests of minority shareholders": "N/A",
        "Total Cost of profits": 5611,
        "Profit after tax corporate income": 26104,
        "Volume": 27000000,
        "Close of Quarter": 38.9,
        "EPS": 4257,
        "Non-adjusted EPS": 4257,
        "PE": 9.2,
        "Book Price": 15.9
      }
    },
    {
      "quarter": "Q2 2016",
      "income status": {
        "Net sales": 231804,
        "Cost of goods sold": 157961,
        "Gross Profit": 73843,
        "Financial expenses": 1758,
        "Of which: Interest expense": 1757,
        "Cost of sales": 4708,
        "Enterprise cost management": 22574,
        "Total Operating Expenses": 29040,
        "Total revenue financing activities": 1663,
        "Net profit from business activities": 46465,
        "Profit": -374,
        "Profit before tax": 46091,
        "Present corporate income tax expenses": 6822,
        "Deferred income taxes expenses": 1231,
        "The interests of minority shareholders": "N/A",
        "Total Cost of profits": 8053,
        "Profit after tax corporate income": 38039,
        "Volume": 27000000,
        "Close of Quarter": 37.8,
        "EPS": 4424,
        "Non-adjusted EPS": 4424,
        "PE": 8.5,
        "Book Price": 15
      }
    },
    {
      "quarter": "Q1 2016",
      "income status": {
        "Net sales": 206662,
        "Cost of goods sold": 161627,
        "Gross Profit": 45035,
        "Financial expenses": 1681,
        "Of which: Interest expense": 1681,
        "Cost of sales": 4507,
        "Enterprise cost management": 14743,
        "Total Operating Expenses": 20931,
        "Total revenue financing activities": 1903,
        "Net profit from business activities": 26007,
        "Profit": -362,
        "Profit before tax": 25645,
        "Present corporate income tax expenses": 4874,
        "Deferred income taxes expenses": "N/A",
        "The interests of minority shareholders": "N/A",
        "Total Cost of profits": 4874,
        "Profit after tax corporate income": 20771,
        "Volume": 27000000,
        "Close of Quarter": 35.4,
        "EPS": 4325,
        "Non-adjusted EPS": 4325,
        "PE": 8.2,
        "Book Price": 14
      }
    },
    {
      "quarter": "Q4 2015",
      "income status": {
        "Net sales": 258554,
        "Cost of goods sold": 196588,
        "Gross Profit": 61967,
        "Financial expenses": 1981,
        "Of which: Interest expense": 1960,
        "Cost of sales": 6128,
        "Enterprise cost management": 17793,
        "Total Operating Expenses": 25902,
        "Total revenue financing activities": 2211,
        "Net profit from business activities": 38276,
        "Profit": -461,
        "Profit before tax": 37815,
        "Present corporate income tax expenses": 6454,
        "Deferred income taxes expenses": 1344,
        "The interests of minority shareholders": "N/A",
        "Total Cost of profits": 7798,
        "Profit after tax corporate income": 30016,
        "Volume": 27000000,
        "Close of Quarter": 27.6,
        "EPS": 4389,
        "Non-adjusted EPS": 4389,
        "PE": 6.3,
        "Book Price": 14.8
      }
    },
    {
      "quarter": "Q3 2015",
      "income status": {
        "Net sales": 235678,
        "Cost of goods sold": 178949,
        "Gross Profit": 56729,
        "Financial expenses": 1744,
        "Of which: Interest expense": 1715,
        "Cost of sales": 1873,
        "Enterprise cost management": 16810,
        "Total Operating Expenses": 20427,
        "Total revenue financing activities": 2224,
        "Net profit from business activities": 38527,
        "Profit": -621,
        "Profit before tax": 37905,
        "Present corporate income tax expenses": 7294,
        "Deferred income taxes expenses": "N/A",
        "The interests of minority shareholders": "N/A",
        "Total Cost of profits": 7294,
        "Profit after tax corporate income": 30612,
        "Volume": 27000000,
        "Close of Quarter": 24.7,
        "EPS": 4075,
        "Non-adjusted EPS": 4075,
        "PE": 6.1,
        "Book Price": 15.1
      }
    },
    {
      "quarter": "Q2 2015",
      "income status": {
        "Net sales": 245410,
        "Cost of goods sold": 178013,
        "Gross Profit": 67397,
        "Financial expenses": 1064,
        "Of which: Interest expense": 1078,
        "Cost of sales": 5860,
        "Enterprise cost management": 21424,
        "Total Operating Expenses": 28348,
        "Total revenue financing activities": 2573,
        "Net profit from business activities": 41622,
        "Profit": 1,
        "Profit before tax": 41623,
        "Present corporate income tax expenses": 6854,
        "Deferred income taxes expenses": -604,
        "The interests of minority shareholders": "N/A",
        "Total Cost of profits": 6250,
        "Profit after tax corporate income": 35373,
        "Volume": 27000000,
        "Close of Quarter": 24.3,
        "EPS": 4319,
        "Non-adjusted EPS": 4319,
        "PE": 5.6,
        "Book Price": 14.3
      }
    },
    {
      "quarter": "Q1 2015",
      "income status": {
        "Net sales": 210565,
        "Cost of goods sold": 163985,
        "Gross Profit": 46580,
        "Financial expenses": 1423,
        "Of which: Interest expense": 1364,
        "Cost of sales": 4923,
        "Enterprise cost management": 14194,
        "Total Operating Expenses": 20540,
        "Total revenue financing activities": 1849,
        "Net profit from business activities": 27889,
        "Profit": 9,
        "Profit before tax": 27898,
        "Present corporate income tax expenses": 5399,
        "Deferred income taxes expenses": "N/A",
        "The interests of minority shareholders": "N/A",
        "Total Cost of profits": 5399,
        "Profit after tax corporate income": 22499,
        "Volume": 27000000,
        "Close of Quarter": 25.0,
        "EPS": 4082,
        "Non-adjusted EPS": 4082,
        "PE": 6.1,
        "Book Price": 14.8
      }
    },
    {
      "quarter": "Q4 2014",
      "income status": {
        "Net sales": 275102,
        "Cost of goods sold": 223073,
        "Gross Profit": 52030,
        "Financial expenses": 1782,
        "Of which: Interest expense": 1746,
        "Cost of sales": 2704,
        "Enterprise cost management": 26021,
        "Total Operating Expenses": 30507,
        "Total revenue financing activities": 2360,
        "Net profit from business activities": 23883,
        "Profit": 22,
        "Profit before tax": 23904,
        "Present corporate income tax expenses": 4904,
        "Deferred income taxes expenses": -2538,
        "The interests of minority shareholders": "N/A",
        "Total Cost of profits": 2366,
        "Profit after tax corporate income": 21538,
        "Volume": 27000000,
        "Close of Quarter": 24.2,
        "EPS": 4172,
        "Non-adjusted EPS": 4172,
        "PE": 5.8,
        "Book Price": 16
      }
    },
    {
      "quarter": "Q3 2014",
      "income status": {
        "Net sales": 299749,
        "Cost of goods sold": 236337,
        "Gross Profit": 63412,
        "Financial expenses": 1932,
        "Of which: Interest expense": 1932,
        "Cost of sales": 4532,
        "Enterprise cost management": 17356,
        "Total Operating Expenses": 23820,
        "Total revenue financing activities": 3893,
        "Net profit from business activities": 43485,
        "Profit": 1812,
        "Profit before tax": 45297,
        "Present corporate income tax expenses": 8094,
        "Deferred income taxes expenses": "N/A",
        "The interests of minority shareholders": "N/A",
        "Total Cost of profits": 8094,
        "Profit after tax corporate income": 37203,
        "Volume": 27000000,
        "Close of Quarter": 28.6,
        "EPS": 4458,
        "Non-adjusted EPS": 4458,
        "PE": 6.4,
        "Book Price": 15.2
      }
    },
    {
      "quarter": "Q2 2014",
      "income status": {
        "Net sales": 278558,
        "Cost of goods sold": 217101,
        "Gross Profit": 61457,
        "Financial expenses": 1831,
        "Of which: Interest expense": 1779,
        "Cost of sales": 2043,
        "Enterprise cost management": 22050,
        "Total Operating Expenses": 25924,
        "Total revenue financing activities": 4852,
        "Net profit from business activities": 40383,
        "Profit": -7806,
        "Profit before tax": 32577,
        "Present corporate income tax expenses": 8821,
        "Deferred income taxes expenses": -5223,
        "The interests of minority shareholders": "N/A",
        "Total Cost of profits": 3598,
        "Profit after tax corporate income": 28980,
        "Volume": 27000000,
        "Close of Quarter": 26.9,
        "EPS": 4125,
        "Non-adjusted EPS": 4125,
        "PE": 6.5,
        "Book Price": 13.8
      }
    },
    {
      "quarter": "Q1 2014",
      "income status": {
        "Net sales": 232172,
        "Cost of goods sold": 179270,
        "Gross Profit": 52902,
        "Financial expenses": 2029,
        "Of which: Interest expense": 2026,
        "Cost of sales": 2337,
        "Enterprise cost management": 23982,
        "Total Operating Expenses": 28348,
        "Total revenue financing activities": 3205,
        "Net profit from business activities": 27759,
        "Profit": -73,
        "Profit before tax": 27686,
        "Present corporate income tax expenses": 2769,
        "Deferred income taxes expenses": "N/A",
        "The interests of minority shareholders": "N/A",
        "Total Cost of profits": 2769,
        "Profit after tax corporate income": 24917,
        "Volume": 27000000,
        "Close of Quarter": 30.9,
        "EPS": 4455,
        "Non-adjusted EPS": 4455,
        "PE": 6.9,
        "Book Price": 15.8
      }
    },
    {
      "quarter": "Q4 2013",
      "income status": {
        "Net sales": 240839,
        "Cost of goods sold": 189830,
        "Gross Profit": 51009,
        "Financial expenses": 2811,
        "Of which: Interest expense": 2809,
        "Cost of sales": 1961,
        "Enterprise cost management": 17677,
        "Total Operating Expenses": 22449,
        "Total revenue financing activities": 4253,
        "Net profit from business activities": 32813,
        "Profit": 245,
        "Profit before tax": 33058,
        "Present corporate income tax expenses": 3780,
        "Deferred income taxes expenses": "N/A",
        "The interests of minority shareholders": "N/A",
        "Total Cost of profits": 3780,
        "Profit after tax corporate income": 29278,
        "Volume": 27000000,
        "Close of Quarter": 22.0,
        "EPS": 4589,
        "Non-adjusted EPS": 4589,
        "PE": 4.8,
        "Book Price": 16.4
      }
    },
    {
      "quarter": "Q3 2013",
      "income status": {
        "Net sales": 261154,
        "Cost of goods sold": 207374,
        "Gross Profit": 53779,
        "Financial expenses": 3186,
        "Of which: Interest expense": 3186,
        "Cost of sales": 2566,
        "Enterprise cost management": 20601,
        "Total Operating Expenses": 26353,
        "Total revenue financing activities": 4372,
        "Net profit from business activities": 31799,
        "Profit": -360,
        "Profit before tax": 31439,
        "Present corporate income tax expenses": 3228,
        "Deferred income taxes expenses": "N/A",
        "The interests of minority shareholders": "N/A",
        "Total Cost of profits": 3228,
        "Profit after tax corporate income": 28210,
        "Volume": 21327638,
        "Close of Quarter": 19.9,
        "EPS": 4497.0,
        "Non-adjusted EPS": 5693,
        "PE": 3.5,
        "Book Price": 14.9
      }
    },
    {
      "quarter": "Q2 2013",
      "income status": {
        "Net sales": 249980,
        "Cost of goods sold": 193897,
        "Gross Profit": 56083,
        "Financial expenses": 4163,
        "Of which: Interest expense": 4061,
        "Cost of sales": 2462,
        "Enterprise cost management": 13572,
        "Total Operating Expenses": 20197,
        "Total revenue financing activities": 7251,
        "Net profit from business activities": 43137,
        "Profit": -321,
        "Profit before tax": 42816,
        "Present corporate income tax expenses": 4943,
        "Deferred income taxes expenses": "N/A",
        "The interests of minority shareholders": "N/A",
        "Total Cost of profits": 4943,
        "Profit after tax corporate income": 37873,
        "Volume": 21327638,
        "Close of Quarter": 16.1,
        "EPS": 4417.2,
        "Non-adjusted EPS": 5592,
        "PE": 2.9,
        "Book Price": 13.9
      }
    },
    {
      "quarter": "Q1 2013",
      "income status": {
        "Net sales": 197807,
        "Cost of goods sold": 153189,
        "Gross Profit": 44618,
        "Financial expenses": 4533,
        "Of which: Interest expense": 4453,
        "Cost of sales": 4817,
        "Enterprise cost management": 6802,
        "Total Operating Expenses": 16152,
        "Total revenue financing activities": 3573,
        "Net profit from business activities": 32039,
        "Profit": -316,
        "Profit before tax": 31723,
        "Present corporate income tax expenses": 3172,
        "Deferred income taxes expenses": "N/A",
        "The interests of minority shareholders": "N/A",
        "Total Cost of profits": 3172,
        "Profit after tax corporate income": 28551,
        "Volume": 21327638,
        "Close of Quarter": 14.7,
        "EPS": 4437.7,
        "Non-adjusted EPS": 5618,
        "PE": 2.6,
        "Book Price": 14.0
      }
    },
    {
      "quarter": "Q4 2012",
      "income status": {
        "Net sales": 232975,
        "Cost of goods sold": 177574,
        "Gross Profit": 55401,
        "Financial expenses": 4387,
        "Of which: Interest expense": 4385,
        "Cost of sales": 2971,
        "Enterprise cost management": 20834,
        "Total Operating Expenses": 28192,
        "Total revenue financing activities": 4384,
        "Net profit from business activities": 31594,
        "Profit": -1509,
        "Profit before tax": 30085,
        "Present corporate income tax expenses": 3305,
        "Deferred income taxes expenses": "N/A",
        "The interests of minority shareholders": "N/A",
        "Total Cost of profits": 3305,
        "Profit after tax corporate income": 26781,
        "Volume": 21327638,
        "Close of Quarter": 12.1,
        "EPS": 4382.4,
        "Non-adjusted EPS": 5548,
        "PE": 2.2,
        "Book Price": 14.1
      }
    },
    {
      "quarter": "Q3 2012",
      "income status": {
        "Net sales": 211251,
        "Cost of goods sold": 171624,
        "Gross Profit": 39627,
        "Financial expenses": 5153,
        "Of which: Interest expense": 5134,
        "Cost of sales": 890,
        "Enterprise cost management": 8221,
        "Total Operating Expenses": 14264,
        "Total revenue financing activities": 4234,
        "Net profit from business activities": 29597,
        "Profit": -545,
        "Profit before tax": 29052,
        "Present corporate income tax expenses": 2994,
        "Deferred income taxes expenses": "N/A",
        "The interests of minority shareholders": "N/A",
        "Total Cost of profits": 2994,
        "Profit after tax corporate income": 26058,
        "Volume": 21327638,
        "Close of Quarter": 12.7,
        "EPS": 4296.3,
        "Non-adjusted EPS": 5439,
        "PE": 2.3,
        "Book Price": 14.3
      }
    },
    {
      "quarter": "Q2 2012",
      "income status": {
        "Net sales": 206363,
        "Cost of goods sold": 153114,
        "Gross Profit": 53249,
        "Financial expenses": 6906,
        "Of which: Interest expense": 6892,
        "Cost of sales": 1226,
        "Enterprise cost management": 6889,
        "Total Operating Expenses": 15021,
        "Total revenue financing activities": 5225,
        "Net profit from business activities": 43453,
        "Profit": -537,
        "Profit before tax": 42917,
        "Present corporate income tax expenses": 4495,
        "Deferred income taxes expenses": "N/A",
        "The interests of minority shareholders": "N/A",
        "Total Cost of profits": 4495,
        "Profit after tax corporate income": 38422,
        "Volume": 21327638,
        "Close of Quarter": 12.4,
        "EPS": 5611.5,
        "Non-adjusted EPS": 7104,
        "PE": 1.8,
        "Book Price": 13.4
      }
    },
    {
      "quarter": "Q1 2012",
      "income status": {
        "Net sales": 150600,
        "Cost of goods sold": 113856,
        "Gross Profit": 36744,
        "Financial expenses": 7038,
        "Of which: Interest expense": 7011,
        "Cost of sales": 2201,
        "Enterprise cost management": 3602,
        "Total Operating Expenses": 12841,
        "Total revenue financing activities": 6994,
        "Net profit from business activities": 30897,
        "Profit": -717,
        "Profit before tax": 30180,
        "Present corporate income tax expenses": 3112,
        "Deferred income taxes expenses": "N/A",
        "The interests of minority shareholders": "N/A",
        "Total Cost of profits": 3112,
        "Profit after tax corporate income": 27068,
        "Volume": 21327638,
        "Close of Quarter": 11.7,
        "EPS": 5911.7,
        "Non-adjusted EPS": 7484,
        "PE": 1.6,
        "Book Price": 15.7
      }
    },
    {
      "quarter": "Q4 2011",
      "income status": {
        "Net sales": 215050,
        "Cost of goods sold": 172327,
        "Gross Profit": 42723,
        "Financial expenses": 8576,
        "Of which: Interest expense": 8299,
        "Cost of sales": 943,
        "Enterprise cost management": 9912,
        "Total Operating Expenses": 19431,
        "Total revenue financing activities": 5930,
        "Net profit from business activities": 29222,
        "Profit": -1963,
        "Profit before tax": 27259,
        "Present corporate income tax expenses": 2803,
        "Deferred income taxes expenses": "N/A",
        "The interests of minority shareholders": "N/A",
        "Total Cost of profits": 2803,
        "Profit after tax corporate income": 24456,
        "Volume": 20312038,
        "Close of Quarter": 9.3,
        "EPS": 5929.6,
        "Non-adjusted EPS": 7882,
        "PE": 1.2,
        "Book Price": 14.4
      }
    },
    {
      "quarter": "Q3 2011",
      "income status": {
        "Net sales": 192722,
        "Cost of goods sold": 113297,
        "Gross Profit": 79425,
        "Financial expenses": 6836,
        "Of which: Interest expense": 6836,
        "Cost of sales": 1104,
        "Enterprise cost management": 6991,
        "Total Operating Expenses": 14931,
        "Total revenue financing activities": 4867,
        "Net profit from business activities": 69361,
        "Profit": -943,
        "Profit before tax": 200029,
        "Present corporate income tax expenses": 6842,
        "Deferred income taxes expenses": "N/A",
        "The interests of minority shareholders": "N/A",
        "Total Cost of profits": 6842,
        "Profit after tax corporate income": 61576,
        "Volume": 20312038,
        "Close of Quarter": "N/A",
        "EPS": 5023.8,
        "Non-adjusted EPS": 6678,
        "PE": "N/A",
        "Book Price": 14.4
      }
    }
  ]
}