{
  "ticker": "FPT",
  "data": [
    {
      "quarter": "Q4 2016",
      "income status": {
        "Net sales": 12399573,
        "Cost of goods sold": 9612446,
        "Gross Profit": 2787128,
        "Financial expenses": 279517,
        "Of which: Interest expense": 102513,
        "Cost of sales": 840786,
        "Enterprise cost management": 930676,
        "Total Operating Expenses": 2050979,
        "Total revenue financing activities": 240045,
        "Net profit from business activities": 986046,
        "Profit": 16252,
        "Profit before tax": 1002297,
        "Present corporate income tax expenses": 177170,
        "Deferred income taxes expenses": -6399,
        "The interests of minority shareholders": 170389,
        "Total Cost of profits": 341160,
        "Profit after tax corporate income": 661138,
        "Volume": 459401429,
        "Close of Quarter": 37.5,
        "EPS": 4333,
        "Non-adjusted EPS": 4333,
        "PE": 8.7,
        "Book Price": 24.9
      }
    },
    {
      "quarter": "Q3 2016",
      "income status": {
        "Net sales": 9755288,
        "Cost of goods sold": 7538707,
        "Gross Profit": 2216581,
        "Financial expenses": 192112,
        "Of which: Interest expense": 104296,
        "Cost of sales": 698480,
        "Enterprise cost management": 724850,
        "Total Operating Expenses": 1615442,
        "Total revenue financing activities": 139922,
        "Net profit from business activities": 749014,
        "Profit": 5072,
        "Profit before tax": 754086,
        "Present corporate income tax expenses": 87796,
        "Deferred income taxes expenses": -1176,
        "The interests of minority shareholders": 199655,
        "Total Cost of profits": 286275,
        "Profit after tax corporate income": 467811,
        "Volume": 459401429,
        "Close of Quarter": 39.7,
        "EPS": 4336,
        "Non-adjusted EPS": 4336,
        "PE": 9.2,
        "Book Price": 23.9
      }
    },
    {
      "quarter": "Q2 2016",
      "income status": {
        "Net sales": 8958526,
        "Cost of goods sold": 7024976,
        "Gross Profit": 1933550,
        "Financial expenses": 223845,
        "Of which: Interest expense": 107257,
        "Cost of sales": 574760,
        "Enterprise cost management": 629558,
        "Total Operating Expenses": 1428163,
        "Total revenue financing activities": 159033,
        "Net profit from business activities": 674361,
        "Profit": 20409,
        "Profit before tax": 694770,
        "Present corporate income tax expenses": 74547,
        "Deferred income taxes expenses": -9967,
        "The interests of minority shareholders": 114187,
        "Total Cost of profits": 178767,
        "Profit after tax corporate income": 516003,
        "Volume": 399493214,
        "Close of Quarter": 34.8,
        "EPS": 4164.5,
        "Non-adjusted EPS": 4789,
        "PE": 7.3,
        "Book Price": 23.7
      }
    },
    {
      "quarter": "Q1 2016",
      "income status": {
        "Net sales": 8466518,
        "Cost of goods sold": 6780367,
        "Gross Profit": 1686151,
        "Financial expenses": 124385,
        "Of which: Interest expense": 63802,
        "Cost of sales": 597561,
        "Enterprise cost management": 578217,
        "Total Operating Expenses": 1300163,
        "Total revenue financing activities": 161405,
        "Net profit from business activities": 554781,
        "Profit": 7964,
        "Profit before tax": 562746,
        "Present corporate income tax expenses": 85635,
        "Deferred income taxes expenses": 30602,
        "The interests of minority shareholders": 100819,
        "Total Cost of profits": 217056,
        "Profit after tax corporate income": 345690,
        "Volume": 397506385,
        "Close of Quarter": 33.4,
        "EPS": 4035.6,
        "Non-adjusted EPS": 4664,
        "PE": 7.2,
        "Book Price": 23.2
      }
    },
    {
      "quarter": "Q4 2015",
      "income status": {
        "Net sales": 10449043,
        "Cost of goods sold": 8290362,
        "Gross Profit": 2158681,
        "Financial expenses": 165562,
        "Of which: Interest expense": 105134,
        "Cost of sales": 500710,
        "Enterprise cost management": 815102,
        "Total Operating Expenses": 1481374,
        "Total revenue financing activities": 157337,
        "Net profit from business activities": 843492,
        "Profit": 38597,
        "Profit before tax": 882089,
        "Present corporate income tax expenses": 162692,
        "Deferred income taxes expenses": -61324,
        "The interests of minority shareholders": 118222,
        "Total Cost of profits": 219590,
        "Profit after tax corporate income": 662499,
        "Volume": 397506385,
        "Close of Quarter": 34.2,
        "EPS": 4206.9,
        "Non-adjusted EPS": 4862,
        "PE": 7.0,
        "Book Price": 22.2
      }
    },
    {
      "quarter": "Q3 2015",
      "income status": {
        "Net sales": 9527464,
        "Cost of goods sold": 7612867,
        "Gross Profit": 1914597,
        "Financial expenses": 194923,
        "Of which: Interest expense": 54829,
        "Cost of sales": 589228,
        "Enterprise cost management": 627798,
        "Total Operating Expenses": 1411949,
        "Total revenue financing activities": 111424,
        "Net profit from business activities": 621827,
        "Profit": -3327,
        "Profit before tax": 618500,
        "Present corporate income tax expenses": 107228,
        "Deferred income taxes expenses": -7955,
        "The interests of minority shareholders": 130162,
        "Total Cost of profits": 229435,
        "Profit after tax corporate income": 389064,
        "Volume": 397506385,
        "Close of Quarter": 31.5,
        "EPS": 3745.8,
        "Non-adjusted EPS": 4329,
        "PE": 7.3,
        "Book Price": 21.7
      }
    },
    {
      "quarter": "Q2 2015",
      "income status": {
        "Net sales": 3257001,
        "Cost of goods sold": 1455088,
        "Gross Profit": 1801913,
        "Financial expenses": 142842,
        "Of which: Interest expense": 65642,
        "Cost of sales": 523476,
        "Enterprise cost management": 531229,
        "Total Operating Expenses": 1197547,
        "Total revenue financing activities": 98268,
        "Net profit from business activities": 711604,
        "Profit": -6579,
        "Profit before tax": 705025,
        "Present corporate income tax expenses": 125417,
        "Deferred income taxes expenses": -10902,
        "The interests of minority shareholders": 133876,
        "Total Cost of profits": 248391,
        "Profit after tax corporate income": 456633,
        "Volume": 345670662,
        "Close of Quarter": 32.2,
        "EPS": 3745.6,
        "Non-adjusted EPS": 4978,
        "PE": 6.5,
        "Book Price": 21.6
      }
    },
    {
      "quarter": "Q1 2015",
      "income status": {
        "Net sales": 14713020,
        "Cost of goods sold": 13023302,
        "Gross Profit": 1689718,
        "Financial expenses": 120817,
        "Of which: Interest expense": 40841,
        "Cost of sales": 522724,
        "Enterprise cost management": 506656,
        "Total Operating Expenses": 1150197,
        "Total revenue financing activities": 89420,
        "Net profit from business activities": 637842,
        "Profit": 7490,
        "Profit before tax": 645332,
        "Present corporate income tax expenses": 101775,
        "Deferred income taxes expenses": -3792,
        "The interests of minority shareholders": 122688,
        "Total Cost of profits": 220671,
        "Profit after tax corporate income": 424661,
        "Volume": 343951345,
        "Close of Quarter": 28.6,
        "EPS": 3682.8,
        "Non-adjusted EPS": 4919,
        "PE": 5.8,
        "Book Price": 21.4
      }
    },
    {
      "quarter": "Q4 2014",
      "income status": {
        "Net sales": 15333191,
        "Cost of goods sold": 13564975,
        "Gross Profit": 1768216,
        "Financial expenses": 129236,
        "Of which: Interest expense": 91953,
        "Cost of sales": 542276,
        "Enterprise cost management": 593725,
        "Total Operating Expenses": 1265237,
        "Total revenue financing activities": 109431,
        "Net profit from business activities": 625214,
        "Profit": 5589,
        "Profit before tax": 630803,
        "Present corporate income tax expenses": 100607,
        "Deferred income taxes expenses": -3440,
        "The interests of minority shareholders": 83107,
        "Total Cost of profits": 180274,
        "Profit after tax corporate income": 450529,
        "Volume": 343951345,
        "Close of Quarter": 28.4,
        "EPS": 3545.1,
        "Non-adjusted EPS": 4735,
        "PE": 6.0,
        "Book Price": 20.1
      }
    },
    {
      "quarter": "Q3 2014",
      "income status": {
        "Net sales": 13477215,
        "Cost of goods sold": 11870554,
        "Gross Profit": 1606661,
        "Financial expenses": 77733,
        "Of which: Interest expense": 49194,
        "Cost of sales": 415170,
        "Enterprise cost management": 621220,
        "Total Operating Expenses": 1114123,
        "Total revenue financing activities": 98395,
        "Net profit from business activities": 600951,
        "Profit": 11262,
        "Profit before tax": 612213,
        "Present corporate income tax expenses": 102583,
        "Deferred income taxes expenses": -6880,
        "The interests of minority shareholders": 114624,
        "Total Cost of profits": 210327,
        "Profit after tax corporate income": 389098,
        "Volume": 343951345,
        "Close of Quarter": 30.7,
        "EPS": 3596.7,
        "Non-adjusted EPS": 4804,
        "PE": 6.4,
        "Book Price": 19.5
      }
    },
    {
      "quarter": "Q2 2014",
      "income status": {
        "Net sales": 3276528,
        "Cost of goods sold": 1722524,
        "Gross Profit": 1554004,
        "Financial expenses": 88081,
        "Of which: Interest expense": 47212,
        "Cost of sales": 387408,
        "Enterprise cost management": 526031,
        "Total Operating Expenses": 1001520,
        "Total revenue financing activities": 75900,
        "Net profit from business activities": 636086,
        "Profit": 21775,
        "Profit before tax": 657860,
        "Present corporate income tax expenses": 96429,
        "Deferred income taxes expenses": -8883,
        "The interests of minority shareholders": 129873,
        "Total Cost of profits": 217419,
        "Profit after tax corporate income": 427585,
        "Volume": 343951345,
        "Close of Quarter": 27.0,
        "EPS": 3469.5,
        "Non-adjusted EPS": 4634,
        "PE": 5.8,
        "Book Price": 19.3
      }
    },
    {
      "quarter": "Q1 2014",
      "income status": {
        "Net sales": 10867322,
        "Cost of goods sold": 9522263,
        "Gross Profit": 1345059,
        "Financial expenses": 61447,
        "Of which: Interest expense": 35507,
        "Cost of sales": 344493,
        "Enterprise cost management": 456175,
        "Total Operating Expenses": 862115,
        "Total revenue financing activities": 83919,
        "Net profit from business activities": 577197,
        "Profit": 17458,
        "Profit before tax": 594655,
        "Present corporate income tax expenses": 105744,
        "Deferred income taxes expenses": -5127,
        "The interests of minority shareholders": 119436,
        "Total Cost of profits": 220053,
        "Profit after tax corporate income": 361517,
        "Volume": 275176500,
        "Close of Quarter": 31.7,
        "EPS": 3506.5,
        "Non-adjusted EPS": 5854,
        "PE": 5.4,
        "Book Price": 19.0
      }
    },
    {
      "quarter": "Q4 2013",
      "income status": {
        "Net sales": 11283427,
        "Cost of goods sold": 9645313,
        "Gross Profit": 1638114,
        "Financial expenses": 59138,
        "Of which: Interest expense": 33208,
        "Cost of sales": 477728,
        "Enterprise cost management": 608518,
        "Total Operating Expenses": 1145384,
        "Total revenue financing activities": 183906,
        "Net profit from business activities": 676635,
        "Profit": 33263,
        "Profit before tax": 718839,
        "Present corporate income tax expenses": 141071,
        "Deferred income taxes expenses": -5903,
        "The interests of minority shareholders": 67214,
        "Total Cost of profits": 202382,
        "Profit after tax corporate income": 474010,
        "Volume": 275176500,
        "Close of Quarter": 21.4,
        "EPS": 3499.3,
        "Non-adjusted EPS": 5842,
        "PE": 3.7,
        "Book Price": 15.7
      }
    },
    {
      "quarter": "Q3 2013",
      "income status": {
        "Net sales": 12000599,
        "Cost of goods sold": 10654524,
        "Gross Profit": 1346075,
        "Financial expenses": 65080,
        "Of which: Interest expense": 33766,
        "Cost of sales": 344080,
        "Enterprise cost management": 450432,
        "Total Operating Expenses": 859592,
        "Total revenue financing activities": 60336,
        "Net profit from business activities": 546819,
        "Profit": 11179,
        "Profit before tax": 562529,
        "Present corporate income tax expenses": 105575,
        "Deferred income taxes expenses": -8155,
        "The interests of minority shareholders": 134520,
        "Total Cost of profits": 231940,
        "Profit after tax corporate income": 330589,
        "Volume": 275176500,
        "Close of Quarter": 20.4,
        "EPS": 3444.8,
        "Non-adjusted EPS": 5751,
        "PE": 3.6,
        "Book Price": 15.0
      }
    },
    {
      "quarter": "Q2 2013",
      "income status": {
        "Net sales": 3656173,
        "Cost of goods sold": 2290966,
        "Gross Profit": 1365206,
        "Financial expenses": 83267,
        "Of which: Interest expense": 29936,
        "Cost of sales": 296759,
        "Enterprise cost management": 387785,
        "Total Operating Expenses": 767811,
        "Total revenue financing activities": 78485,
        "Net profit from business activities": 675880,
        "Profit": 19618,
        "Profit before tax": 702325,
        "Present corporate income tax expenses": 124887,
        "Deferred income taxes expenses": -6861,
        "The interests of minority shareholders": 139513,
        "Total Cost of profits": 257539,
        "Profit after tax corporate income": 444786,
        "Volume": 275176500,
        "Close of Quarter": 18.3,
        "EPS": 3462.2,
        "Non-adjusted EPS": 5780,
        "PE": 3.2,
        "Book Price": 15.2
      }
    },
    {
      "quarter": "Q1 2013",
      "income status": {
        "Net sales": 8611039,
        "Cost of goods sold": 7417863,
        "Gross Profit": 1193176,
        "Financial expenses": 63071,
        "Of which: Interest expense": 35582,
        "Cost of sales": 254508,
        "Enterprise cost management": 386689,
        "Total Operating Expenses": 704268,
        "Total revenue financing activities": 62995,
        "Net profit from business activities": 551903,
        "Profit": 21258,
        "Profit before tax": 574384,
        "Present corporate income tax expenses": 105485,
        "Deferred income taxes expenses": -5782,
        "The interests of minority shareholders": 116358,
        "Total Cost of profits": 216061,
        "Profit after tax corporate income": 358323,
        "Volume": 273823578,
        "Close of Quarter": 16.6,
        "EPS": 3391.5,
        "Non-adjusted EPS": 5690,
        "PE": 2.9,
        "Book Price": 14.2
      }
    },
    {
      "quarter": "Q4 2012",
      "income status": {
        "Net sales": 10020775,
        "Cost of goods sold": 8509643,
        "Gross Profit": 1511131,
        "Financial expenses": 268338,
        "Of which: Interest expense": 73435,
        "Cost of sales": 310734,
        "Enterprise cost management": 629010,
        "Total Operating Expenses": 1208082,
        "Total revenue financing activities": 323150,
        "Net profit from business activities": 626200,
        "Profit": 25101,
        "Profit before tax": 651364,
        "Present corporate income tax expenses": 121561,
        "Deferred income taxes expenses": -14779,
        "The interests of minority shareholders": 95627,
        "Total Cost of profits": 202409,
        "Profit after tax corporate income": 448954,
        "Volume": 273823578,
        "Close of Quarter": 15.4,
        "EPS": 3352.8,
        "Non-adjusted EPS": 5625,
        "PE": 2.7,
        "Book Price": 13.5
      }
    },
    {
      "quarter": "Q3 2012",
      "income status": {
        "Net sales": 9869741,
        "Cost of goods sold": 8734212,
        "Gross Profit": 1135529,
        "Financial expenses": 90703,
        "Of which: Interest expense": 68951,
        "Cost of sales": 237162,
        "Enterprise cost management": 412908,
        "Total Operating Expenses": 740773,
        "Total revenue financing activities": 129246,
        "Net profit from business activities": 524003,
        "Profit": 22844,
        "Profit before tax": 550116,
        "Present corporate income tax expenses": 97194,
        "Deferred income taxes expenses": 992,
        "The interests of minority shareholders": 113527,
        "Total Cost of profits": 211713,
        "Profit after tax corporate income": 338403,
        "Volume": 273697737,
        "Close of Quarter": 16.1,
        "EPS": 3382.8,
        "Non-adjusted EPS": 5678,
        "PE": 2.8,
        "Book Price": 13.4
      }
    },
    {
      "quarter": "Q2 2012",
      "income status": {
        "Net sales": 2303974,
        "Cost of goods sold": 1198477,
        "Gross Profit": 1105497,
        "Financial expenses": 117385,
        "Of which: Interest expense": 80201,
        "Cost of sales": 209350,
        "Enterprise cost management": 309169,
        "Total Operating Expenses": 635904,
        "Total revenue financing activities": 123643,
        "Net profit from business activities": 593236,
        "Profit": 17720,
        "Profit before tax": 627162,
        "Present corporate income tax expenses": 96282,
        "Deferred income taxes expenses": 1383,
        "The interests of minority shareholders": 117156,
        "Total Cost of profits": 214821,
        "Profit after tax corporate income": 412341,
        "Volume": 215953678,
        "Close of Quarter": 19.5,
        "EPS": 3763.9,
        "Non-adjusted EPS": 8007,
        "PE": 2.4,
        "Book Price": 13.3
      }
    },
    {
      "quarter": "Q1 2012",
      "income status": {
        "Net sales": 8937352,
        "Cost of goods sold": 7820010,
        "Gross Profit": 1117342,
        "Financial expenses": 122822,
        "Of which: Interest expense": 55414,
        "Cost of sales": 166009,
        "Enterprise cost management": 378299,
        "Total Operating Expenses": 667130,
        "Total revenue financing activities": 109580,
        "Net profit from business activities": 559792,
        "Profit": 5003,
        "Profit before tax": 577919,
        "Present corporate income tax expenses": 109532,
        "Deferred income taxes expenses": 7970,
        "The interests of minority shareholders": 119787,
        "Total Cost of profits": 237289,
        "Profit after tax corporate income": 340630,
        "Volume": 215953678,
        "Close of Quarter": 19.0,
        "EPS": 3770.5,
        "Non-adjusted EPS": 8021,
        "PE": 2.4,
        "Book Price": 12.7
      }
    },
    {
      "quarter": "Q4 2011",
      "income status": {
        "Net sales": 13832026,
        "Cost of goods sold": 12178539,
        "Gross Profit": 1653487,
        "Financial expenses": 135533,
        "Of which: Interest expense": 54626,
        "Cost of sales": 259466,
        "Enterprise cost management": 717799,
        "Total Operating Expenses": 1112798,
        "Total revenue financing activities": 120362,
        "Net profit from business activities": 661051,
        "Profit": 13377,
        "Profit before tax": 2515025,
        "Present corporate income tax expenses": 59432,
        "Deferred income taxes expenses": 9525,
        "The interests of minority shareholders": 116943,
        "Total Cost of profits": 185900,
        "Profit after tax corporate income": 462746,
        "Volume": 215953678,
        "Close of Quarter": 16.2,
        "EPS": 3674.6,
        "Non-adjusted EPS": 7817,
        "PE": 2.1,
        "Book Price": 12.0
      }
    },
    {
      "quarter": "Q3 2011",
      "income status": {
        "Net sales": 10140718,
        "Cost of goods sold": 8896497,
        "Gross Profit": 1244222,
        "Financial expenses": 176659,
        "Of which: Interest expense": 99416,
        "Cost of sales": 224360,
        "Enterprise cost management": 441166,
        "Total Operating Expenses": 842185,
        "Total revenue financing activities": 222315,
        "Net profit from business activities": 624351,
        "Profit": 7345,
        "Profit before tax": 662378,
        "Present corporate income tax expenses": 127286,
        "Deferred income taxes expenses": -4441,
        "The interests of minority shareholders": 26207,
        "Total Cost of profits": 149052,
        "Profit after tax corporate income": 513326,
        "Volume": 193376774,
        "Close of Quarter": 16.8,
        "EPS": 3328.7,
        "Non-adjusted EPS": 7908,
        "PE": 2.1,
        "Book Price": 11.9
      }
    },
    {
      "quarter": "Q2 2011",
      "income status": {
        "Net sales": 9329772,
        "Cost of goods sold": 8038828,
        "Gross Profit": 1290943,
        "Financial expenses": 175450,
        "Of which: Interest expense": 91545,
        "Cost of sales": 190289,
        "Enterprise cost management": 444244,
        "Total Operating Expenses": 809983,
        "Total revenue financing activities": 167928,
        "Net profit from business activities": 648888,
        "Profit": 8649,
        "Profit before tax": 688296,
        "Present corporate income tax expenses": 131409,
        "Deferred income taxes expenses": 3841,
        "The interests of minority shareholders": 137589,
        "Total Cost of profits": 272839,
        "Profit after tax corporate income": 415457,
        "Volume": 192978824,
        "Close of Quarter": 15.4,
        "EPS": 2823.3,
        "Non-adjusted EPS": 6721,
        "PE": 2.3,
        "Book Price": 10
      }
    },
    {
      "quarter": "Q1 2011",
      "income status": {
        "Net sales": 10199095,
        "Cost of goods sold": 9038266,
        "Gross Profit": 1160830,
        "Financial expenses": 304280,
        "Of which: Interest expense": 99144,
        "Cost of sales": 145728,
        "Enterprise cost management": 367487,
        "Total Operating Expenses": 817495,
        "Total revenue financing activities": 131298,
        "Net profit from business activities": 474631,
        "Profit": 15970,
        "Profit before tax": 515704,
        "Present corporate income tax expenses": 106601,
        "Deferred income taxes expenses": -7224,
        "The interests of minority shareholders": 119701,
        "Total Cost of profits": 219078,
        "Profit after tax corporate income": 296626,
        "Volume": 192978824,
        "Close of Quarter": 16.2,
        "EPS": 2763.6,
        "Non-adjusted EPS": 6579,
        "PE": 2.5,
        "Book Price": 9.3
      }
    }
  ]
}