{
  "ticker": "MEC",
  "data": [
    {
      "quarter": "Q4 2016",
      "income status": {
        "Net sales": 128441,
        "Cost of goods sold": 107627,
        "Gross Profit": 20814,
        "Financial expenses": 11025,
        "Of which: Interest expense": 5827,
        "Cost of sales": "N/A",
        "Enterprise cost management": 9080,
        "Total Operating Expenses": 20105,
        "Total revenue financing activities": 129,
        "Net profit from business activities": 837,
        "Profit": -6597,
        "Profit before tax": -5759,
        "Present corporate income tax expenses": 1108,
        "Deferred income taxes expenses": "N/A",
        "The interests of minority shareholders": -8,
        "Total Cost of profits": 1100,
        "Profit after tax corporate income": -6859,
        "Volume": 8353620,
        "Close of Quarter": 2.9,
        "EPS": -618,
        "Non-adjusted EPS": -618,
        "PE": -4.7,
        "Book Price": 19.1
      }
    },
    {
      "quarter": "Q3 2016",
      "income status": {
        "Net sales": 50418,
        "Cost of goods sold": 43126,
        "Gross Profit": 7292,
        "Financial expenses": 6066,
        "Of which: Interest expense": 6066,
        "Cost of sales": "N/A",
        "Enterprise cost management": 4092,
        "Total Operating Expenses": 10158,
        "Total revenue financing activities": 4721,
        "Net profit from business activities": 1854,
        "Profit": -515,
        "Profit before tax": 1339,
        "Present corporate income tax expenses": 252,
        "Deferred income taxes expenses": "N/A",
        "The interests of minority shareholders": 2,
        "Total Cost of profits": 254,
        "Profit after tax corporate income": 1085,
        "Volume": 7735000,
        "Close of Quarter": 3.7,
        "EPS": 580.6,
        "Non-adjusted EPS": 627,
        "PE": 5.9,
        "Book Price": 19.9
      }
    },
    {
      "quarter": "Q2 2016",
      "income status": {
        "Net sales": 123499,
        "Cost of goods sold": 106292,
        "Gross Profit": 17207,
        "Financial expenses": 6388,
        "Of which: Interest expense": 5555,
        "Cost of sales": "N/A",
        "Enterprise cost management": 7739,
        "Total Operating Expenses": 14127,
        "Total revenue financing activities": -4790,
        "Net profit from business activities": -1710,
        "Profit": 2226,
        "Profit before tax": 516,
        "Present corporate income tax expenses": 443,
        "Deferred income taxes expenses": -22,
        "The interests of minority shareholders": -207,
        "Total Cost of profits": 214,
        "Profit after tax corporate income": 302,
        "Volume": 7735000,
        "Close of Quarter": 4.1,
        "EPS": 579.6,
        "Non-adjusted EPS": 626,
        "PE": 6.5,
        "Book Price": 19.8
      }
    },
    {
      "quarter": "Q1 2016",
      "income status": {
        "Net sales": 30746,
        "Cost of goods sold": 27105,
        "Gross Profit": 3641,
        "Financial expenses": 4720,
        "Of which: Interest expense": 4720,
        "Cost of sales": "N/A",
        "Enterprise cost management": 3937,
        "Total Operating Expenses": 8657,
        "Total revenue financing activities": 5127,
        "Net profit from business activities": 110,
        "Profit": 271,
        "Profit before tax": 381,
        "Present corporate income tax expenses": 73,
        "Deferred income taxes expenses": "N/A",
        "The interests of minority shareholders": "N/A",
        "Total Cost of profits": 73,
        "Profit after tax corporate income": 309,
        "Volume": 7735000,
        "Close of Quarter": 4.5,
        "EPS": 490.8,
        "Non-adjusted EPS": 530,
        "PE": 8.6,
        "Book Price": 19.7
      }
    },
    {
      "quarter": "Q4 2015",
      "income status": {
        "Net sales": 209736,
        "Cost of goods sold": 186689,
        "Gross Profit": 23047,
        "Financial expenses": 6473,
        "Of which: Interest expense": 5650,
        "Cost of sales": "N/A",
        "Enterprise cost management": 10360,
        "Total Operating Expenses": 16833,
        "Total revenue financing activities": 24,
        "Net profit from business activities": 6237,
        "Profit": -1417,
        "Profit before tax": 4820,
        "Present corporate income tax expenses": 1667,
        "Deferred income taxes expenses": "N/A",
        "The interests of minority shareholders": "N/A",
        "Total Cost of profits": 1667,
        "Profit after tax corporate income": 3153,
        "Volume": 7735000,
        "Close of Quarter": 5.2,
        "EPS": 529.6,
        "Non-adjusted EPS": 572,
        "PE": 9.1,
        "Book Price": 20.2
      }
    },
    {
      "quarter": "Q3 2015",
      "income status": {
        "Net sales": 71899,
        "Cost of goods sold": 59049,
        "Gross Profit": 12850,
        "Financial expenses": 5131,
        "Of which: Interest expense": 5131,
        "Cost of sales": "N/A",
        "Enterprise cost management": 6624,
        "Total Operating Expenses": 11755,
        "Total revenue financing activities": 1064,
        "Net profit from business activities": 2160,
        "Profit": -700,
        "Profit before tax": 1460,
        "Present corporate income tax expenses": 386,
        "Deferred income taxes expenses": "N/A",
        "The interests of minority shareholders": -1,
        "Total Cost of profits": 385,
        "Profit after tax corporate income": 1075,
        "Volume": 7735000,
        "Close of Quarter": 5.1,
        "EPS": 617.6,
        "Non-adjusted EPS": 667,
        "PE": 7.6,
        "Book Price": 19.9
      }
    },
    {
      "quarter": "Q2 2015",
      "income status": {
        "Net sales": 68074,
        "Cost of goods sold": 57405,
        "Gross Profit": 10670,
        "Financial expenses": 4701,
        "Of which: Interest expense": 4536,
        "Cost of sales": "N/A",
        "Enterprise cost management": 9254,
        "Total Operating Expenses": 13955,
        "Total revenue financing activities": -2297,
        "Net profit from business activities": -5583,
        "Profit": 5684,
        "Profit before tax": 102,
        "Present corporate income tax expenses": 537,
        "Deferred income taxes expenses": "N/A",
        "The interests of minority shareholders": "N/A",
        "Total Cost of profits": 537,
        "Profit after tax corporate income": -436,
        "Volume": 7735000,
        "Close of Quarter": 4.8,
        "EPS": 495.4,
        "Non-adjusted EPS": 535,
        "PE": 9.0,
        "Book Price": 19.7
      }
    },
    {
      "quarter": "Q1 2015",
      "income status": {
        "Net sales": 40739,
        "Cost of goods sold": 32309,
        "Gross Profit": 8430,
        "Financial expenses": 4604,
        "Of which: Interest expense": 4604,
        "Cost of sales": "N/A",
        "Enterprise cost management": 4979,
        "Total Operating Expenses": 9583,
        "Total revenue financing activities": 2441,
        "Net profit from business activities": 1287,
        "Profit": -479,
        "Profit before tax": 808,
        "Present corporate income tax expenses": 174,
        "Deferred income taxes expenses": "N/A",
        "The interests of minority shareholders": "N/A",
        "Total Cost of profits": 174,
        "Profit after tax corporate income": 634,
        "Volume": 7735000,
        "Close of Quarter": 5.0,
        "EPS": 566.7,
        "Non-adjusted EPS": 612,
        "PE": 8.1,
        "Book Price": 19.8
      }
    },
    {
      "quarter": "Q4 2014",
      "income status": {
        "Net sales": 136069,
        "Cost of goods sold": 112331,
        "Gross Profit": 23739,
        "Financial expenses": 12006,
        "Of which: Interest expense": 5421,
        "Cost of sales": "N/A",
        "Enterprise cost management": 12117,
        "Total Operating Expenses": 24123,
        "Total revenue financing activities": 18,
        "Net profit from business activities": -366,
        "Profit": 5282,
        "Profit before tax": 4916,
        "Present corporate income tax expenses": 1027,
        "Deferred income taxes expenses": "N/A",
        "The interests of minority shareholders": "N/A",
        "Total Cost of profits": 1027,
        "Profit after tax corporate income": 3889,
        "Volume": 7735000,
        "Close of Quarter": 4.3,
        "EPS": 575.9,
        "Non-adjusted EPS": 622,
        "PE": 6.8,
        "Book Price": 19.5
      }
    },
    {
      "quarter": "Q3 2014",
      "income status": {
        "Net sales": 33540,
        "Cost of goods sold": 30279,
        "Gross Profit": 3261,
        "Financial expenses": 5484,
        "Of which: Interest expense": 5484,
        "Cost of sales": "N/A",
        "Enterprise cost management": 3709,
        "Total Operating Expenses": 9193,
        "Total revenue financing activities": 6282,
        "Net profit from business activities": 349,
        "Profit": -282,
        "Profit before tax": 67,
        "Present corporate income tax expenses": 15,
        "Deferred income taxes expenses": "N/A",
        "The interests of minority shareholders": "N/A",
        "Total Cost of profits": 15,
        "Profit after tax corporate income": 52,
        "Volume": 7735000,
        "Close of Quarter": 4.6,
        "EPS": 113.0,
        "Non-adjusted EPS": 122,
        "PE": 37.5,
        "Book Price": 19.1
      }
    },
    {
      "quarter": "Q2 2014",
      "income status": {
        "Net sales": 59840,
        "Cost of goods sold": 39375,
        "Gross Profit": 20465,
        "Financial expenses": 7542,
        "Of which: Interest expense": 5892,
        "Cost of sales": "N/A",
        "Enterprise cost management": 8542,
        "Total Operating Expenses": 16084,
        "Total revenue financing activities": -4340,
        "Net profit from business activities": 40,
        "Profit": 497,
        "Profit before tax": 537,
        "Present corporate income tax expenses": 377,
        "Deferred income taxes expenses": "N/A",
        "The interests of minority shareholders": "N/A",
        "Total Cost of profits": 377,
        "Profit after tax corporate income": 160,
        "Volume": 7000000,
        "Close of Quarter": 5.4,
        "EPS": 295.0,
        "Non-adjusted EPS": 352,
        "PE": 15.3,
        "Book Price": 19.1
      }
    },
    {
      "quarter": "Q1 2014",
      "income status": {
        "Net sales": 19682,
        "Cost of goods sold": 13653,
        "Gross Profit": 6029,
        "Financial expenses": 5381,
        "Of which: Interest expense": 5377,
        "Cost of sales": "N/A",
        "Enterprise cost management": 3694,
        "Total Operating Expenses": 9075,
        "Total revenue financing activities": 4369,
        "Net profit from business activities": 1323,
        "Profit": -331,
        "Profit before tax": 992,
        "Present corporate income tax expenses": 280,
        "Deferred income taxes expenses": "N/A",
        "The interests of minority shareholders": "N/A",
        "Total Cost of profits": 280,
        "Profit after tax corporate income": 712,
        "Volume": 7000000,
        "Close of Quarter": 6.3,
        "EPS": 8.4,
        "Non-adjusted EPS": 10,
        "PE": 625,
        "Book Price": 18.9
      }
    },
    {
      "quarter": "Q4 2013",
      "income status": {
        "Net sales": 45877,
        "Cost of goods sold": 30629,
        "Gross Profit": 15248,
        "Financial expenses": 6355,
        "Of which: Interest expense": 6350,
        "Cost of sales": "N/A",
        "Enterprise cost management": 9991,
        "Total Operating Expenses": 16346,
        "Total revenue financing activities": 25,
        "Net profit from business activities": -1072,
        "Profit": 2057,
        "Profit before tax": 985,
        "Present corporate income tax expenses": 91,
        "Deferred income taxes expenses": "N/A",
        "The interests of minority shareholders": 872,
        "Total Cost of profits": 963,
        "Profit after tax corporate income": 22,
        "Volume": 7000000,
        "Close of Quarter": 5.1,
        "EPS": 222.9,
        "Non-adjusted EPS": 266,
        "PE": 19.0,
        "Book Price": 14.6
      }
    },
    {
      "quarter": "Q3 2013",
      "income status": {
        "Net sales": 59835,
        "Cost of goods sold": 45814,
        "Gross Profit": 14021,
        "Financial expenses": 5126,
        "Of which: Interest expense": 5126,
        "Cost of sales": "N/A",
        "Enterprise cost management": 4676,
        "Total Operating Expenses": 9802,
        "Total revenue financing activities": 36,
        "Net profit from business activities": 4255,
        "Profit": -1410,
        "Profit before tax": 2845,
        "Present corporate income tax expenses": 656,
        "Deferred income taxes expenses": "N/A",
        "The interests of minority shareholders": 622,
        "Total Cost of profits": 1278,
        "Profit after tax corporate income": 1567,
        "Volume": 7000000,
        "Close of Quarter": 4.3,
        "EPS": 554.7,
        "Non-adjusted EPS": 662,
        "PE": 6.4,
        "Book Price": 14.8
      }
    },
    {
      "quarter": "Q2 2013",
      "income status": {
        "Net sales": 59444,
        "Cost of goods sold": 41974,
        "Gross Profit": 17470,
        "Financial expenses": 9835,
        "Of which: Interest expense": 9835,
        "Cost of sales": "N/A",
        "Enterprise cost management": 7240,
        "Total Operating Expenses": 17075,
        "Total revenue financing activities": 21,
        "Net profit from business activities": 416,
        "Profit": -926,
        "Profit before tax": -510,
        "Present corporate income tax expenses": 1329,
        "Deferred income taxes expenses": 105,
        "The interests of minority shareholders": 289,
        "Total Cost of profits": 1723,
        "Profit after tax corporate income": -2233,
        "Volume": 7000000,
        "Close of Quarter": 4.8,
        "EPS": 529.6,
        "Non-adjusted EPS": 632,
        "PE": 7.6,
        "Book Price": 14.6
      }
    },
    {
      "quarter": "Q1 2013",
      "income status": {
        "Net sales": 42076,
        "Cost of goods sold": 27194,
        "Gross Profit": 14882,
        "Financial expenses": 3943,
        "Of which: Interest expense": 3943,
        "Cost of sales": "N/A",
        "Enterprise cost management": 3721,
        "Total Operating Expenses": 7664,
        "Total revenue financing activities": 41,
        "Net profit from business activities": 7259,
        "Profit": -3250,
        "Profit before tax": 4009,
        "Present corporate income tax expenses": 999,
        "Deferred income taxes expenses": "N/A",
        "The interests of minority shareholders": 505,
        "Total Cost of profits": 1504,
        "Profit after tax corporate income": 2505,
        "Volume": 7000000,
        "Close of Quarter": 3.9,
        "EPS": 1091.0,
        "Non-adjusted EPS": 1302,
        "PE": 3.0,
        "Book Price": 15.7
      }
    },
    {
      "quarter": "Q4 2012",
      "income status": {
        "Net sales": 62928,
        "Cost of goods sold": 36064,
        "Gross Profit": 26864,
        "Financial expenses": 15268,
        "Of which: Interest expense": 15131,
        "Cost of sales": "N/A",
        "Enterprise cost management": 7481,
        "Total Operating Expenses": 22749,
        "Total revenue financing activities": 16,
        "Net profit from business activities": 4130,
        "Profit": -64,
        "Profit before tax": 4066,
        "Present corporate income tax expenses": 994,
        "Deferred income taxes expenses": "N/A",
        "The interests of minority shareholders": 278,
        "Total Cost of profits": 1272,
        "Profit after tax corporate income": 2794,
        "Volume": 7000000,
        "Close of Quarter": 3.5,
        "EPS": 1094.4,
        "Non-adjusted EPS": 1306,
        "PE": 2.7,
        "Book Price": 14.9
      }
    },
    {
      "quarter": "Q3 2012",
      "income status": {
        "Net sales": 51774,
        "Cost of goods sold": 34455,
        "Gross Profit": 17319,
        "Financial expenses": 3509,
        "Of which: Interest expense": "N/A",
        "Cost of sales": "N/A",
        "Enterprise cost management": 11125,
        "Total Operating Expenses": 14634,
        "Total revenue financing activities": 15,
        "Net profit from business activities": 2700,
        "Profit": -297,
        "Profit before tax": 2403,
        "Present corporate income tax expenses": 717,
        "Deferred income taxes expenses": "N/A",
        "The interests of minority shareholders": 325,
        "Total Cost of profits": 1042,
        "Profit after tax corporate income": 1361,
        "Volume": 7000000,
        "Close of Quarter": 3.4,
        "EPS": 1510,
        "Non-adjusted EPS": 1802,
        "PE": 1.9,
        "Book Price": 14.6
      }
    },
    {
      "quarter": "Q2 2012",
      "income status": {
        "Net sales": 81847,
        "Cost of goods sold": 57727,
        "Gross Profit": 24120,
        "Financial expenses": 11073,
        "Of which: Interest expense": 11271,
        "Cost of sales": "N/A",
        "Enterprise cost management": 6493,
        "Total Operating Expenses": 17566,
        "Total revenue financing activities": -1052,
        "Net profit from business activities": 5501,
        "Profit": -1252,
        "Profit before tax": 4250,
        "Present corporate income tax expenses": 879,
        "Deferred income taxes expenses": 213,
        "The interests of minority shareholders": 704,
        "Total Cost of profits": 1796,
        "Profit after tax corporate income": 2453,
        "Volume": 7000000,
        "Close of Quarter": 4.7,
        "EPS": 2032.9,
        "Non-adjusted EPS": 2426,
        "PE": 2.0,
        "Book Price": 14.4
      }
    },
    {
      "quarter": "Q1 2012",
      "income status": {
        "Net sales": 69887,
        "Cost of goods sold": 46304,
        "Gross Profit": 23584,
        "Financial expenses": 12877,
        "Of which: Interest expense": 12877,
        "Cost of sales": "N/A",
        "Enterprise cost management": 7350,
        "Total Operating Expenses": 20227,
        "Total revenue financing activities": 1131,
        "Net profit from business activities": 4487,
        "Profit": -286,
        "Profit before tax": 4202,
        "Present corporate income tax expenses": 1298,
        "Deferred income taxes expenses": "N/A",
        "The interests of minority shareholders": 367,
        "Total Cost of profits": 1665,
        "Profit after tax corporate income": 2536,
        "Volume": 7000000,
        "Close of Quarter": 5.1,
        "EPS": 1661.7,
        "Non-adjusted EPS": 1983,
        "PE": 2.6,
        "Book Price": 14.2
      }
    },
    {
      "quarter": "Q4 2011",
      "income status": {
        "Net sales": 150871,
        "Cost of goods sold": 115221,
        "Gross Profit": 35650,
        "Financial expenses": 18224,
        "Of which: Interest expense": 17113,
        "Cost of sales": "N/A",
        "Enterprise cost management": 8200,
        "Total Operating Expenses": 26424,
        "Total revenue financing activities": 68,
        "Net profit from business activities": 9295,
        "Profit": -105,
        "Profit before tax": 9190,
        "Present corporate income tax expenses": 1708,
        "Deferred income taxes expenses": "N/A",
        "The interests of minority shareholders": 1218,
        "Total Cost of profits": 2926,
        "Profit after tax corporate income": 6264,
        "Volume": 7000000,
        "Close of Quarter": 4.0,
        "EPS": 1425.4,
        "Non-adjusted EPS": 1701,
        "PE": 2.4,
        "Book Price": 15.4
      }
    },
    {
      "quarter": "Q3 2011",
      "income status": {
        "Net sales": 109786,
        "Cost of goods sold": 77914,
        "Gross Profit": 31872,
        "Financial expenses": 13336,
        "Of which: Interest expense": 13336,
        "Cost of sales": "N/A",
        "Enterprise cost management": 9373,
        "Total Operating Expenses": 22709,
        "Total revenue financing activities": 79,
        "Net profit from business activities": 9242,
        "Profit": -725,
        "Profit before tax": 8517,
        "Present corporate income tax expenses": 1444,
        "Deferred income taxes expenses": "N/A",
        "The interests of minority shareholders": 1343,
        "Total Cost of profits": 2787,
        "Profit after tax corporate income": 5730,
        "Volume": 7000000,
        "Close of Quarter": 5.6,
        "EPS": 1426.2,
        "Non-adjusted EPS": 1702,
        "PE": 3.3,
        "Book Price": 14.9
      }
    },
    {
      "quarter": "Q2 2011",
      "income status": {
        "Net sales": 115290,
        "Cost of goods sold": 93533,
        "Gross Profit": 21757,
        "Financial expenses": 7250,
        "Of which: Interest expense": 7265,
        "Cost of sales": "N/A",
        "Enterprise cost management": 12786,
        "Total Operating Expenses": 20036,
        "Total revenue financing activities": -1081,
        "Net profit from business activities": 640,
        "Profit": -19,
        "Profit before tax": 620,
        "Present corporate income tax expenses": 511,
        "Deferred income taxes expenses": "N/A",
        "The interests of minority shareholders": 759,
        "Total Cost of profits": 1270,
        "Profit after tax corporate income": -650,
        "Volume": 7000000,
        "Close of Quarter": 6.8,
        "EPS": 1225.9,
        "Non-adjusted EPS": 1463,
        "PE": 4.7,
        "Book Price": 14.2
      }
    },
    {
      "quarter": "Q1 2011",
      "income status": {
        "Net sales": 20884,
        "Cost of goods sold": 17070,
        "Gross Profit": 3815,
        "Financial expenses": 2354,
        "Of which: Interest expense": 2354,
        "Cost of sales": "N/A",
        "Enterprise cost management": 2639,
        "Total Operating Expenses": 4993,
        "Total revenue financing activities": 2022,
        "Net profit from business activities": 843,
        "Profit": -26,
        "Profit before tax": 817,
        "Present corporate income tax expenses": 117,
        "Deferred income taxes expenses": "N/A",
        "The interests of minority shareholders": 133,
        "Total Cost of profits": 250,
        "Profit after tax corporate income": 566,
        "Volume": 7000000,
        "Close of Quarter": 9.9,
        "EPS": 2368.1,
        "Non-adjusted EPS": 2826,
        "PE": 3.5,
        "Book Price": 14.1
      }
    }
  ]
}