{
  "ticker": "PSD",
  "data": [
    {
      "quarter": "Q4 2016",
      "income status": {
        "Net sales": 1499635,
        "Cost of goods sold": 1430871,
        "Gross Profit": 68765,
        "Financial expenses": 26585,
        "Of which: Interest expense": 17187,
        "Cost of sales": 27909,
        "Enterprise cost management": 12897,
        "Total Operating Expenses": 67391,
        "Total revenue financing activities": 15931,
        "Net profit from business activities": 17304,
        "Profit": 32,
        "Profit before tax": 17337,
        "Present corporate income tax expenses": 3314,
        "Deferred income taxes expenses": "N/A",
        "The interests of minority shareholders": "N/A",
        "Total Cost of profits": 3314,
        "Profit after tax corporate income": 14023,
        "Volume": 21326549,
        "Close of Quarter": 19.3,
        "EPS": 2885,
        "Non-adjusted EPS": 2885,
        "PE": 6.7,
        "Book Price": 11.7
      }
    },
    {
      "quarter": "Q3 2016",
      "income status": {
        "Net sales": 1449720,
        "Cost of goods sold": 1394598,
        "Gross Profit": 55122,
        "Financial expenses": 16698,
        "Of which: Interest expense": 15876,
        "Cost of sales": 26212,
        "Enterprise cost management": 6264,
        "Total Operating Expenses": 49174,
        "Total revenue financing activities": 10668,
        "Net profit from business activities": 16615,
        "Profit": 31,
        "Profit before tax": 16646,
        "Present corporate income tax expenses": 3329,
        "Deferred income taxes expenses": "N/A",
        "The interests of minority shareholders": "N/A",
        "Total Cost of profits": 3329,
        "Profit after tax corporate income": 13317,
        "Volume": 21326549,
        "Close of Quarter": 18.0,
        "EPS": 3005,
        "Non-adjusted EPS": 3005,
        "PE": 6,
        "Book Price": 13.1
      }
    },
    {
      "quarter": "Q2 2016",
      "income status": {
        "Net sales": 1415051,
        "Cost of goods sold": 1360189,
        "Gross Profit": 54862,
        "Financial expenses": 17341,
        "Of which: Interest expense": 15543,
        "Cost of sales": 21419,
        "Enterprise cost management": 13640,
        "Total Operating Expenses": 52400,
        "Total revenue financing activities": 13842,
        "Net profit from business activities": 16303,
        "Profit": 41,
        "Profit before tax": 16344,
        "Present corporate income tax expenses": 1284,
        "Deferred income taxes expenses": "N/A",
        "The interests of minority shareholders": "N/A",
        "Total Cost of profits": 1284,
        "Profit after tax corporate income": 15059,
        "Volume": 21326549,
        "Close of Quarter": 18.6,
        "EPS": 3040,
        "Non-adjusted EPS": 3040,
        "PE": 6.1,
        "Book Price": 12.5
      }
    },
    {
      "quarter": "Q1 2016",
      "income status": {
        "Net sales": 1442853,
        "Cost of goods sold": 1378017,
        "Gross Profit": 64836,
        "Financial expenses": 16475,
        "Of which: Interest expense": 15137,
        "Cost of sales": 23443,
        "Enterprise cost management": 7700,
        "Total Operating Expenses": 47618,
        "Total revenue financing activities": 6611,
        "Net profit from business activities": 23829,
        "Profit": 87,
        "Profit before tax": 23915,
        "Present corporate income tax expenses": 4783,
        "Deferred income taxes expenses": "N/A",
        "The interests of minority shareholders": "N/A",
        "Total Cost of profits": 4783,
        "Profit after tax corporate income": 19132,
        "Volume": 21326549,
        "Close of Quarter": 15.9,
        "EPS": 3139,
        "Non-adjusted EPS": 3139,
        "PE": 5.1,
        "Book Price": 11.8
      }
    },
    {
      "quarter": "Q4 2015",
      "income status": {
        "Net sales": 1475480,
        "Cost of goods sold": 1392498,
        "Gross Profit": 82982,
        "Financial expenses": 26193,
        "Of which: Interest expense": 17416,
        "Cost of sales": 27803,
        "Enterprise cost management": 21308,
        "Total Operating Expenses": 75304,
        "Total revenue financing activities": 11931,
        "Net profit from business activities": 19609,
        "Profit": 319,
        "Profit before tax": 19928,
        "Present corporate income tax expenses": 3345,
        "Deferred income taxes expenses": "N/A",
        "The interests of minority shareholders": "N/A",
        "Total Cost of profits": 3345,
        "Profit after tax corporate income": 16584,
        "Volume": 21326549,
        "Close of Quarter": 17.9,
        "EPS": 3164,
        "Non-adjusted EPS": 3164,
        "PE": 5.7,
        "Book Price": 13.4
      }
    },
    {
      "quarter": "Q3 2015",
      "income status": {
        "Net sales": 1478639,
        "Cost of goods sold": 1421580,
        "Gross Profit": 57059,
        "Financial expenses": 23526,
        "Of which: Interest expense": 16901,
        "Cost of sales": 18541,
        "Enterprise cost management": 11440,
        "Total Operating Expenses": 53507,
        "Total revenue financing activities": 14268,
        "Net profit from business activities": 17820,
        "Profit": 208,
        "Profit before tax": 18029,
        "Present corporate income tax expenses": 3966,
        "Deferred income taxes expenses": "N/A",
        "The interests of minority shareholders": "N/A",
        "Total Cost of profits": 3966,
        "Profit after tax corporate income": 14062,
        "Volume": 21326549,
        "Close of Quarter": 17.9,
        "EPS": 2901,
        "Non-adjusted EPS": 2901,
        "PE": 6.2,
        "Book Price": 12.7
      }
    },
    {
      "quarter": "Q2 2015",
      "income status": {
        "Net sales": 1396003,
        "Cost of goods sold": 1327091,
        "Gross Profit": 68912,
        "Financial expenses": 21113,
        "Of which: Interest expense": 16710,
        "Cost of sales": 25845,
        "Enterprise cost management": 10072,
        "Total Operating Expenses": 57030,
        "Total revenue financing activities": 10049,
        "Net profit from business activities": 21931,
        "Profit": 66,
        "Profit before tax": 21997,
        "Present corporate income tax expenses": 4839,
        "Deferred income taxes expenses": "N/A",
        "The interests of minority shareholders": "N/A",
        "Total Cost of profits": 4839,
        "Profit after tax corporate income": 17158,
        "Volume": 14222700,
        "Close of Quarter": 25.1,
        "EPS": 3663.3,
        "Non-adjusted EPS": 5493,
        "PE": 4.6,
        "Book Price": 12
      }
    },
    {
      "quarter": "Q1 2015",
      "income status": {
        "Net sales": 1232805,
        "Cost of goods sold": 1167621,
        "Gross Profit": 65184,
        "Financial expenses": 19452,
        "Of which: Interest expense": 18485,
        "Cost of sales": 22287,
        "Enterprise cost management": 7604,
        "Total Operating Expenses": 49343,
        "Total revenue financing activities": 9249,
        "Net profit from business activities": 25090,
        "Profit": 122,
        "Profit before tax": 25212,
        "Present corporate income tax expenses": 5547,
        "Deferred income taxes expenses": "N/A",
        "The interests of minority shareholders": "N/A",
        "Total Cost of profits": 5547,
        "Profit after tax corporate income": 19666,
        "Volume": 14222700,
        "Close of Quarter": 28.8,
        "EPS": 4162.1,
        "Non-adjusted EPS": 6241,
        "PE": 4.6,
        "Book Price": 11.2
      }
    },
    {
      "quarter": "Q4 2014",
      "income status": {
        "Net sales": 1454348,
        "Cost of goods sold": 1374343,
        "Gross Profit": 80006,
        "Financial expenses": 21216,
        "Of which: Interest expense": 17894,
        "Cost of sales": 36276,
        "Enterprise cost management": 15288,
        "Total Operating Expenses": 72780,
        "Total revenue financing activities": 7773,
        "Net profit from business activities": 14999,
        "Profit": 103,
        "Profit before tax": 15101,
        "Present corporate income tax expenses": 4127,
        "Deferred income taxes expenses": "N/A",
        "The interests of minority shareholders": "N/A",
        "Total Cost of profits": 4127,
        "Profit after tax corporate income": 10975,
        "Volume": 14222700,
        "Close of Quarter": 27.2,
        "EPS": 4226.8,
        "Non-adjusted EPS": 6338,
        "PE": 4.3,
        "Book Price": 10.3
      }
    },
    {
      "quarter": "Q3 2014",
      "income status": {
        "Net sales": 1583105,
        "Cost of goods sold": 1496744,
        "Gross Profit": 86361,
        "Financial expenses": 22673,
        "Of which: Interest expense": 22390,
        "Cost of sales": 18883,
        "Enterprise cost management": 13655,
        "Total Operating Expenses": 55211,
        "Total revenue financing activities": 7702,
        "Net profit from business activities": 38852,
        "Profit": 74,
        "Profit before tax": 38927,
        "Present corporate income tax expenses": 8607,
        "Deferred income taxes expenses": "N/A",
        "The interests of minority shareholders": "N/A",
        "Total Cost of profits": 8607,
        "Profit after tax corporate income": 30320,
        "Volume": 14222700,
        "Close of Quarter": 29.1,
        "EPS": 4000.7,
        "Non-adjusted EPS": 5999,
        "PE": 4.9,
        "Book Price": 12.9
      }
    },
    {
      "quarter": "Q2 2014",
      "income status": {
        "Net sales": 1771344,
        "Cost of goods sold": 1674821,
        "Gross Profit": 96523,
        "Financial expenses": 25211,
        "Of which: Interest expense": 23512,
        "Cost of sales": 21423,
        "Enterprise cost management": 15397,
        "Total Operating Expenses": 62031,
        "Total revenue financing activities": 405,
        "Net profit from business activities": 34897,
        "Profit": -167,
        "Profit before tax": 34730,
        "Present corporate income tax expenses": 6928,
        "Deferred income taxes expenses": "N/A",
        "The interests of minority shareholders": "N/A",
        "Total Cost of profits": 6928,
        "Profit after tax corporate income": 27802,
        "Volume": 14222700,
        "Close of Quarter": 16.0,
        "EPS": 3551.9,
        "Non-adjusted EPS": 5326,
        "PE": 3,
        "Book Price": 11.4
      }
    },
    {
      "quarter": "Q1 2014",
      "income status": {
        "Net sales": 1375376,
        "Cost of goods sold": 1306214,
        "Gross Profit": 69162,
        "Financial expenses": 28857,
        "Of which: Interest expense": 28462,
        "Cost of sales": 15852,
        "Enterprise cost management": 8976,
        "Total Operating Expenses": 53685,
        "Total revenue financing activities": 12481,
        "Net profit from business activities": 27958,
        "Profit": 114,
        "Profit before tax": 28071,
        "Present corporate income tax expenses": 7018,
        "Deferred income taxes expenses": "N/A",
        "The interests of minority shareholders": "N/A",
        "Total Cost of profits": 7018,
        "Profit after tax corporate income": 21053,
        "Volume": 14222700,
        "Close of Quarter": 21.8,
        "EPS": 4612.3,
        "Non-adjusted EPS": 6916,
        "PE": 3.2,
        "Book Price": 10.1
      }
    },
    {
      "quarter": "Q4 2013",
      "income status": {
        "Net sales": 1724327,
        "Cost of goods sold": 1655284,
        "Gross Profit": 69044,
        "Financial expenses": 29292,
        "Of which: Interest expense": 28712,
        "Cost of sales": 14975,
        "Enterprise cost management": 12817,
        "Total Operating Expenses": 57084,
        "Total revenue financing activities": 18425,
        "Net profit from business activities": 30385,
        "Profit": -14855,
        "Profit before tax": 15530,
        "Present corporate income tax expenses": 9380,
        "Deferred income taxes expenses": "N/A",
        "The interests of minority shareholders": "N/A",
        "Total Cost of profits": 9380,
        "Profit after tax corporate income": 6150,
        "Volume": 14222700,
        "Close of Quarter": 22.8,
        "EPS": 3625.3,
        "Non-adjusted EPS": 5436,
        "PE": 4.2,
        "Book Price": 11
      }
    },
    {
      "quarter": "Q3 2013",
      "income status": {
        "Net sales": 1730219,
        "Cost of goods sold": 1643357,
        "Gross Profit": 86861,
        "Financial expenses": 21732,
        "Of which: Interest expense": 19660,
        "Cost of sales": 26583,
        "Enterprise cost management": 23735,
        "Total Operating Expenses": 72050,
        "Total revenue financing activities": 14480,
        "Net profit from business activities": 29292,
        "Profit": 274,
        "Profit before tax": 29566,
        "Present corporate income tax expenses": 8823,
        "Deferred income taxes expenses": "N/A",
        "The interests of minority shareholders": "N/A",
        "Total Cost of profits": 8823,
        "Profit after tax corporate income": 20743,
        "Volume": 14222700,
        "Close of Quarter": 25.6,
        "EPS": 3337.2,
        "Non-adjusted EPS": 5004,
        "PE": 5.1,
        "Book Price": 12.8
      }
    },
    {
      "quarter": "Q2 2013",
      "income status": {
        "Net sales": 2671692,
        "Cost of goods sold": 2510677,
        "Gross Profit": 161015,
        "Financial expenses": 44789,
        "Of which: Interest expense": 37295,
        "Cost of sales": 41715,
        "Enterprise cost management": 38775,
        "Total Operating Expenses": 125279,
        "Total revenue financing activities": 27022,
        "Net profit from business activities": 62758,
        "Profit": 3559,
        "Profit before tax": 66317,
        "Present corporate income tax expenses": 15893,
        "Deferred income taxes expenses": "N/A",
        "The interests of minority shareholders": "N/A",
        "Total Cost of profits": 15893,
        "Profit after tax corporate income": 50424,
        "Volume": 14222700,
        "Close of Quarter": 28.8,
        "EPS": 2364.2,
        "Non-adjusted EPS": 3545,
        "PE": 8.1,
        "Book Price": 11.8
      }
    }
  ]
}