{
  "ticker": "AGF",
  "data": [
    {
      "quarter": "Q4 2016",
      "income status": {
        "Net sales": 670633,
        "Cost of goods sold": 622907,
        "Gross Profit": 47726,
        "Financial expenses": 17629,
        "Of which: Interest expense": 13432,
        "Cost of sales": 31278,
        "Enterprise cost management": 5083,
        "Total Operating Expenses": 53990,
        "Total revenue financing activities": 7142,
        "Net profit from business activities": 878,
        "Profit": 742,
        "Profit before tax": 1620,
        "Present corporate income tax expenses": 243,
        "Deferred income taxes expenses": "N/A",
        "The interests of minority shareholders": "N/A",
        "Total Cost of profits": 243,
        "Profit after tax corporate income": 1377,
        "Volume": 28109743,
        "Close of Quarter": 7.2,
        "EPS": 103,
        "Non-adjusted EPS": 103,
        "PE": 69.7,
        "Book Price": 28.1
      }
    },
    {
      "quarter": "Q3 2016",
      "income status": {
        "Net sales": 661065,
        "Cost of goods sold": 593440,
        "Gross Profit": 67625,
        "Financial expenses": 18954,
        "Of which: Interest expense": 13819,
        "Cost of sales": 41033,
        "Enterprise cost management": 8363,
        "Total Operating Expenses": 68350,
        "Total revenue financing activities": 4126,
        "Net profit from business activities": 3400,
        "Profit": -44,
        "Profit before tax": 3356,
        "Present corporate income tax expenses": "N/A",
        "Deferred income taxes expenses": 1932,
        "The interests of minority shareholders": "N/A",
        "Total Cost of profits": 1932,
        "Profit after tax corporate income": 1424,
        "Volume": 28109743,
        "Close of Quarter": 8.9,
        "EPS": 92,
        "Non-adjusted EPS": 92,
        "PE": 96.7,
        "Book Price": 28.1
      }
    },
    {
      "quarter": "Q2 2016",
      "income status": {
        "Net sales": 847165,
        "Cost of goods sold": 788074,
        "Gross Profit": 59091,
        "Financial expenses": 18443,
        "Of which: Interest expense": 15384,
        "Cost of sales": 31812,
        "Enterprise cost management": 4178,
        "Total Operating Expenses": 54433,
        "Total revenue financing activities": 4405,
        "Net profit from business activities": 9062,
        "Profit": -338,
        "Profit before tax": 8724,
        "Present corporate income tax expenses": "N/A",
        "Deferred income taxes expenses": "N/A",
        "The interests of minority shareholders": "N/A",
        "Total Cost of profits": 0,
        "Profit after tax corporate income": 8724,
        "Volume": 28109743,
        "Close of Quarter": 9.2,
        "EPS": -151,
        "Non-adjusted EPS": -151,
        "PE": -60.9,
        "Book Price": 28
      }
    },
    {
      "quarter": "Q1 2016",
      "income status": {
        "Net sales": 1142219,
        "Cost of goods sold": 1095642,
        "Gross Profit": 46577,
        "Financial expenses": 27468,
        "Of which: Interest expense": 17767,
        "Cost of sales": 29924,
        "Enterprise cost management": 4177,
        "Total Operating Expenses": 61569,
        "Total revenue financing activities": 6854,
        "Net profit from business activities": -8138,
        "Profit": -590,
        "Profit before tax": -8728,
        "Present corporate income tax expenses": -203,
        "Deferred income taxes expenses": 103,
        "The interests of minority shareholders": "N/A",
        "Total Cost of profits": -100,
        "Profit after tax corporate income": -8628,
        "Volume": 28109743,
        "Close of Quarter": 11.8,
        "EPS": -382,
        "Non-adjusted EPS": -382,
        "PE": -30.9,
        "Book Price": 27.7
      }
    },
    {
      "quarter": "Q4 2015",
      "income status": {
        "Net sales": 640921,
        "Cost of goods sold": 589403,
        "Gross Profit": 51518,
        "Financial expenses": 21387,
        "Of which: Interest expense": 13095,
        "Cost of sales": 35511,
        "Enterprise cost management": 4373,
        "Total Operating Expenses": 61271,
        "Total revenue financing activities": 10608,
        "Net profit from business activities": 854,
        "Profit": 159,
        "Profit before tax": 1013,
        "Present corporate income tax expenses": 203,
        "Deferred income taxes expenses": -255,
        "The interests of minority shareholders": "N/A",
        "Total Cost of profits": -52,
        "Profit after tax corporate income": 1066,
        "Volume": 28109743,
        "Close of Quarter": 14.2,
        "EPS": 22,
        "Non-adjusted EPS": 22,
        "PE": 645.5,
        "Book Price": 30.5
      }
    },
    {
      "quarter": "Q3 2015",
      "income status": {
        "Net sales": 675188,
        "Cost of goods sold": 622666,
        "Gross Profit": 52522,
        "Financial expenses": 26938,
        "Of which: Interest expense": 12417,
        "Cost of sales": 36290,
        "Enterprise cost management": 4997,
        "Total Operating Expenses": 68225,
        "Total revenue financing activities": 4173,
        "Net profit from business activities": -11531,
        "Profit": 4732,
        "Profit before tax": -6799,
        "Present corporate income tax expenses": "N/A",
        "Deferred income taxes expenses": -1385,
        "The interests of minority shareholders": "N/A",
        "Total Cost of profits": -1385,
        "Profit after tax corporate income": -5414,
        "Volume": 28109743,
        "Close of Quarter": 15.1,
        "EPS": -94,
        "Non-adjusted EPS": -94,
        "PE": -160.6,
        "Book Price": 30.5
      }
    },
    {
      "quarter": "Q2 2015",
      "income status": {
        "Net sales": 546710,
        "Cost of goods sold": 485076,
        "Gross Profit": 61634,
        "Financial expenses": 16615,
        "Of which: Interest expense": 11889,
        "Cost of sales": 35801,
        "Enterprise cost management": 9444,
        "Total Operating Expenses": 61860,
        "Total revenue financing activities": 3700,
        "Net profit from business activities": 3474,
        "Profit": 327,
        "Profit before tax": 3801,
        "Present corporate income tax expenses": -366,
        "Deferred income taxes expenses": 1921,
        "The interests of minority shareholders": "N/A",
        "Total Cost of profits": 1555,
        "Profit after tax corporate income": 2246,
        "Volume": 25554450,
        "Close of Quarter": 15.4,
        "EPS": 936.4,
        "Non-adjusted EPS": 1030,
        "PE": 14.9,
        "Book Price": 30.6
      }
    },
    {
      "quarter": "Q1 2015",
      "income status": {
        "Net sales": 497231,
        "Cost of goods sold": 444612,
        "Gross Profit": 52619,
        "Financial expenses": 11620,
        "Of which: Interest expense": 10287,
        "Cost of sales": 34424,
        "Enterprise cost management": 4575,
        "Total Operating Expenses": 50619,
        "Total revenue financing activities": 698,
        "Net profit from business activities": 2698,
        "Profit": 458,
        "Profit before tax": 3156,
        "Present corporate income tax expenses": 366,
        "Deferred income taxes expenses": 67,
        "The interests of minority shareholders": "N/A",
        "Total Cost of profits": 433,
        "Profit after tax corporate income": 2722,
        "Volume": 25554450,
        "Close of Quarter": 16.6,
        "EPS": 2465.5,
        "Non-adjusted EPS": 2712,
        "PE": 6.1,
        "Book Price": 30.6
      }
    },
    {
      "quarter": "Q4 2014",
      "income status": {
        "Net sales": 649324,
        "Cost of goods sold": 582497,
        "Gross Profit": 66827,
        "Financial expenses": 14333,
        "Of which: Interest expense": 13068,
        "Cost of sales": 53395,
        "Enterprise cost management": 11000,
        "Total Operating Expenses": 78728,
        "Total revenue financing activities": 2073,
        "Net profit from business activities": -9827,
        "Profit": 7087,
        "Profit before tax": -2740,
        "Present corporate income tax expenses": 1829,
        "Deferred income taxes expenses": -2383,
        "The interests of minority shareholders": "N/A",
        "Total Cost of profits": -554,
        "Profit after tax corporate income": -2185,
        "Volume": 25554450,
        "Close of Quarter": 16.5,
        "EPS": 2583.7,
        "Non-adjusted EPS": 2842,
        "PE": 5.8,
        "Book Price": 30.8
      }
    },
    {
      "quarter": "Q3 2014",
      "income status": {
        "Net sales": 678194,
        "Cost of goods sold": 600492,
        "Gross Profit": 77701,
        "Financial expenses": 13143,
        "Of which: Interest expense": 12493,
        "Cost of sales": 31423,
        "Enterprise cost management": 4553,
        "Total Operating Expenses": 49119,
        "Total revenue financing activities": 932,
        "Net profit from business activities": 29513,
        "Profit": 13,
        "Profit before tax": 29526,
        "Present corporate income tax expenses": 6534,
        "Deferred income taxes expenses": -551,
        "The interests of minority shareholders": "N/A",
        "Total Cost of profits": 5983,
        "Profit after tax corporate income": 23543,
        "Volume": 25474450,
        "Close of Quarter": 16.7,
        "EPS": 2193.1,
        "Non-adjusted EPS": 2420,
        "PE": 6.9,
        "Book Price": 30.8
      }
    },
    {
      "quarter": "Q2 2014",
      "income status": {
        "Net sales": 712758,
        "Cost of goods sold": 629794,
        "Gross Profit": 82964,
        "Financial expenses": 15339,
        "Of which: Interest expense": 14886,
        "Cost of sales": 50846,
        "Enterprise cost management": 10697,
        "Total Operating Expenses": 76882,
        "Total revenue financing activities": 43835,
        "Net profit from business activities": 49918,
        "Profit": 408,
        "Profit before tax": 50326,
        "Present corporate income tax expenses": 36,
        "Deferred income taxes expenses": 5066,
        "The interests of minority shareholders": "N/A",
        "Total Cost of profits": 5102,
        "Profit after tax corporate income": 45223,
        "Volume": 25474450,
        "Close of Quarter": 15.3,
        "EPS": 1667.5,
        "Non-adjusted EPS": 1840,
        "PE": 8.3,
        "Book Price": 30
      }
    },
    {
      "quarter": "Q1 2014",
      "income status": {
        "Net sales": 740049,
        "Cost of goods sold": 629795,
        "Gross Profit": 110255,
        "Financial expenses": 11622,
        "Of which: Interest expense": 11468,
        "Cost of sales": 83139,
        "Enterprise cost management": 4965,
        "Total Operating Expenses": 99726,
        "Total revenue financing activities": 2562,
        "Net profit from business activities": 13091,
        "Profit": -43,
        "Profit before tax": 13048,
        "Present corporate income tax expenses": 3922,
        "Deferred income taxes expenses": 3074,
        "The interests of minority shareholders": "N/A",
        "Total Cost of profits": 6996,
        "Profit after tax corporate income": 6053,
        "Volume": 25474450,
        "Close of Quarter": 16.8,
        "EPS": 369.8,
        "Non-adjusted EPS": 408,
        "PE": 41.3,
        "Book Price": 28.5
      }
    },
    {
      "quarter": "Q4 2013",
      "income status": {
        "Net sales": 824522,
        "Cost of goods sold": 730548,
        "Gross Profit": 93974,
        "Financial expenses": 11980,
        "Of which: Interest expense": 11651,
        "Cost of sales": 65976,
        "Enterprise cost management": 28128,
        "Total Operating Expenses": 106084,
        "Total revenue financing activities": 3446,
        "Net profit from business activities": -8664,
        "Profit": -729,
        "Profit before tax": -9393,
        "Present corporate income tax expenses": 4560,
        "Deferred income taxes expenses": -770,
        "The interests of minority shareholders": "N/A",
        "Total Cost of profits": 3790,
        "Profit after tax corporate income": -13182,
        "Volume": 25474450,
        "Close of Quarter": 14.7,
        "EPS": 746.8,
        "Non-adjusted EPS": 824,
        "PE": 17.8,
        "Book Price": 29.2
      }
    },
    {
      "quarter": "Q3 2013",
      "income status": {
        "Net sales": 840629,
        "Cost of goods sold": 745594,
        "Gross Profit": 95035,
        "Financial expenses": 12081,
        "Of which: Interest expense": 10325,
        "Cost of sales": 66786,
        "Enterprise cost management": 7080,
        "Total Operating Expenses": 85947,
        "Total revenue financing activities": 4204,
        "Net profit from business activities": 13291,
        "Profit": 327,
        "Profit before tax": 13618,
        "Present corporate income tax expenses": 4405,
        "Deferred income taxes expenses": 433,
        "The interests of minority shareholders": "N/A",
        "Total Cost of profits": 4838,
        "Profit after tax corporate income": 8780,
        "Volume": 12779288,
        "Close of Quarter": 13.6,
        "EPS": 1492.1,
        "Non-adjusted EPS": 3282,
        "PE": 4.1,
        "Book Price": 24.2
      }
    },
    {
      "quarter": "Q2 2013",
      "income status": {
        "Net sales": 861885,
        "Cost of goods sold": 750554,
        "Gross Profit": 111331,
        "Financial expenses": 11624,
        "Of which: Interest expense": -34171,
        "Cost of sales": 78066,
        "Enterprise cost management": 17267,
        "Total Operating Expenses": 106957,
        "Total revenue financing activities": 8293,
        "Net profit from business activities": 12667,
        "Profit": -541,
        "Profit before tax": 12126,
        "Present corporate income tax expenses": 8217,
        "Deferred income taxes expenses": -4824,
        "The interests of minority shareholders": "N/A",
        "Total Cost of profits": 3393,
        "Profit after tax corporate income": 8733,
        "Volume": 12779288,
        "Close of Quarter": 19.6,
        "EPS": 1514.3,
        "Non-adjusted EPS": 3331,
        "PE": 5.9,
        "Book Price": 23.9
      }
    },
    {
      "quarter": "Q1 2013",
      "income status": {
        "Net sales": 645281,
        "Cost of goods sold": 574369,
        "Gross Profit": 70912,
        "Financial expenses": 11311,
        "Of which: Interest expense": 11303,
        "Cost of sales": 32257,
        "Enterprise cost management": 7543,
        "Total Operating Expenses": 51111,
        "Total revenue financing activities": 977,
        "Net profit from business activities": 20778,
        "Profit": -31,
        "Profit before tax": 20748,
        "Present corporate income tax expenses": 3972,
        "Deferred income taxes expenses": 108,
        "The interests of minority shareholders": "N/A",
        "Total Cost of profits": 4080,
        "Profit after tax corporate income": 16667,
        "Volume": 12779288,
        "Close of Quarter": 12.5,
        "EPS": 1440.7,
        "Non-adjusted EPS": 3169,
        "PE": 3.9,
        "Book Price": 24.1
      }
    },
    {
      "quarter": "Q4 2012",
      "income status": {
        "Net sales": 643369,
        "Cost of goods sold": 542713,
        "Gross Profit": 100656,
        "Financial expenses": 11973,
        "Of which: Interest expense": 11960,
        "Cost of sales": 66362,
        "Enterprise cost management": 13826,
        "Total Operating Expenses": 92161,
        "Total revenue financing activities": 1638,
        "Net profit from business activities": 10133,
        "Profit": 139,
        "Profit before tax": 10272,
        "Present corporate income tax expenses": 423,
        "Deferred income taxes expenses": 2091,
        "The interests of minority shareholders": "N/A",
        "Total Cost of profits": 2514,
        "Profit after tax corporate income": 7757,
        "Volume": 12779288,
        "Close of Quarter": 10.3,
        "EPS": 1258.4,
        "Non-adjusted EPS": 2768,
        "PE": 3.7,
        "Book Price": 23.5
      }
    },
    {
      "quarter": "Q3 2012",
      "income status": {
        "Net sales": 732350,
        "Cost of goods sold": 646391,
        "Gross Profit": 85959,
        "Financial expenses": 88277,
        "Of which: Interest expense": 11548,
        "Cost of sales": 55929,
        "Enterprise cost management": 5992,
        "Total Operating Expenses": 150198,
        "Total revenue financing activities": 78174,
        "Net profit from business activities": 13934,
        "Profit": -574,
        "Profit before tax": 13360,
        "Present corporate income tax expenses": 4460,
        "Deferred income taxes expenses": -510,
        "The interests of minority shareholders": "N/A",
        "Total Cost of profits": 3950,
        "Profit after tax corporate income": 9410,
        "Volume": 12779288,
        "Close of Quarter": 10.0,
        "EPS": 1041.1,
        "Non-adjusted EPS": 2290,
        "PE": 4.4,
        "Book Price": 23.2
      }
    },
    {
      "quarter": "Q2 2012",
      "income status": {
        "Net sales": 800165,
        "Cost of goods sold": 701631,
        "Gross Profit": 98534,
        "Financial expenses": 18687,
        "Of which: Interest expense": 18656,
        "Cost of sales": 63723,
        "Enterprise cost management": 9170,
        "Total Operating Expenses": 91580,
        "Total revenue financing activities": 6340,
        "Net profit from business activities": 13294,
        "Profit": -5281,
        "Profit before tax": 8013,
        "Present corporate income tax expenses": 451,
        "Deferred income taxes expenses": 896,
        "The interests of minority shareholders": "N/A",
        "Total Cost of profits": 1347,
        "Profit after tax corporate income": 6667,
        "Volume": 12779288,
        "Close of Quarter": 15.5,
        "EPS": 1792.1,
        "Non-adjusted EPS": 3942,
        "PE": 3.9,
        "Book Price": 22.9
      }
    },
    {
      "quarter": "Q1 2012",
      "income status": {
        "Net sales": 620779,
        "Cost of goods sold": 556362,
        "Gross Profit": 64418,
        "Financial expenses": 17585,
        "Of which: Interest expense": 18405,
        "Cost of sales": 34908,
        "Enterprise cost management": 5998,
        "Total Operating Expenses": 58491,
        "Total revenue financing activities": 6941,
        "Net profit from business activities": 12868,
        "Profit": -782,
        "Profit before tax": 12086,
        "Present corporate income tax expenses": 2577,
        "Deferred income taxes expenses": -2031,
        "The interests of minority shareholders": "N/A",
        "Total Cost of profits": 546,
        "Profit after tax corporate income": 11541,
        "Volume": 12779288,
        "Close of Quarter": 10.9,
        "EPS": 2302.7,
        "Non-adjusted EPS": 5065,
        "PE": 2.2,
        "Book Price": 23.1
      }
    },
    {
      "quarter": "Q4 2011",
      "income status": {
        "Net sales": 694964,
        "Cost of goods sold": 609023,
        "Gross Profit": 85941,
        "Financial expenses": 27661,
        "Of which: Interest expense": 22658,
        "Cost of sales": 48667,
        "Enterprise cost management": 20389,
        "Total Operating Expenses": 96717,
        "Total revenue financing activities": 16351,
        "Net profit from business activities": 5575,
        "Profit": -1503,
        "Profit before tax": 85424,
        "Present corporate income tax expenses": 2364,
        "Deferred income taxes expenses": 57,
        "The interests of minority shareholders": "N/A",
        "Total Cost of profits": 2421,
        "Profit after tax corporate income": 1650,
        "Volume": 12779288,
        "Close of Quarter": 9.7,
        "EPS": 2353.6,
        "Non-adjusted EPS": 5177,
        "PE": 1.9,
        "Book Price": 23.5
      }
    },
    {
      "quarter": "Q3 2011",
      "income status": {
        "Net sales": 620340,
        "Cost of goods sold": 536418,
        "Gross Profit": 83922,
        "Financial expenses": 24138,
        "Of which: Interest expense": 17948,
        "Cost of sales": 46388,
        "Enterprise cost management": 6428,
        "Total Operating Expenses": 76954,
        "Total revenue financing activities": 12169,
        "Net profit from business activities": 19137,
        "Profit": 20006,
        "Profit before tax": 39143,
        "Present corporate income tax expenses": 8620,
        "Deferred income taxes expenses": "N/A",
        "The interests of minority shareholders": "N/A",
        "Total Cost of profits": 8620,
        "Profit after tax corporate income": 30523,
        "Volume": 12779288,
        "Close of Quarter": 8.8,
        "EPS": 2725.5,
        "Non-adjusted EPS": 5995,
        "PE": 1.5,
        "Book Price": 23.5
      }
    },
    {
      "quarter": "Q2 2011",
      "income status": {
        "Net sales": 678691,
        "Cost of goods sold": 587380,
        "Gross Profit": 91311,
        "Financial expenses": 23567,
        "Of which: Interest expense": 18212,
        "Cost of sales": 36794,
        "Enterprise cost management": 13190,
        "Total Operating Expenses": 73551,
        "Total revenue financing activities": 6966,
        "Net profit from business activities": 24725,
        "Profit": -37,
        "Profit before tax": 24688,
        "Present corporate income tax expenses": 5195,
        "Deferred income taxes expenses": -1519,
        "The interests of minority shareholders": "N/A",
        "Total Cost of profits": 3676,
        "Profit after tax corporate income": 21012,
        "Volume": 12779288,
        "Close of Quarter": 8.1,
        "EPS": 2167.6,
        "Non-adjusted EPS": 4768,
        "PE": 1.7,
        "Book Price": 22.8
      }
    },
    {
      "quarter": "Q1 2011",
      "income status": {
        "Net sales": 666254,
        "Cost of goods sold": 573766,
        "Gross Profit": 92488,
        "Financial expenses": 31257,
        "Of which: Interest expense": 16383,
        "Cost of sales": 50530,
        "Enterprise cost management": 5760,
        "Total Operating Expenses": 87547,
        "Total revenue financing activities": 14635,
        "Net profit from business activities": 19577,
        "Profit": -3225,
        "Profit before tax": 16352,
        "Present corporate income tax expenses": 1795,
        "Deferred income taxes expenses": 1578,
        "The interests of minority shareholders": "N/A",
        "Total Cost of profits": 3373,
        "Profit after tax corporate income": 12979,
        "Volume": 12779288,
        "Close of Quarter": 8.9,
        "EPS": 2010.8,
        "Non-adjusted EPS": 4423,
        "PE": 2.0,
        "Book Price": 22.6
      }
    }
  ]
}