{
  "ticker": "KST",
  "data": [
    {
      "quarter": "Q4 2016",
      "income status": {
        "Net sales": 131772,
        "Cost of goods sold": 122625,
        "Gross Profit": 9147,
        "Financial expenses": 61,
        "Of which: Interest expense": 59,
        "Cost of sales": "N/A",
        "Enterprise cost management": 6830,
        "Total Operating Expenses": 6891,
        "Total revenue financing activities": 34,
        "Net profit from business activities": 2290,
        "Profit": 88,
        "Profit before tax": 2377,
        "Present corporate income tax expenses": 644,
        "Deferred income taxes expenses": "N/A",
        "The interests of minority shareholders": "N/A",
        "Total Cost of profits": 644,
        "Profit after tax corporate income": 1733,
        "Volume": 2996010,
        "Close of Quarter": 4.7,
        "EPS": 2026,
        "Non-adjusted EPS": 2026,
        "PE": 2.3,
        "Book Price": 19.3
      }
    },
    {
      "quarter": "Q3 2016",
      "income status": {
        "Net sales": 53468,
        "Cost of goods sold": 47295,
        "Gross Profit": 6173,
        "Financial expenses": 6,
        "Of which: Interest expense": 6,
        "Cost of sales": "N/A",
        "Enterprise cost management": 3229,
        "Total Operating Expenses": 3235,
        "Total revenue financing activities": 145,
        "Net profit from business activities": 3082,
        "Profit": "N/A",
        "Profit before tax": 3082,
        "Present corporate income tax expenses": 571,
        "Deferred income taxes expenses": "N/A",
        "The interests of minority shareholders": "N/A",
        "Total Cost of profits": 571,
        "Profit after tax corporate income": 2510,
        "Volume": 2996010,
        "Close of Quarter": 3.9,
        "EPS": 2588,
        "Non-adjusted EPS": 2588,
        "PE": 1.5,
        "Book Price": 18.8
      }
    },
    {
      "quarter": "Q2 2016",
      "income status": {
        "Net sales": 36129,
        "Cost of goods sold": 31351,
        "Gross Profit": 4778,
        "Financial expenses": 4,
        "Of which: Interest expense": 4,
        "Cost of sales": "N/A",
        "Enterprise cost management": 3896,
        "Total Operating Expenses": 3900,
        "Total revenue financing activities": 75,
        "Net profit from business activities": 953,
        "Profit": -223,
        "Profit before tax": 730,
        "Present corporate income tax expenses": 191,
        "Deferred income taxes expenses": "N/A",
        "The interests of minority shareholders": "N/A",
        "Total Cost of profits": 191,
        "Profit after tax corporate income": 539,
        "Volume": 2996010,
        "Close of Quarter": 3.8,
        "EPS": 2331,
        "Non-adjusted EPS": 2331,
        "PE": 1.6,
        "Book Price": 17.9
      }
    },
    {
      "quarter": "Q1 2016",
      "income status": {
        "Net sales": 20263,
        "Cost of goods sold": 15618,
        "Gross Profit": 4645,
        "Financial expenses": 7,
        "Of which: Interest expense": 7,
        "Cost of sales": "N/A",
        "Enterprise cost management": 3092,
        "Total Operating Expenses": 3099,
        "Total revenue financing activities": 59,
        "Net profit from business activities": 1606,
        "Profit": 3,
        "Profit before tax": 1609,
        "Present corporate income tax expenses": 322,
        "Deferred income taxes expenses": "N/A",
        "The interests of minority shareholders": "N/A",
        "Total Cost of profits": 322,
        "Profit after tax corporate income": 1287,
        "Volume": 2996010,
        "Close of Quarter": 3.5,
        "EPS": 1579,
        "Non-adjusted EPS": 1579,
        "PE": 2.2,
        "Book Price": 19.1
      }
    },
    {
      "quarter": "Q4 2015",
      "income status": {
        "Net sales": 58313,
        "Cost of goods sold": 50226,
        "Gross Profit": 8087,
        "Financial expenses": 9,
        "Of which: Interest expense": 9,
        "Cost of sales": "N/A",
        "Enterprise cost management": 4674,
        "Total Operating Expenses": 4683,
        "Total revenue financing activities": 1338,
        "Net profit from business activities": 4742,
        "Profit": -444,
        "Profit before tax": 4298,
        "Present corporate income tax expenses": 879,
        "Deferred income taxes expenses": "N/A",
        "The interests of minority shareholders": "N/A",
        "Total Cost of profits": 879,
        "Profit after tax corporate income": 3419,
        "Volume": 2996010,
        "Close of Quarter": 3.9,
        "EPS": 1422,
        "Non-adjusted EPS": 1422,
        "PE": 2.8,
        "Book Price": 18.6
      }
    },
    {
      "quarter": "Q3 2015",
      "income status": {
        "Net sales": 24826,
        "Cost of goods sold": 20207,
        "Gross Profit": 4619,
        "Financial expenses": 11,
        "Of which: Interest expense": 11,
        "Cost of sales": "N/A",
        "Enterprise cost management": 2874,
        "Total Operating Expenses": 2885,
        "Total revenue financing activities": 208,
        "Net profit from business activities": 1942,
        "Profit": 35,
        "Profit before tax": 1977,
        "Present corporate income tax expenses": 237,
        "Deferred income taxes expenses": "N/A",
        "The interests of minority shareholders": "N/A",
        "Total Cost of profits": 237,
        "Profit after tax corporate income": 1739,
        "Volume": 2996010,
        "Close of Quarter": 2.6,
        "EPS": 920,
        "Non-adjusted EPS": 920,
        "PE": 2.8,
        "Book Price": 17.5
      }
    },
    {
      "quarter": "Q2 2015",
      "income status": {
        "Net sales": 18315,
        "Cost of goods sold": 16996,
        "Gross Profit": 1319,
        "Financial expenses": 34,
        "Of which: Interest expense": 12,
        "Cost of sales": "N/A",
        "Enterprise cost management": 3548,
        "Total Operating Expenses": 3582,
        "Total revenue financing activities": 320,
        "Net profit from business activities": -1944,
        "Profit": "N/A",
        "Profit before tax": -1944,
        "Present corporate income tax expenses": -230,
        "Deferred income taxes expenses": "N/A",
        "The interests of minority shareholders": "N/A",
        "Total Cost of profits": -230,
        "Profit after tax corporate income": -1714,
        "Volume": 2996010,
        "Close of Quarter": 3.1,
        "EPS": 1123,
        "Non-adjusted EPS": 1123,
        "PE": 2.8,
        "Book Price": 16.9
      }
    },
    {
      "quarter": "Q1 2015",
      "income status": {
        "Net sales": 20958,
        "Cost of goods sold": 16650,
        "Gross Profit": 4308,
        "Financial expenses": 10,
        "Of which: Interest expense": 10,
        "Cost of sales": "N/A",
        "Enterprise cost management": 3350,
        "Total Operating Expenses": 3360,
        "Total revenue financing activities": 99,
        "Net profit from business activities": 1047,
        "Profit": "N/A",
        "Profit before tax": 1047,
        "Present corporate income tax expenses": 230,
        "Deferred income taxes expenses": "N/A",
        "The interests of minority shareholders": "N/A",
        "Total Cost of profits": 230,
        "Profit after tax corporate income": 816,
        "Volume": 2996010,
        "Close of Quarter": 3.1,
        "EPS": 2181,
        "Non-adjusted EPS": 2181,
        "PE": 1.4,
        "Book Price": 18.6
      }
    },
    {
      "quarter": "Q4 2014",
      "income status": {
        "Net sales": 39632,
        "Cost of goods sold": 32797,
        "Gross Profit": 6835,
        "Financial expenses": 14,
        "Of which: Interest expense": "N/A",
        "Cost of sales": "N/A",
        "Enterprise cost management": 5362,
        "Total Operating Expenses": 5376,
        "Total revenue financing activities": 1082,
        "Net profit from business activities": 2541,
        "Profit": -261,
        "Profit before tax": 2280,
        "Present corporate income tax expenses": 363,
        "Deferred income taxes expenses": "N/A",
        "The interests of minority shareholders": "N/A",
        "Total Cost of profits": 363,
        "Profit after tax corporate income": 1916,
        "Volume": 2996010,
        "Close of Quarter": 2.8,
        "EPS": 1603,
        "Non-adjusted EPS": 1603,
        "PE": 1.8,
        "Book Price": 18.3
      }
    },
    {
      "quarter": "Q3 2014",
      "income status": {
        "Net sales": 44338,
        "Cost of goods sold": 34495,
        "Gross Profit": 9844,
        "Financial expenses": "N/A",
        "Of which: Interest expense": "N/A",
        "Cost of sales": "N/A",
        "Enterprise cost management": 6128,
        "Total Operating Expenses": 6128,
        "Total revenue financing activities": 121,
        "Net profit from business activities": 3837,
        "Profit": -145,
        "Profit before tax": 3692,
        "Present corporate income tax expenses": 812,
        "Deferred income taxes expenses": "N/A",
        "The interests of minority shareholders": 533,
        "Total Cost of profits": 1345,
        "Profit after tax corporate income": 2346,
        "Volume": 2996010,
        "Close of Quarter": 2.6,
        "EPS": 2723,
        "Non-adjusted EPS": 2723,
        "PE": 1.0,
        "Book Price": 20.6
      }
    },
    {
      "quarter": "Q2 2014",
      "income status": {
        "Net sales": 35492,
        "Cost of goods sold": 26996,
        "Gross Profit": 8495,
        "Financial expenses": "N/A",
        "Of which: Interest expense": "N/A",
        "Cost of sales": "N/A",
        "Enterprise cost management": 6855,
        "Total Operating Expenses": 6855,
        "Total revenue financing activities": 229,
        "Net profit from business activities": 1869,
        "Profit": -19,
        "Profit before tax": 1851,
        "Present corporate income tax expenses": 162,
        "Deferred income taxes expenses": "N/A",
        "The interests of minority shareholders": 232,
        "Total Cost of profits": 394,
        "Profit after tax corporate income": 1457,
        "Volume": 2996010,
        "Close of Quarter": 4.1,
        "EPS": 1402,
        "Non-adjusted EPS": 1402,
        "PE": 2.9,
        "Book Price": 19.5
      }
    },
    {
      "quarter": "Q1 2014",
      "income status": {
        "Net sales": 21069,
        "Cost of goods sold": 16182,
        "Gross Profit": 4886,
        "Financial expenses": 1,
        "Of which: Interest expense": "N/A",
        "Cost of sales": "N/A",
        "Enterprise cost management": 5706,
        "Total Operating Expenses": 5707,
        "Total revenue financing activities": 169,
        "Net profit from business activities": -651,
        "Profit": 27,
        "Profit before tax": -624,
        "Present corporate income tax expenses": 108,
        "Deferred income taxes expenses": "N/A",
        "The interests of minority shareholders": 183,
        "Total Cost of profits": 291,
        "Profit after tax corporate income": -915,
        "Volume": 2996010,
        "Close of Quarter": 4.7,
        "EPS": 783,
        "Non-adjusted EPS": 783,
        "PE": 6,
        "Book Price": 18.9
      }
    },
    {
      "quarter": "Q4 2013",
      "income status": {
        "Net sales": 57415,
        "Cost of goods sold": 44627,
        "Gross Profit": 12788,
        "Financial expenses": 347,
        "Of which: Interest expense": "N/A",
        "Cost of sales": 113,
        "Enterprise cost management": 6677,
        "Total Operating Expenses": 7137,
        "Total revenue financing activities": 480,
        "Net profit from business activities": 6131,
        "Profit": 261,
        "Profit before tax": 6392,
        "Present corporate income tax expenses": 568,
        "Deferred income taxes expenses": "N/A",
        "The interests of minority shareholders": 554,
        "Total Cost of profits": 1122,
        "Profit after tax corporate income": 5270,
        "Volume": 2996010,
        "Close of Quarter": 2.2,
        "EPS": 1044,
        "Non-adjusted EPS": 1044,
        "PE": 2.1,
        "Book Price": 18.7
      }
    },
    {
      "quarter": "Q3 2013",
      "income status": {
        "Net sales": 17046,
        "Cost of goods sold": 12676,
        "Gross Profit": 4370,
        "Financial expenses": "N/A",
        "Of which: Interest expense": "N/A",
        "Cost of sales": 100,
        "Enterprise cost management": 5737,
        "Total Operating Expenses": 5837,
        "Total revenue financing activities": 188,
        "Net profit from business activities": -1279,
        "Profit": 31,
        "Profit before tax": -1248,
        "Present corporate income tax expenses": 149,
        "Deferred income taxes expenses": "N/A",
        "The interests of minority shareholders": 214,
        "Total Cost of profits": 363,
        "Profit after tax corporate income": -1611,
        "Volume": 2996010,
        "Close of Quarter": 2.6,
        "EPS": 1398,
        "Non-adjusted EPS": 1398,
        "PE": 1.8,
        "Book Price": 16.6
      }
    },
    {
      "quarter": "Q2 2013",
      "income status": {
        "Net sales": 34481,
        "Cost of goods sold": 27955,
        "Gross Profit": 6526,
        "Financial expenses": "N/A",
        "Of which: Interest expense": "N/A",
        "Cost of sales": 161,
        "Enterprise cost management": 6188,
        "Total Operating Expenses": 6349,
        "Total revenue financing activities": 262,
        "Net profit from business activities": 439,
        "Profit": -15,
        "Profit before tax": 424,
        "Present corporate income tax expenses": 338,
        "Deferred income taxes expenses": "N/A",
        "The interests of minority shareholders": 485,
        "Total Cost of profits": 823,
        "Profit after tax corporate income": -399,
        "Volume": 2996010,
        "Close of Quarter": 3.4,
        "EPS": 2180,
        "Non-adjusted EPS": 2180,
        "PE": 1.6,
        "Book Price": 17.2
      }
    },
    {
      "quarter": "Q1 2013",
      "income status": {
        "Net sales": 17313,
        "Cost of goods sold": 11391,
        "Gross Profit": 5922,
        "Financial expenses": "N/A",
        "Of which: Interest expense": "N/A",
        "Cost of sales": 102,
        "Enterprise cost management": 5553,
        "Total Operating Expenses": 5655,
        "Total revenue financing activities": 141,
        "Net profit from business activities": 407,
        "Profit": -263,
        "Profit before tax": 144,
        "Present corporate income tax expenses": 113,
        "Deferred income taxes expenses": "N/A",
        "The interests of minority shareholders": 162,
        "Total Cost of profits": 275,
        "Profit after tax corporate income": -131,
        "Volume": 2996010,
        "Close of Quarter": 3.4,
        "EPS": 2323,
        "Non-adjusted EPS": 2323,
        "PE": 1.5,
        "Book Price": 18.2
      }
    },
    {
      "quarter": "Q4 2012",
      "income status": {
        "Net sales": 52645,
        "Cost of goods sold": 39252,
        "Gross Profit": 13393,
        "Financial expenses": 16,
        "Of which: Interest expense": 14,
        "Cost of sales": 127,
        "Enterprise cost management": 6731,
        "Total Operating Expenses": 6874,
        "Total revenue financing activities": 396,
        "Net profit from business activities": 6915,
        "Profit": 101,
        "Profit before tax": 7016,
        "Present corporate income tax expenses": 358,
        "Deferred income taxes expenses": "N/A",
        "The interests of minority shareholders": 328,
        "Total Cost of profits": 686,
        "Profit after tax corporate income": 6330,
        "Volume": 2996010,
        "Close of Quarter": 2.3,
        "EPS": 1005,
        "Non-adjusted EPS": 1005,
        "PE": 2.3,
        "Book Price": 18.4
      }
    },
    {
      "quarter": "Q3 2012",
      "income status": {
        "Net sales": 24995,
        "Cost of goods sold": 18036,
        "Gross Profit": 6959,
        "Financial expenses": 13,
        "Of which: Interest expense": 13,
        "Cost of sales": 132,
        "Enterprise cost management": 6000,
        "Total Operating Expenses": 6145,
        "Total revenue financing activities": 127,
        "Net profit from business activities": 942,
        "Profit": 126,
        "Profit before tax": 1068,
        "Present corporate income tax expenses": -73,
        "Deferred income taxes expenses": "N/A",
        "The interests of minority shareholders": 410,
        "Total Cost of profits": 337,
        "Profit after tax corporate income": 730,
        "Volume": 2996010,
        "Close of Quarter": 2.2,
        "EPS": 1362,
        "Non-adjusted EPS": 1362,
        "PE": 1.6,
        "Book Price": 16.3
      }
    },
    {
      "quarter": "Q2 2012",
      "income status": {
        "Net sales": 31492,
        "Cost of goods sold": 24275,
        "Gross Profit": 7217,
        "Financial expenses": 151,
        "Of which: Interest expense": 146,
        "Cost of sales": 140,
        "Enterprise cost management": 6593,
        "Total Operating Expenses": 6884,
        "Total revenue financing activities": 202,
        "Net profit from business activities": 535,
        "Profit": 372,
        "Profit before tax": 907,
        "Present corporate income tax expenses": 361,
        "Deferred income taxes expenses": "N/A",
        "The interests of minority shareholders": 517,
        "Total Cost of profits": 878,
        "Profit after tax corporate income": 30,
        "Volume": 2996010,
        "Close of Quarter": 2.5,
        "EPS": 209,
        "Non-adjusted EPS": 209,
        "PE": 12.0,
        "Book Price": 15.9
      }
    },
    {
      "quarter": "Q1 2012",
      "income status": {
        "Net sales": 17435,
        "Cost of goods sold": 12693,
        "Gross Profit": 4742,
        "Financial expenses": 333,
        "Of which: Interest expense": 333,
        "Cost of sales": 111,
        "Enterprise cost management": 7614,
        "Total Operating Expenses": 8058,
        "Total revenue financing activities": 130,
        "Net profit from business activities": -3187,
        "Profit": -66,
        "Profit before tax": -3253,
        "Present corporate income tax expenses": 339,
        "Deferred income taxes expenses": "N/A",
        "The interests of minority shareholders": 487,
        "Total Cost of profits": 826,
        "Profit after tax corporate income": -4079,
        "Volume": 2996010,
        "Close of Quarter": 3.2,
        "EPS": 319,
        "Non-adjusted EPS": 319,
        "PE": 10,
        "Book Price": 16
      }
    },
    {
      "quarter": "Q4 2011",
      "income status": {
        "Net sales": 56152,
        "Cost of goods sold": 37213,
        "Gross Profit": 18939,
        "Financial expenses": 368,
        "Of which: Interest expense": 368,
        "Cost of sales": 272,
        "Enterprise cost management": 9913,
        "Total Operating Expenses": 10553,
        "Total revenue financing activities": 157,
        "Net profit from business activities": 8542,
        "Profit": -53,
        "Profit before tax": 8489,
        "Present corporate income tax expenses": 792,
        "Deferred income taxes expenses": "N/A",
        "The interests of minority shareholders": 297,
        "Total Cost of profits": 1089,
        "Profit after tax corporate income": 7400,
        "Volume": 2996010,
        "Close of Quarter": 3.6,
        "EPS": 1811,
        "Non-adjusted EPS": 1811,
        "PE": 2.0,
        "Book Price": 19.9
      }
    },
    {
      "quarter": "Q3 2011",
      "income status": {
        "Net sales": 13829,
        "Cost of goods sold": 9752,
        "Gross Profit": 4077,
        "Financial expenses": 305,
        "Of which: Interest expense": 305,
        "Cost of sales": 179,
        "Enterprise cost management": 6423,
        "Total Operating Expenses": 6907,
        "Total revenue financing activities": 100,
        "Net profit from business activities": -2729,
        "Profit": 4,
        "Profit before tax": -2725,
        "Present corporate income tax expenses": "N/A",
        "Deferred income taxes expenses": "N/A",
        "The interests of minority shareholders": "N/A",
        "Total Cost of profits": 0,
        "Profit after tax corporate income": -2725,
        "Volume": 2996010,
        "Close of Quarter": 4.3,
        "EPS": 737,
        "Non-adjusted EPS": 737,
        "PE": 5.9,
        "Book Price": 15.5
      }
    },
    {
      "quarter": "Q2 2011",
      "income status": {
        "Net sales": 15036,
        "Cost of goods sold": 9221,
        "Gross Profit": 5815,
        "Financial expenses": 427,
        "Of which: Interest expense": 427,
        "Cost of sales": 141,
        "Enterprise cost management": 5008,
        "Total Operating Expenses": 5576,
        "Total revenue financing activities": 234,
        "Net profit from business activities": 475,
        "Profit": 5,
        "Profit before tax": 480,
        "Present corporate income tax expenses": 120,
        "Deferred income taxes expenses": "N/A",
        "The interests of minority shareholders": "N/A",
        "Total Cost of profits": 120,
        "Profit after tax corporate income": 360,
        "Volume": 2996010,
        "Close of Quarter": 8.0,
        "EPS": 2512,
        "Non-adjusted EPS": 2512,
        "PE": 3.2,
        "Book Price": 17.1
      }
    },
    {
      "quarter": "Q1 2011",
      "income status": {
        "Net sales": 6906,
        "Cost of goods sold": 2969,
        "Gross Profit": 3937,
        "Financial expenses": 373,
        "Of which: Interest expense": 373,
        "Cost of sales": 142,
        "Enterprise cost management": 3027,
        "Total Operating Expenses": 3542,
        "Total revenue financing activities": 123,
        "Net profit from business activities": 519,
        "Profit": 2,
        "Profit before tax": 521,
        "Present corporate income tax expenses": 130,
        "Deferred income taxes expenses": "N/A",
        "The interests of minority shareholders": "N/A",
        "Total Cost of profits": 130,
        "Profit after tax corporate income": 391,
        "Volume": 2996010,
        "Close of Quarter": 7.3,
        "EPS": 2492,
        "Non-adjusted EPS": 2492,
        "PE": 2.9,
        "Book Price": 19.1
      }
    }
  ]
}