{
  "ticker": "HIG",
  "data": [
    {
      "quarter": "Q4 2016",
      "income status": {
        "Net sales": 190211,
        "Cost of goods sold": 158486,
        "Gross Profit": 31724,
        "Financial expenses": 2757,
        "Of which: Interest expense": 2006,
        "Cost of sales": 7413,
        "Enterprise cost management": 14420,
        "Total Operating Expenses": 24590,
        "Total revenue financing activities": 3221,
        "Net profit from business activities": 10354,
        "Profit": 370,
        "Profit before tax": 10724,
        "Present corporate income tax expenses": 956,
        "Deferred income taxes expenses": 181,
        "The interests of minority shareholders": "N/A",
        "Total Cost of profits": 1137,
        "Profit after tax corporate income": 9587,
        "Volume": 21918232,
        "Close of Quarter": 4.4,
        "EPS": -62,
        "Non-adjusted EPS": -62,
        "PE": -71.0,
        "Book Price": 15
      }
    },
    {
      "quarter": "Q3 2016",
      "income status": {
        "Net sales": 94586,
        "Cost of goods sold": 79194,
        "Gross Profit": 15391,
        "Financial expenses": 472,
        "Of which: Interest expense": 379,
        "Cost of sales": 8600,
        "Enterprise cost management": 9235,
        "Total Operating Expenses": 18307,
        "Total revenue financing activities": 702,
        "Net profit from business activities": -2213,
        "Profit": 430,
        "Profit before tax": -1783,
        "Present corporate income tax expenses": "N/A",
        "Deferred income taxes expenses": -181,
        "The interests of minority shareholders": "N/A",
        "Total Cost of profits": -181,
        "Profit after tax corporate income": -1602,
        "Volume": 21918232,
        "Close of Quarter": 4.5,
        "EPS": 522,
        "Non-adjusted EPS": 522,
        "PE": 8.6,
        "Book Price": 16.2
      }
    },
    {
      "quarter": "Q2 2016",
      "income status": {
        "Net sales": 68703,
        "Cost of goods sold": 65743,
        "Gross Profit": 2960,
        "Financial expenses": 1092,
        "Of which: Interest expense": 929,
        "Cost of sales": 7754,
        "Enterprise cost management": 8597,
        "Total Operating Expenses": 17443,
        "Total revenue financing activities": 3702,
        "Net profit from business activities": -9989,
        "Profit": 715,
        "Profit before tax": -9274,
        "Present corporate income tax expenses": -617,
        "Deferred income taxes expenses": 202,
        "The interests of minority shareholders": -3,
        "Total Cost of profits": -418,
        "Profit after tax corporate income": -8856,
        "Volume": 21918232,
        "Close of Quarter": 7.1,
        "EPS": 747,
        "Non-adjusted EPS": 747,
        "PE": 9.5,
        "Book Price": 16.2
      }
    },
    {
      "quarter": "Q1 2016",
      "income status": {
        "Net sales": 62742,
        "Cost of goods sold": 48301,
        "Gross Profit": 14441,
        "Financial expenses": 499,
        "Of which: Interest expense": 497,
        "Cost of sales": 8483,
        "Enterprise cost management": 7209,
        "Total Operating Expenses": 16191,
        "Total revenue financing activities": 1380,
        "Net profit from business activities": -370,
        "Profit": 696,
        "Profit before tax": 326,
        "Present corporate income tax expenses": 798,
        "Deferred income taxes expenses": 4,
        "The interests of minority shareholders": "N/A",
        "Total Cost of profits": 802,
        "Profit after tax corporate income": -477,
        "Volume": 21918232,
        "Close of Quarter": 6.4,
        "EPS": 944,
        "Non-adjusted EPS": 944,
        "PE": 6.8,
        "Book Price": 17.2
      }
    },
    {
      "quarter": "Q4 2015",
      "income status": {
        "Net sales": 232220,
        "Cost of goods sold": 210630,
        "Gross Profit": 21590,
        "Financial expenses": 6582,
        "Of which: Interest expense": -957,
        "Cost of sales": 22515,
        "Enterprise cost management": 9099,
        "Total Operating Expenses": 38196,
        "Total revenue financing activities": 41149,
        "Net profit from business activities": 24544,
        "Profit": 3794,
        "Profit before tax": 28338,
        "Present corporate income tax expenses": 6191,
        "Deferred income taxes expenses": -236,
        "The interests of minority shareholders": "N/A",
        "Total Cost of profits": 5955,
        "Profit after tax corporate income": 22384,
        "Volume": 21918232,
        "Close of Quarter": 5.4,
        "EPS": 854,
        "Non-adjusted EPS": 854,
        "PE": 6.3,
        "Book Price": 17.2
      }
    },
    {
      "quarter": "Q3 2015",
      "income status": {
        "Net sales": 195286,
        "Cost of goods sold": 175499,
        "Gross Profit": 19787,
        "Financial expenses": 3713,
        "Of which: Interest expense": 976,
        "Cost of sales": 8361,
        "Enterprise cost management": 6780,
        "Total Operating Expenses": 18854,
        "Total revenue financing activities": -434,
        "Net profit from business activities": 498,
        "Profit": 252,
        "Profit before tax": 750,
        "Present corporate income tax expenses": 232,
        "Deferred income taxes expenses": -2793,
        "The interests of minority shareholders": "N/A",
        "Total Cost of profits": -2561,
        "Profit after tax corporate income": 3311,
        "Volume": 21918232,
        "Close of Quarter": 5.1,
        "EPS": -50,
        "Non-adjusted EPS": -50,
        "PE": -102.6,
        "Book Price": 16.2
      }
    },
    {
      "quarter": "Q2 2015",
      "income status": {
        "Net sales": 87528,
        "Cost of goods sold": 65112,
        "Gross Profit": 22416,
        "Financial expenses": 531,
        "Of which: Interest expense": 47,
        "Cost of sales": 10482,
        "Enterprise cost management": 13833,
        "Total Operating Expenses": 24846,
        "Total revenue financing activities": 712,
        "Net profit from business activities": -1077,
        "Profit": 319,
        "Profit before tax": -758,
        "Present corporate income tax expenses": 180,
        "Deferred income taxes expenses": 3593,
        "The interests of minority shareholders": "N/A",
        "Total Cost of profits": 3773,
        "Profit after tax corporate income": -4530,
        "Volume": 21918232,
        "Close of Quarter": 6.6,
        "EPS": 169,
        "Non-adjusted EPS": 169,
        "PE": 39.0,
        "Book Price": 16.2
      }
    },
    {
      "quarter": "Q1 2015",
      "income status": {
        "Net sales": 56554,
        "Cost of goods sold": 47274,
        "Gross Profit": 9280,
        "Financial expenses": 107,
        "Of which: Interest expense": "N/A",
        "Cost of sales": 5217,
        "Enterprise cost management": 7596,
        "Total Operating Expenses": 12920,
        "Total revenue financing activities": 904,
        "Net profit from business activities": -2736,
        "Profit": 278,
        "Profit before tax": -2457,
        "Present corporate income tax expenses": "N/A",
        "Deferred income taxes expenses": "N/A",
        "The interests of minority shareholders": "N/A",
        "Total Cost of profits": 0,
        "Profit after tax corporate income": -2457,
        "Volume": 21918232,
        "Close of Quarter": 4.0,
        "EPS": 499,
        "Non-adjusted EPS": 499,
        "PE": 8.0,
        "Book Price": 17.2
      }
    },
    {
      "quarter": "Q4 2014",
      "income status": {
        "Net sales": 153064,
        "Cost of goods sold": 126023,
        "Gross Profit": 27041,
        "Financial expenses": 13592,
        "Of which: Interest expense": 291,
        "Cost of sales": 9559,
        "Enterprise cost management": 13042,
        "Total Operating Expenses": 36193,
        "Total revenue financing activities": 11270,
        "Net profit from business activities": 2118,
        "Profit": 1540,
        "Profit before tax": 3658,
        "Present corporate income tax expenses": 1077,
        "Deferred income taxes expenses": "N/A",
        "The interests of minority shareholders": "N/A",
        "Total Cost of profits": 1077,
        "Profit after tax corporate income": 2582,
        "Volume": 21918232,
        "Close of Quarter": 3.6,
        "EPS": 163,
        "Non-adjusted EPS": 163,
        "PE": 22.2,
        "Book Price": 17.3
      }
    },
    {
      "quarter": "Q3 2014",
      "income status": {
        "Net sales": 176499,
        "Cost of goods sold": 158947,
        "Gross Profit": 17552,
        "Financial expenses": 1580,
        "Of which: Interest expense": 1150,
        "Cost of sales": 5703,
        "Enterprise cost management": 9925,
        "Total Operating Expenses": 17208,
        "Total revenue financing activities": 863,
        "Net profit from business activities": 4472,
        "Profit": 3397,
        "Profit before tax": 7870,
        "Present corporate income tax expenses": -246,
        "Deferred income taxes expenses": "N/A",
        "The interests of minority shareholders": "N/A",
        "Total Cost of profits": -246,
        "Profit after tax corporate income": 8116,
        "Volume": 21918232,
        "Close of Quarter": 4.2,
        "EPS": 96,
        "Non-adjusted EPS": 96,
        "PE": 43.4,
        "Book Price": 17.1
      }
    },
    {
      "quarter": "Q2 2014",
      "income status": {
        "Net sales": 138831,
        "Cost of goods sold": 117489,
        "Gross Profit": 21342,
        "Financial expenses": 895,
        "Of which: Interest expense": 790,
        "Cost of sales": 7126,
        "Enterprise cost management": 7163,
        "Total Operating Expenses": 15184,
        "Total revenue financing activities": 104,
        "Net profit from business activities": 2997,
        "Profit": 464,
        "Profit before tax": 3461,
        "Present corporate income tax expenses": 764,
        "Deferred income taxes expenses": "N/A",
        "The interests of minority shareholders": "N/A",
        "Total Cost of profits": 764,
        "Profit after tax corporate income": 2697,
        "Volume": 21918232,
        "Close of Quarter": 4.3,
        "EPS": -410,
        "Non-adjusted EPS": -410,
        "PE": -10.4,
        "Book Price": 16.8
      }
    },
    {
      "quarter": "Q1 2014",
      "income status": {
        "Net sales": 33229,
        "Cost of goods sold": 24272,
        "Gross Profit": 8957,
        "Financial expenses": 786,
        "Of which: Interest expense": 747,
        "Cost of sales": 11146,
        "Enterprise cost management": 8677,
        "Total Operating Expenses": 20609,
        "Total revenue financing activities": 581,
        "Net profit from business activities": -11070,
        "Profit": 1244,
        "Profit before tax": -9826,
        "Present corporate income tax expenses": "N/A",
        "Deferred income taxes expenses": "N/A",
        "The interests of minority shareholders": "N/A",
        "Total Cost of profits": 0,
        "Profit after tax corporate income": -9826,
        "Volume": 21918232,
        "Close of Quarter": 5.4,
        "EPS": -10,
        "Non-adjusted EPS": -10,
        "PE": -535,
        "Book Price": 16.7
      }
    },
    {
      "quarter": "Q4 2013",
      "income status": {
        "Net sales": 204416,
        "Cost of goods sold": 184604,
        "Gross Profit": 19812,
        "Financial expenses": -249,
        "Of which: Interest expense": 249,
        "Cost of sales": 9535,
        "Enterprise cost management": 11193,
        "Total Operating Expenses": 20479,
        "Total revenue financing activities": 662,
        "Net profit from business activities": -5,
        "Profit": 1715,
        "Profit before tax": 1710,
        "Present corporate income tax expenses": 583,
        "Deferred income taxes expenses": "N/A",
        "The interests of minority shareholders": "N/A",
        "Total Cost of profits": 583,
        "Profit after tax corporate income": 1127,
        "Volume": 21918232,
        "Close of Quarter": 4.5,
        "EPS": 438,
        "Non-adjusted EPS": 438,
        "PE": 10.3,
        "Book Price": 17.2
      }
    },
    {
      "quarter": "Q3 2013",
      "income status": {
        "Net sales": 64739,
        "Cost of goods sold": 50708,
        "Gross Profit": 14031,
        "Financial expenses": 1504,
        "Of which: Interest expense": "N/A",
        "Cost of sales": 8160,
        "Enterprise cost management": 10808,
        "Total Operating Expenses": 20472,
        "Total revenue financing activities": 1468,
        "Net profit from business activities": -4971,
        "Profit": 1989,
        "Profit before tax": -2983,
        "Present corporate income tax expenses": "N/A",
        "Deferred income taxes expenses": "N/A",
        "The interests of minority shareholders": "N/A",
        "Total Cost of profits": 0,
        "Profit after tax corporate income": -2983,
        "Volume": 21918232,
        "Close of Quarter": 5.0,
        "EPS": 387,
        "Non-adjusted EPS": 387,
        "PE": 13.0,
        "Book Price": 17.2
      }
    },
    {
      "quarter": "Q2 2013",
      "income status": {
        "Net sales": 198134,
        "Cost of goods sold": 159516,
        "Gross Profit": 38618,
        "Financial expenses": 2061,
        "Of which: Interest expense": "N/A",
        "Cost of sales": 10264,
        "Enterprise cost management": 12621,
        "Total Operating Expenses": 24946,
        "Total revenue financing activities": 365,
        "Net profit from business activities": 14038,
        "Profit": 1257,
        "Profit before tax": 15295,
        "Present corporate income tax expenses": 3061,
        "Deferred income taxes expenses": 771,
        "The interests of minority shareholders": "N/A",
        "Total Cost of profits": 3832,
        "Profit after tax corporate income": 11463,
        "Volume": 21918232,
        "Close of Quarter": 4.3,
        "EPS": 523,
        "Non-adjusted EPS": 523,
        "PE": 8.3,
        "Book Price": 17.2
      }
    }
  ]
}