{
  "ticker": "HVX",
  "data": [
    {
      "quarter": "Q4 2016",
      "income status": {
        "Net sales": 216660,
        "Cost of goods sold": 190736,
        "Gross Profit": 25925,
        "Financial expenses": 8496,
        "Of which: Interest expense": 8496,
        "Cost of sales": 2403,
        "Enterprise cost management": 8111,
        "Total Operating Expenses": 19010,
        "Total revenue financing activities": 18,
        "Net profit from business activities": 6933,
        "Profit": -1526,
        "Profit before tax": 5407,
        "Present corporate income tax expenses": 1481,
        "Deferred income taxes expenses": "N/A",
        "The interests of minority shareholders": "N/A",
        "Total Cost of profits": 1481,
        "Profit after tax corporate income": 3926,
        "Volume": 43440000,
        "Close of Quarter": 6,
        "EPS": 365,
        "Non-adjusted EPS": 365,
        "PE": 16.4,
        "Book Price": 10.3
      }
    },
    {
      "quarter": "Q3 2016",
      "income status": {
        "Net sales": 265097,
        "Cost of goods sold": 236539,
        "Gross Profit": 28557,
        "Financial expenses": 9327,
        "Of which: Interest expense": 8791,
        "Cost of sales": 5930,
        "Enterprise cost management": 7768,
        "Total Operating Expenses": 23025,
        "Total revenue financing activities": 41,
        "Net profit from business activities": 5573,
        "Profit": 18,
        "Profit before tax": 5592,
        "Present corporate income tax expenses": 1123,
        "Deferred income taxes expenses": "N/A",
        "The interests of minority shareholders": "N/A",
        "Total Cost of profits": 1123,
        "Profit after tax corporate income": 4469,
        "Volume": 43440000,
        "Close of Quarter": 4.3,
        "EPS": 454,
        "Non-adjusted EPS": 454,
        "PE": 9.4,
        "Book Price": 10.2
      }
    },
    {
      "quarter": "Q2 2016",
      "income status": {
        "Net sales": 265092,
        "Cost of goods sold": 233855,
        "Gross Profit": 31237,
        "Financial expenses": 10061,
        "Of which: Interest expense": 10061,
        "Cost of sales": 5084,
        "Enterprise cost management": 9723,
        "Total Operating Expenses": 24868,
        "Total revenue financing activities": 2576,
        "Net profit from business activities": 8945,
        "Profit": -93,
        "Profit before tax": 8851,
        "Present corporate income tax expenses": 1931,
        "Deferred income taxes expenses": "N/A",
        "The interests of minority shareholders": "N/A",
        "Total Cost of profits": 1931,
        "Profit after tax corporate income": 6920,
        "Volume": 43440000,
        "Close of Quarter": 5,
        "EPS": 357,
        "Non-adjusted EPS": 357,
        "PE": 14.0,
        "Book Price": 10.1
      }
    },
    {
      "quarter": "Q1 2016",
      "income status": {
        "Net sales": 184453,
        "Cost of goods sold": 164527,
        "Gross Profit": 19927,
        "Financial expenses": 9929,
        "Of which: Interest expense": 9928,
        "Cost of sales": 4928,
        "Enterprise cost management": 4685,
        "Total Operating Expenses": 19542,
        "Total revenue financing activities": 90,
        "Net profit from business activities": 473,
        "Profit": 86,
        "Profit before tax": 559,
        "Present corporate income tax expenses": "N/A",
        "Deferred income taxes expenses": "N/A",
        "The interests of minority shareholders": "N/A",
        "Total Cost of profits": 0,
        "Profit after tax corporate income": 559,
        "Volume": 43440000,
        "Close of Quarter": 4.9,
        "EPS": 328,
        "Non-adjusted EPS": 328,
        "PE": 14.9,
        "Book Price": 9.6
      }
    },
    {
      "quarter": "Q4 2015",
      "income status": {
        "Net sales": 193926,
        "Cost of goods sold": 164258,
        "Gross Profit": 29668,
        "Financial expenses": 15726,
        "Of which: Interest expense": 8868,
        "Cost of sales": -2735,
        "Enterprise cost management": 7675,
        "Total Operating Expenses": 20666,
        "Total revenue financing activities": 60,
        "Net profit from business activities": 9062,
        "Profit": 70,
        "Profit before tax": 9133,
        "Present corporate income tax expenses": 1378,
        "Deferred income taxes expenses": "N/A",
        "The interests of minority shareholders": "N/A",
        "Total Cost of profits": 1378,
        "Profit after tax corporate income": 7755,
        "Volume": 43440000,
        "Close of Quarter": 6.4,
        "EPS": 187,
        "Non-adjusted EPS": 187,
        "PE": 34.2,
        "Book Price": 9.7
      }
    },
    {
      "quarter": "Q3 2015",
      "income status": {
        "Net sales": 225286,
        "Cost of goods sold": 207841,
        "Gross Profit": 17445,
        "Financial expenses": 9817,
        "Of which: Interest expense": 9817,
        "Cost of sales": 1619,
        "Enterprise cost management": 5878,
        "Total Operating Expenses": 17314,
        "Total revenue financing activities": 133,
        "Net profit from business activities": 264,
        "Profit": 5,
        "Profit before tax": 269,
        "Present corporate income tax expenses": "N/A",
        "Deferred income taxes expenses": "N/A",
        "The interests of minority shareholders": "N/A",
        "Total Cost of profits": 0,
        "Profit after tax corporate income": 269,
        "Volume": 43440000,
        "Close of Quarter": 5.8,
        "EPS": 46,
        "Non-adjusted EPS": 46,
        "PE": 126.1,
        "Book Price": 9.5
      }
    },
    {
      "quarter": "Q2 2015",
      "income status": {
        "Net sales": 252526,
        "Cost of goods sold": 215029,
        "Gross Profit": 37497,
        "Financial expenses": 16836,
        "Of which: Interest expense": 10396,
        "Cost of sales": 8410,
        "Enterprise cost management": 6824,
        "Total Operating Expenses": 32070,
        "Total revenue financing activities": 168,
        "Net profit from business activities": 5595,
        "Profit": 77,
        "Profit before tax": 5672,
        "Present corporate income tax expenses": "N/A",
        "Deferred income taxes expenses": "N/A",
        "The interests of minority shareholders": "N/A",
        "Total Cost of profits": 0,
        "Profit after tax corporate income": 5672,
        "Volume": 43440000,
        "Close of Quarter": 6.6,
        "EPS": -33,
        "Non-adjusted EPS": -33,
        "PE": -200,
        "Book Price": 9.4
      }
    },
    {
      "quarter": "Q1 2015",
      "income status": {
        "Net sales": 159645,
        "Cost of goods sold": 141040,
        "Gross Profit": 18605,
        "Financial expenses": 10163,
        "Of which: Interest expense": 10163,
        "Cost of sales": 10625,
        "Enterprise cost management": 4943,
        "Total Operating Expenses": 25731,
        "Total revenue financing activities": 318,
        "Net profit from business activities": -6808,
        "Profit": 1236,
        "Profit before tax": -5571,
        "Present corporate income tax expenses": "N/A",
        "Deferred income taxes expenses": "N/A",
        "The interests of minority shareholders": "N/A",
        "Total Cost of profits": 0,
        "Profit after tax corporate income": -5571,
        "Volume": 43440000,
        "Close of Quarter": 7,
        "EPS": 135,
        "Non-adjusted EPS": 135,
        "PE": 51.9,
        "Book Price": 9.3
      }
    },
    {
      "quarter": "Q4 2014",
      "income status": {
        "Net sales": 159420,
        "Cost of goods sold": 139728,
        "Gross Profit": 19691,
        "Financial expenses": 13660,
        "Of which: Interest expense": 11192,
        "Cost of sales": 4292,
        "Enterprise cost management": 1272,
        "Total Operating Expenses": 19224,
        "Total revenue financing activities": 73,
        "Net profit from business activities": 540,
        "Profit": 1103,
        "Profit before tax": 1644,
        "Present corporate income tax expenses": "N/A",
        "Deferred income taxes expenses": "N/A",
        "The interests of minority shareholders": "N/A",
        "Total Cost of profits": 0,
        "Profit after tax corporate income": 1644,
        "Volume": 43440000,
        "Close of Quarter": 5.4,
        "EPS": 226,
        "Non-adjusted EPS": 226,
        "PE": 23.9,
        "Book Price": 9.5
      }
    },
    {
      "quarter": "Q3 2014",
      "income status": {
        "Net sales": 277572,
        "Cost of goods sold": 250790,
        "Gross Profit": 26781,
        "Financial expenses": 10202,
        "Of which: Interest expense": 11619,
        "Cost of sales": 14471,
        "Enterprise cost management": 8185,
        "Total Operating Expenses": 32858,
        "Total revenue financing activities": 102,
        "Net profit from business activities": -5974,
        "Profit": 2781,
        "Profit before tax": -3193,
        "Present corporate income tax expenses": "N/A",
        "Deferred income taxes expenses": "N/A",
        "The interests of minority shareholders": "N/A",
        "Total Cost of profits": 0,
        "Profit after tax corporate income": -3193,
        "Volume": 43440000,
        "Close of Quarter": 5.8,
        "EPS": -169,
        "Non-adjusted EPS": -169,
        "PE": -34.3,
        "Book Price": 9.5
      }
    },
    {
      "quarter": "Q2 2014",
      "income status": {
        "Net sales": 271084,
        "Cost of goods sold": 220969,
        "Gross Profit": 50115,
        "Financial expenses": 14854,
        "Of which: Interest expense": 11872,
        "Cost of sales": 15550,
        "Enterprise cost management": 7307,
        "Total Operating Expenses": 37711,
        "Total revenue financing activities": 218,
        "Net profit from business activities": 12622,
        "Profit": 380,
        "Profit before tax": 13003,
        "Present corporate income tax expenses": "N/A",
        "Deferred income taxes expenses": "N/A",
        "The interests of minority shareholders": "N/A",
        "Total Cost of profits": 0,
        "Profit after tax corporate income": 13003,
        "Volume": 43440000,
        "Close of Quarter": 4.7,
        "EPS": -93,
        "Non-adjusted EPS": -93,
        "PE": -50.5,
        "Book Price": 9.6
      }
    },
    {
      "quarter": "Q1 2014",
      "income status": {
        "Net sales": 207652,
        "Cost of goods sold": 180428,
        "Gross Profit": 27224,
        "Financial expenses": 12512,
        "Of which: Interest expense": 12512,
        "Cost of sales": 12550,
        "Enterprise cost management": 4806,
        "Total Operating Expenses": 29868,
        "Total revenue financing activities": 274,
        "Net profit from business activities": -2370,
        "Profit": 719,
        "Profit before tax": -1650,
        "Present corporate income tax expenses": "N/A",
        "Deferred income taxes expenses": "N/A",
        "The interests of minority shareholders": "N/A",
        "Total Cost of profits": 0,
        "Profit after tax corporate income": -1650,
        "Volume": 18500000,
        "Close of Quarter": 5.5,
        "EPS": -160.6,
        "Non-adjusted EPS": -377,
        "PE": -14.6,
        "Book Price": 9.2
      }
    },
    {
      "quarter": "Q4 2013",
      "income status": {
        "Net sales": 155709,
        "Cost of goods sold": 143744,
        "Gross Profit": 11965,
        "Financial expenses": 15005,
        "Of which: Interest expense": 10267,
        "Cost of sales": 6858,
        "Enterprise cost management": 5860,
        "Total Operating Expenses": 27723,
        "Total revenue financing activities": 111,
        "Net profit from business activities": -15646,
        "Profit": 1,
        "Profit before tax": -15646,
        "Present corporate income tax expenses": -159,
        "Deferred income taxes expenses": "N/A",
        "The interests of minority shareholders": "N/A",
        "Total Cost of profits": -159,
        "Profit after tax corporate income": -15487,
        "Volume": 18500000,
        "Close of Quarter": 4.3,
        "EPS": -350.5,
        "Non-adjusted EPS": -823,
        "PE": -5.2,
        "Book Price": 4.3
      }
    },
    {
      "quarter": "Q3 2013",
      "income status": {
        "Net sales": 254993,
        "Cost of goods sold": 213422,
        "Gross Profit": 41571,
        "Financial expenses": 21054,
        "Of which: Interest expense": 14547,
        "Cost of sales": 14855,
        "Enterprise cost management": 5764,
        "Total Operating Expenses": 41673,
        "Total revenue financing activities": 206,
        "Net profit from business activities": 105,
        "Profit": 8,
        "Profit before tax": 112,
        "Present corporate income tax expenses": 35,
        "Deferred income taxes expenses": "N/A",
        "The interests of minority shareholders": "N/A",
        "Total Cost of profits": 35,
        "Profit after tax corporate income": 77,
        "Volume": 18500000,
        "Close of Quarter": 4.2,
        "EPS": 163.1,
        "Non-adjusted EPS": 383,
        "PE": 11.0,
        "Book Price": 4.7
      }
    },
    {
      "quarter": "Q2 2013",
      "income status": {
        "Net sales": 223051,
        "Cost of goods sold": 178413,
        "Gross Profit": 44638,
        "Financial expenses": 18386,
        "Of which: Interest expense": 13548,
        "Cost of sales": 9839,
        "Enterprise cost management": 6675,
        "Total Operating Expenses": 34900,
        "Total revenue financing activities": 314,
        "Net profit from business activities": 10052,
        "Profit": 158,
        "Profit before tax": 10210,
        "Present corporate income tax expenses": 124,
        "Deferred income taxes expenses": "N/A",
        "The interests of minority shareholders": "N/A",
        "Total Cost of profits": 124,
        "Profit after tax corporate income": 10086,
        "Volume": 18500000,
        "Close of Quarter": 4.3,
        "EPS": 295.6,
        "Non-adjusted EPS": 694,
        "PE": 6.2,
        "Book Price": 4.7
      }
    },
    {
      "quarter": "Q1 2013",
      "income status": {
        "Net sales": 136804,
        "Cost of goods sold": 121448,
        "Gross Profit": 15356,
        "Financial expenses": 15288,
        "Of which: Interest expense": 12814,
        "Cost of sales": 6997,
        "Enterprise cost management": 3646,
        "Total Operating Expenses": 25931,
        "Total revenue financing activities": 374,
        "Net profit from business activities": -10201,
        "Profit": 303,
        "Profit before tax": -9898,
        "Present corporate income tax expenses": "N/A",
        "Deferred income taxes expenses": "N/A",
        "The interests of minority shareholders": "N/A",
        "Total Cost of profits": 0,
        "Profit after tax corporate income": -9898,
        "Volume": 18500000,
        "Close of Quarter": 5.4,
        "EPS": 146.5,
        "Non-adjusted EPS": 344,
        "PE": 15.7,
        "Book Price": 4.5
      }
    },
    {
      "quarter": "Q4 2012",
      "income status": {
        "Net sales": 176447,
        "Cost of goods sold": 149478,
        "Gross Profit": 26969,
        "Financial expenses": 4457,
        "Of which: Interest expense": 404,
        "Cost of sales": 11983,
        "Enterprise cost management": 1829,
        "Total Operating Expenses": 18269,
        "Total revenue financing activities": 783,
        "Net profit from business activities": 9483,
        "Profit": 31,
        "Profit before tax": 9514,
        "Present corporate income tax expenses": 2696,
        "Deferred income taxes expenses": "N/A",
        "The interests of minority shareholders": "N/A",
        "Total Cost of profits": 2696,
        "Profit after tax corporate income": 6818,
        "Volume": 18500000,
        "Close of Quarter": 4.2,
        "EPS": 450.2,
        "Non-adjusted EPS": 1057,
        "PE": 4.0,
        "Book Price": 4.7
      }
    },
    {
      "quarter": "Q3 2012",
      "income status": {
        "Net sales": 191128,
        "Cost of goods sold": 158268,
        "Gross Profit": 32860,
        "Financial expenses": 6120,
        "Of which: Interest expense": 618,
        "Cost of sales": 9749,
        "Enterprise cost management": 9985,
        "Total Operating Expenses": 25854,
        "Total revenue financing activities": 757,
        "Net profit from business activities": 7763,
        "Profit": 20,
        "Profit before tax": 7783,
        "Present corporate income tax expenses": 1952,
        "Deferred income taxes expenses": "N/A",
        "The interests of minority shareholders": "N/A",
        "Total Cost of profits": 1952,
        "Profit after tax corporate income": 5832,
        "Volume": 18500000,
        "Close of Quarter": 4.5,
        "EPS": 345.0,
        "Non-adjusted EPS": 810,
        "PE": 5.6,
        "Book Price": 4.6
      }
    },
    {
      "quarter": "Q2 2012",
      "income status": {
        "Net sales": 193849,
        "Cost of goods sold": 163747,
        "Gross Profit": 30103,
        "Financial expenses": 6970,
        "Of which: Interest expense": -3239,
        "Cost of sales": 11016,
        "Enterprise cost management": 7141,
        "Total Operating Expenses": 25127,
        "Total revenue financing activities": 1382,
        "Net profit from business activities": 6358,
        "Profit": 52,
        "Profit before tax": 6410,
        "Present corporate income tax expenses": 2801,
        "Deferred income taxes expenses": "N/A",
        "The interests of minority shareholders": "N/A",
        "Total Cost of profits": 2801,
        "Profit after tax corporate income": 3609,
        "Volume": 18500000,
        "Close of Quarter": 4.9,
        "EPS": 266.2,
        "Non-adjusted EPS": 625,
        "PE": 7.8,
        "Book Price": 4.5
      }
    },
    {
      "quarter": "Q1 2012",
      "income status": {
        "Net sales": 151864,
        "Cost of goods sold": 132217,
        "Gross Profit": 19647,
        "Financial expenses": 4919,
        "Of which: Interest expense": 4919,
        "Cost of sales": 5166,
        "Enterprise cost management": 6108,
        "Total Operating Expenses": 16193,
        "Total revenue financing activities": 687,
        "Net profit from business activities": 4140,
        "Profit": 258,
        "Profit before tax": 4398,
        "Present corporate income tax expenses": 1105,
        "Deferred income taxes expenses": "N/A",
        "The interests of minority shareholders": "N/A",
        "Total Cost of profits": 1105,
        "Profit after tax corporate income": 3293,
        "Volume": 18500000,
        "Close of Quarter": 3.9,
        "EPS": 215.1,
        "Non-adjusted EPS": 505,
        "PE": 7.8,
        "Book Price": 4.6
      }
    },
    {
      "quarter": "Q4 2011",
      "income status": {
        "Net sales": 147210,
        "Cost of goods sold": 124693,
        "Gross Profit": 22516,
        "Financial expenses": 2540,
        "Of which: Interest expense": -421,
        "Cost of sales": 2007,
        "Enterprise cost management": 12410,
        "Total Operating Expenses": 16957,
        "Total revenue financing activities": 1262,
        "Net profit from business activities": 6821,
        "Profit": 27,
        "Profit before tax": 6848,
        "Present corporate income tax expenses": 4597,
        "Deferred income taxes expenses": "N/A",
        "The interests of minority shareholders": "N/A",
        "Total Cost of profits": 4597,
        "Profit after tax corporate income": 2251,
        "Volume": 18500000,
        "Close of Quarter": 2.4,
        "EPS": 196.8,
        "Non-adjusted EPS": 462,
        "PE": 5.3,
        "Book Price": 4.5
      }
    },
    {
      "quarter": "Q3 2011",
      "income status": {
        "Net sales": 133508,
        "Cost of goods sold": 113773,
        "Gross Profit": 19735,
        "Financial expenses": 2131,
        "Of which: Interest expense": 1229,
        "Cost of sales": 7192,
        "Enterprise cost management": 8131,
        "Total Operating Expenses": 17454,
        "Total revenue financing activities": 906,
        "Net profit from business activities": 3188,
        "Profit": 20,
        "Profit before tax": 3208,
        "Present corporate income tax expenses": 802,
        "Deferred income taxes expenses": "N/A",
        "The interests of minority shareholders": "N/A",
        "Total Cost of profits": 802,
        "Profit after tax corporate income": 2406,
        "Volume": 18500000,
        "Close of Quarter": 3.7,
        "EPS": 164.4,
        "Non-adjusted EPS": 386,
        "PE": 9.7,
        "Book Price": 4.5
      }
    },
    {
      "quarter": "Q2 2011",
      "income status": {
        "Net sales": 186309,
        "Cost of goods sold": 162487,
        "Gross Profit": 23822,
        "Financial expenses": 1234,
        "Of which: Interest expense": 1234,
        "Cost of sales": 10897,
        "Enterprise cost management": 8778,
        "Total Operating Expenses": 20909,
        "Total revenue financing activities": 653,
        "Net profit from business activities": 3566,
        "Profit": 22,
        "Profit before tax": 3588,
        "Present corporate income tax expenses": 2187,
        "Deferred income taxes expenses": "N/A",
        "The interests of minority shareholders": "N/A",
        "Total Cost of profits": 2187,
        "Profit after tax corporate income": 1401,
        "Volume": 18500000,
        "Close of Quarter": 4.3,
        "EPS": 163.5,
        "Non-adjusted EPS": 384,
        "PE": 11.2,
        "Book Price": 4.4
      }
    },
    {
      "quarter": "Q1 2011",
      "income status": {
        "Net sales": 199313,
        "Cost of goods sold": 176983,
        "Gross Profit": 22329,
        "Financial expenses": 911,
        "Of which: Interest expense": 911,
        "Cost of sales": 13069,
        "Enterprise cost management": 5433,
        "Total Operating Expenses": 19413,
        "Total revenue financing activities": 393,
        "Net profit from business activities": 3309,
        "Profit": "N/A",
        "Profit before tax": 3309,
        "Present corporate income tax expenses": 827,
        "Deferred income taxes expenses": "N/A",
        "The interests of minority shareholders": "N/A",
        "Total Cost of profits": 827,
        "Profit after tax corporate income": 2482,
        "Volume": 18500000,
        "Close of Quarter": 5.2,
        "EPS": 183.6,
        "Non-adjusted EPS": 431,
        "PE": 12.1,
        "Book Price": 4.5
      }
    }
  ]
}