{
  "ticker": "SC5",
  "data": [
    {
      "quarter": "Q4 2016",
      "income status": {
        "Net sales": 460008,
        "Cost of goods sold": 432787,
        "Gross Profit": 27221,
        "Financial expenses": 5958,
        "Of which: Interest expense": 4891,
        "Cost of sales": 284,
        "Enterprise cost management": 6113,
        "Total Operating Expenses": 12355,
        "Total revenue financing activities": 1661,
        "Net profit from business activities": 16527,
        "Profit": -415,
        "Profit before tax": 16112,
        "Present corporate income tax expenses": 4731,
        "Deferred income taxes expenses": "N/A",
        "The interests of minority shareholders": "N/A",
        "Total Cost of profits": 4731,
        "Profit after tax corporate income": 11381,
        "Volume": 14984543,
        "Close of Quarter": 27.7,
        "EPS": 2798,
        "Non-adjusted EPS": 2798,
        "PE": 9.9,
        "Book Price": 21.3
      }
    },
    {
      "quarter": "Q3 2016",
      "income status": {
        "Net sales": 170931,
        "Cost of goods sold": 152278,
        "Gross Profit": 18653,
        "Financial expenses": 3662,
        "Of which: Interest expense": 3662,
        "Cost of sales": 276,
        "Enterprise cost management": 4535,
        "Total Operating Expenses": 8473,
        "Total revenue financing activities": 1341,
        "Net profit from business activities": 11521,
        "Profit": "N/A",
        "Profit before tax": 11521,
        "Present corporate income tax expenses": 2170,
        "Deferred income taxes expenses": "N/A",
        "The interests of minority shareholders": "N/A",
        "Total Cost of profits": 2170,
        "Profit after tax corporate income": 9351,
        "Volume": 14984543,
        "Close of Quarter": 26,
        "EPS": 2573,
        "Non-adjusted EPS": 2573,
        "PE": 10.1,
        "Book Price": 20.6
      }
    },
    {
      "quarter": "Q2 2016",
      "income status": {
        "Net sales": 470505,
        "Cost of goods sold": 448600,
        "Gross Profit": 21905,
        "Financial expenses": 2693,
        "Of which: Interest expense": 2693,
        "Cost of sales": 140,
        "Enterprise cost management": 5771,
        "Total Operating Expenses": 8604,
        "Total revenue financing activities": 813,
        "Net profit from business activities": 14114,
        "Profit": "N/A",
        "Profit before tax": 14114,
        "Present corporate income tax expenses": 2547,
        "Deferred income taxes expenses": "N/A",
        "The interests of minority shareholders": "N/A",
        "Total Cost of profits": 2547,
        "Profit after tax corporate income": 11567,
        "Volume": 14984543,
        "Close of Quarter": 25.2,
        "EPS": 2507,
        "Non-adjusted EPS": 2507,
        "PE": 10.1,
        "Book Price": 19.9
      }
    },
    {
      "quarter": "Q1 2016",
      "income status": {
        "Net sales": 369574,
        "Cost of goods sold": 355754,
        "Gross Profit": 13820,
        "Financial expenses": 5815,
        "Of which: Interest expense": 5261,
        "Cost of sales": 358,
        "Enterprise cost management": 5109,
        "Total Operating Expenses": 11282,
        "Total revenue financing activities": 9664,
        "Net profit from business activities": 12202,
        "Profit": -74,
        "Profit before tax": 12128,
        "Present corporate income tax expenses": 2501,
        "Deferred income taxes expenses": "N/A",
        "The interests of minority shareholders": "N/A",
        "Total Cost of profits": 2501,
        "Profit after tax corporate income": 9627,
        "Volume": 14984543,
        "Close of Quarter": 25.2,
        "EPS": 2284,
        "Non-adjusted EPS": 2284,
        "PE": 11.0,
        "Book Price": 21.4
      }
    },
    {
      "quarter": "Q4 2015",
      "income status": {
        "Net sales": 558957,
        "Cost of goods sold": 539742,
        "Gross Profit": 19214,
        "Financial expenses": 6132,
        "Of which: Interest expense": 4388,
        "Cost of sales": 551,
        "Enterprise cost management": 5955,
        "Total Operating Expenses": 12638,
        "Total revenue financing activities": 972,
        "Net profit from business activities": 7547,
        "Profit": 3540,
        "Profit before tax": 11088,
        "Present corporate income tax expenses": 3078,
        "Deferred income taxes expenses": "N/A",
        "The interests of minority shareholders": "N/A",
        "Total Cost of profits": 3078,
        "Profit after tax corporate income": 8009,
        "Volume": 14984543,
        "Close of Quarter": 25.0,
        "EPS": 2387,
        "Non-adjusted EPS": 2387,
        "PE": 10.5,
        "Book Price": 20.8
      }
    },
    {
      "quarter": "Q3 2015",
      "income status": {
        "Net sales": 276286,
        "Cost of goods sold": 258380,
        "Gross Profit": 17905,
        "Financial expenses": 4461,
        "Of which: Interest expense": 4461,
        "Cost of sales": 323,
        "Enterprise cost management": 3976,
        "Total Operating Expenses": 8760,
        "Total revenue financing activities": 1357,
        "Net profit from business activities": 10502,
        "Profit": 105,
        "Profit before tax": 10607,
        "Present corporate income tax expenses": 2238,
        "Deferred income taxes expenses": "N/A",
        "The interests of minority shareholders": "N/A",
        "Total Cost of profits": 2238,
        "Profit after tax corporate income": 8369,
        "Volume": 14984543,
        "Close of Quarter": 24.0,
        "EPS": 2393,
        "Non-adjusted EPS": 2393,
        "PE": 10.0,
        "Book Price": 20.2
      }
    },
    {
      "quarter": "Q2 2015",
      "income status": {
        "Net sales": 370054,
        "Cost of goods sold": 350107,
        "Gross Profit": 19947,
        "Financial expenses": 4993,
        "Of which: Interest expense": 4963,
        "Cost of sales": 650,
        "Enterprise cost management": 4010,
        "Total Operating Expenses": 9653,
        "Total revenue financing activities": 1280,
        "Net profit from business activities": 11574,
        "Profit": -728,
        "Profit before tax": 10846,
        "Present corporate income tax expenses": 2622,
        "Deferred income taxes expenses": "N/A",
        "The interests of minority shareholders": "N/A",
        "Total Cost of profits": 2622,
        "Profit after tax corporate income": 8224,
        "Volume": 14984543,
        "Close of Quarter": 21.3,
        "EPS": 2407,
        "Non-adjusted EPS": 2407,
        "PE": 8.8,
        "Book Price": 19.7
      }
    },
    {
      "quarter": "Q1 2015",
      "income status": {
        "Net sales": 225908,
        "Cost of goods sold": 210027,
        "Gross Profit": 15881,
        "Financial expenses": 7122,
        "Of which: Interest expense": 6203,
        "Cost of sales": 512,
        "Enterprise cost management": 4005,
        "Total Operating Expenses": 11639,
        "Total revenue financing activities": 3438,
        "Net profit from business activities": 7680,
        "Profit": 6638,
        "Profit before tax": 14318,
        "Present corporate income tax expenses": 3150,
        "Deferred income taxes expenses": "N/A",
        "The interests of minority shareholders": "N/A",
        "Total Cost of profits": 3150,
        "Profit after tax corporate income": 11168,
        "Volume": 14984543,
        "Close of Quarter": 17.6,
        "EPS": 2419,
        "Non-adjusted EPS": 2419,
        "PE": 7.3,
        "Book Price": 23
      }
    },
    {
      "quarter": "Q4 2014",
      "income status": {
        "Net sales": 383872,
        "Cost of goods sold": 368650,
        "Gross Profit": 15222,
        "Financial expenses": 5365,
        "Of which: Interest expense": 5365,
        "Cost of sales": 2010,
        "Enterprise cost management": 8172,
        "Total Operating Expenses": 15547,
        "Total revenue financing activities": 10505,
        "Net profit from business activities": 10181,
        "Profit": 1041,
        "Profit before tax": 11222,
        "Present corporate income tax expenses": 3121,
        "Deferred income taxes expenses": "N/A",
        "The interests of minority shareholders": "N/A",
        "Total Cost of profits": 3121,
        "Profit after tax corporate income": 8100,
        "Volume": 14984543,
        "Close of Quarter": 21.4,
        "EPS": 2226,
        "Non-adjusted EPS": 2226,
        "PE": 9.6,
        "Book Price": 22.3
      }
    },
    {
      "quarter": "Q3 2014",
      "income status": {
        "Net sales": 341048,
        "Cost of goods sold": 317043,
        "Gross Profit": 24005,
        "Financial expenses": 10001,
        "Of which: Interest expense": 10001,
        "Cost of sales": 742,
        "Enterprise cost management": 4326,
        "Total Operating Expenses": 15069,
        "Total revenue financing activities": 2039,
        "Net profit from business activities": 10975,
        "Profit": "N/A",
        "Profit before tax": 10975,
        "Present corporate income tax expenses": 2392,
        "Deferred income taxes expenses": "N/A",
        "The interests of minority shareholders": "N/A",
        "Total Cost of profits": 2392,
        "Profit after tax corporate income": 8582,
        "Volume": 14984543,
        "Close of Quarter": 21.6,
        "EPS": 1768,
        "Non-adjusted EPS": 1768,
        "PE": 12.2,
        "Book Price": 21.7
      }
    },
    {
      "quarter": "Q2 2014",
      "income status": {
        "Net sales": 378722,
        "Cost of goods sold": 353200,
        "Gross Profit": 25522,
        "Financial expenses": 8021,
        "Of which: Interest expense": 8021,
        "Cost of sales": 971,
        "Enterprise cost management": 6209,
        "Total Operating Expenses": 15201,
        "Total revenue financing activities": 448,
        "Net profit from business activities": 10770,
        "Profit": -4,
        "Profit before tax": 10766,
        "Present corporate income tax expenses": 2369,
        "Deferred income taxes expenses": "N/A",
        "The interests of minority shareholders": "N/A",
        "Total Cost of profits": 2369,
        "Profit after tax corporate income": 8397,
        "Volume": 14984543,
        "Close of Quarter": 20.8,
        "EPS": 4339,
        "Non-adjusted EPS": 4339,
        "PE": 4.8,
        "Book Price": 23.3
      }
    },
    {
      "quarter": "Q1 2014",
      "income status": {
        "Net sales": 288346,
        "Cost of goods sold": 265592,
        "Gross Profit": 22754,
        "Financial expenses": 7904,
        "Of which: Interest expense": 7904,
        "Cost of sales": 1367,
        "Enterprise cost management": 3070,
        "Total Operating Expenses": 12341,
        "Total revenue financing activities": 1606,
        "Net profit from business activities": 12018,
        "Profit": -1128,
        "Profit before tax": 10891,
        "Present corporate income tax expenses": 2617,
        "Deferred income taxes expenses": "N/A",
        "The interests of minority shareholders": "N/A",
        "Total Cost of profits": 2617,
        "Profit after tax corporate income": 8274,
        "Volume": 14984543,
        "Close of Quarter": 20.4,
        "EPS": 3925,
        "Non-adjusted EPS": 3925,
        "PE": 5.2,
        "Book Price": 22.8
      }
    },
    {
      "quarter": "Q4 2013",
      "income status": {
        "Net sales": 359255,
        "Cost of goods sold": 340259,
        "Gross Profit": 18996,
        "Financial expenses": 11650,
        "Of which: Interest expense": 11048,
        "Cost of sales": 1118,
        "Enterprise cost management": 4636,
        "Total Operating Expenses": 17404,
        "Total revenue financing activities": 500,
        "Net profit from business activities": 2093,
        "Profit": 328,
        "Profit before tax": 2421,
        "Present corporate income tax expenses": 1177,
        "Deferred income taxes expenses": "N/A",
        "The interests of minority shareholders": "N/A",
        "Total Cost of profits": 1177,
        "Profit after tax corporate income": 1244,
        "Volume": 14984543,
        "Close of Quarter": 18.1,
        "EPS": 3585,
        "Non-adjusted EPS": 3585,
        "PE": 5.0,
        "Book Price": 22.2
      }
    },
    {
      "quarter": "Q3 2013",
      "income status": {
        "Net sales": 264148,
        "Cost of goods sold": 292470,
        "Gross Profit": -28321,
        "Financial expenses": 12391,
        "Of which: Interest expense": 12284,
        "Cost of sales": 265,
        "Enterprise cost management": 1949,
        "Total Operating Expenses": 14605,
        "Total revenue financing activities": 3700,
        "Net profit from business activities": -39227,
        "Profit": 101971,
        "Profit before tax": 62745,
        "Present corporate income tax expenses": 15642,
        "Deferred income taxes expenses": "N/A",
        "The interests of minority shareholders": "N/A",
        "Total Cost of profits": 15642,
        "Profit after tax corporate income": 47102,
        "Volume": 14984543,
        "Close of Quarter": 16.0,
        "EPS": 3611,
        "Non-adjusted EPS": 3611,
        "PE": 4.4,
        "Book Price": 22.1
      }
    },
    {
      "quarter": "Q2 2013",
      "income status": {
        "Net sales": 334348,
        "Cost of goods sold": 311817,
        "Gross Profit": 22531,
        "Financial expenses": 15347,
        "Of which: Interest expense": 15347,
        "Cost of sales": 3152,
        "Enterprise cost management": 1665,
        "Total Operating Expenses": 20164,
        "Total revenue financing activities": 355,
        "Net profit from business activities": 2722,
        "Profit": 178,
        "Profit before tax": 2900,
        "Present corporate income tax expenses": 700,
        "Deferred income taxes expenses": "N/A",
        "The interests of minority shareholders": "N/A",
        "Total Cost of profits": 700,
        "Profit after tax corporate income": 2200,
        "Volume": 14984543,
        "Close of Quarter": 13.1,
        "EPS": 645,
        "Non-adjusted EPS": 645,
        "PE": 20.3,
        "Book Price": 21.7
      }
    },
    {
      "quarter": "Q1 2013",
      "income status": {
        "Net sales": 277253,
        "Cost of goods sold": 259474,
        "Gross Profit": 17779,
        "Financial expenses": 11389,
        "Of which: Interest expense": 11380,
        "Cost of sales": 590,
        "Enterprise cost management": 2346,
        "Total Operating Expenses": 14325,
        "Total revenue financing activities": 669,
        "Net profit from business activities": 4124,
        "Profit": -11,
        "Profit before tax": 4112,
        "Present corporate income tax expenses": 937,
        "Deferred income taxes expenses": "N/A",
        "The interests of minority shareholders": "N/A",
        "Total Cost of profits": 937,
        "Profit after tax corporate income": 3175,
        "Volume": 14984543,
        "Close of Quarter": 10.8,
        "EPS": 680,
        "Non-adjusted EPS": 680,
        "PE": 15.9,
        "Book Price": 21.5
      }
    },
    {
      "quarter": "Q4 2012",
      "income status": {
        "Net sales": 455831,
        "Cost of goods sold": 436626,
        "Gross Profit": 19204,
        "Financial expenses": 9381,
        "Of which: Interest expense": 9243,
        "Cost of sales": 1698,
        "Enterprise cost management": 123,
        "Total Operating Expenses": 11202,
        "Total revenue financing activities": 533,
        "Net profit from business activities": 8535,
        "Profit": -5172,
        "Profit before tax": 3363,
        "Present corporate income tax expenses": 1734,
        "Deferred income taxes expenses": "N/A",
        "The interests of minority shareholders": "N/A",
        "Total Cost of profits": 1734,
        "Profit after tax corporate income": 1629,
        "Volume": 13622357,
        "Close of Quarter": 10.9,
        "EPS": 582.7,
        "Non-adjusted EPS": 641,
        "PE": 17.0,
        "Book Price": 21.3
      }
    },
    {
      "quarter": "Q3 2012",
      "income status": {
        "Net sales": 316095,
        "Cost of goods sold": 308044,
        "Gross Profit": 8050,
        "Financial expenses": 1626,
        "Of which: Interest expense": 1626,
        "Cost of sales": 752,
        "Enterprise cost management": 3688,
        "Total Operating Expenses": 6066,
        "Total revenue financing activities": 602,
        "Net profit from business activities": 2586,
        "Profit": 881,
        "Profit before tax": 3467,
        "Present corporate income tax expenses": 801,
        "Deferred income taxes expenses": "N/A",
        "The interests of minority shareholders": "N/A",
        "Total Cost of profits": 801,
        "Profit after tax corporate income": 2666,
        "Volume": 13622357,
        "Close of Quarter": 11.2,
        "EPS": 593.6,
        "Non-adjusted EPS": 653,
        "PE": 17.2,
        "Book Price": 21.3
      }
    },
    {
      "quarter": "Q2 2012",
      "income status": {
        "Net sales": 259489,
        "Cost of goods sold": 252504,
        "Gross Profit": 6985,
        "Financial expenses": 1491,
        "Of which: Interest expense": 1491,
        "Cost of sales": 284,
        "Enterprise cost management": 815,
        "Total Operating Expenses": 2590,
        "Total revenue financing activities": 618,
        "Net profit from business activities": 5014,
        "Profit": -1453,
        "Profit before tax": 3561,
        "Present corporate income tax expenses": 844,
        "Deferred income taxes expenses": "N/A",
        "The interests of minority shareholders": "N/A",
        "Total Cost of profits": 844,
        "Profit after tax corporate income": 2716,
        "Volume": 13622357,
        "Close of Quarter": 11.8,
        "EPS": 520.9,
        "Non-adjusted EPS": 573,
        "PE": 20.6,
        "Book Price": 21.1
      }
    },
    {
      "quarter": "Q1 2012",
      "income status": {
        "Net sales": 319677,
        "Cost of goods sold": 315357,
        "Gross Profit": 4320,
        "Financial expenses": 1711,
        "Of which: Interest expense": 1711,
        "Cost of sales": 275,
        "Enterprise cost management": 1067,
        "Total Operating Expenses": 3053,
        "Total revenue financing activities": 835,
        "Net profit from business activities": 2102,
        "Profit": 184,
        "Profit before tax": 2286,
        "Present corporate income tax expenses": 572,
        "Deferred income taxes expenses": "N/A",
        "The interests of minority shareholders": "N/A",
        "Total Cost of profits": 572,
        "Profit after tax corporate income": 1715,
        "Volume": 13622357,
        "Close of Quarter": 11.4,
        "EPS": 867.3,
        "Non-adjusted EPS": 954,
        "PE": 12.0,
        "Book Price": 20.9
      }
    },
    {
      "quarter": "Q4 2011",
      "income status": {
        "Net sales": 332491,
        "Cost of goods sold": 321451,
        "Gross Profit": 11040,
        "Financial expenses": 8932,
        "Of which: Interest expense": 1670,
        "Cost of sales": 306,
        "Enterprise cost management": 1398,
        "Total Operating Expenses": 10636,
        "Total revenue financing activities": 1185,
        "Net profit from business activities": 1588,
        "Profit": -88,
        "Profit before tax": 1501,
        "Present corporate income tax expenses": -298,
        "Deferred income taxes expenses": "N/A",
        "The interests of minority shareholders": "N/A",
        "Total Cost of profits": -298,
        "Profit after tax corporate income": 1799,
        "Volume": 13622357,
        "Close of Quarter": 5.8,
        "EPS": 1144.6,
        "Non-adjusted EPS": 1259,
        "PE": 4.6,
        "Book Price": 20.8
      }
    },
    {
      "quarter": "Q3 2011",
      "income status": {
        "Net sales": 178278,
        "Cost of goods sold": 175771,
        "Gross Profit": 2508,
        "Financial expenses": 2022,
        "Of which: Interest expense": 1684,
        "Cost of sales": 202,
        "Enterprise cost management": 612,
        "Total Operating Expenses": 2836,
        "Total revenue financing activities": 2375,
        "Net profit from business activities": 2048,
        "Profit": "N/A",
        "Profit before tax": 23071,
        "Present corporate income tax expenses": 469,
        "Deferred income taxes expenses": "N/A",
        "The interests of minority shareholders": "N/A",
        "Total Cost of profits": 469,
        "Profit after tax corporate income": 1578,
        "Volume": 11351992,
        "Close of Quarter": 10.3,
        "EPS": 1535.6,
        "Non-adjusted EPS": 2027,
        "PE": 5.1,
        "Book Price": 21.8
      }
    },
    {
      "quarter": "Q2 2011",
      "income status": {
        "Net sales": 303090,
        "Cost of goods sold": 289493,
        "Gross Profit": 13597,
        "Financial expenses": 1826,
        "Of which: Interest expense": 1820,
        "Cost of sales": 478,
        "Enterprise cost management": 1466,
        "Total Operating Expenses": 3770,
        "Total revenue financing activities": 1046,
        "Net profit from business activities": 10873,
        "Profit": -116,
        "Profit before tax": 10757,
        "Present corporate income tax expenses": 2851,
        "Deferred income taxes expenses": "N/A",
        "The interests of minority shareholders": "N/A",
        "Total Cost of profits": 2851,
        "Profit after tax corporate income": 7905,
        "Volume": 11351992,
        "Close of Quarter": 11.6,
        "EPS": 1947.0,
        "Non-adjusted EPS": 2570,
        "PE": 4.5,
        "Book Price": 20.6
      }
    },
    {
      "quarter": "Q1 2011",
      "income status": {
        "Net sales": 298040,
        "Cost of goods sold": 287338,
        "Gross Profit": 10702,
        "Financial expenses": 2773,
        "Of which: Interest expense": -1746,
        "Cost of sales": 1265,
        "Enterprise cost management": 1281,
        "Total Operating Expenses": 5319,
        "Total revenue financing activities": 2920,
        "Net profit from business activities": 8303,
        "Profit": -98,
        "Profit before tax": 8205,
        "Present corporate income tax expenses": 2331,
        "Deferred income taxes expenses": "N/A",
        "The interests of minority shareholders": "N/A",
        "Total Cost of profits": 2331,
        "Profit after tax corporate income": 5874,
        "Volume": 11351992,
        "Close of Quarter": 15.6,
        "EPS": 2302.3,
        "Non-adjusted EPS": 3039,
        "PE": 5.1,
        "Book Price": 20.1
      }
    }
  ]
}