{
  "ticker": "VLF",
  "data": [
    {
      "quarter": "Q2 2016",
      "income status": {
        "Net sales": 1357,
        "Cost of goods sold": 1477,
        "Gross Profit": -119,
        "Financial expenses": 3901,
        "Of which: Interest expense": 4386,
        "Cost of sales": 417,
        "Enterprise cost management": 4865,
        "Total Operating Expenses": 9183,
        "Total revenue financing activities": 159,
        "Net profit from business activities": -5638,
        "Profit": -36,
        "Profit before tax": -5674,
        "Present corporate income tax expenses": "N/A",
        "Deferred income taxes expenses": 50,
        "The interests of minority shareholders": "N/A",
        "Total Cost of profits": 50,
        "Profit after tax corporate income": -5724,
        "Volume": 11959982,
        "Close of Quarter": 1.1,
        "EPS": -1459,
        "Non-adjusted EPS": -1459,
        "PE": -0.8,
        "Book Price": -1.1
      }
    },
    {
      "quarter": "Q1 2016",
      "income status": {
        "Net sales": 9157,
        "Cost of goods sold": 9132,
        "Gross Profit": 25,
        "Financial expenses": 6738,
        "Of which: Interest expense": 4507,
        "Cost of sales": 192,
        "Enterprise cost management": 2395,
        "Total Operating Expenses": 9325,
        "Total revenue financing activities": 498,
        "Net profit from business activities": -8802,
        "Profit": -33,
        "Profit before tax": -8835,
        "Present corporate income tax expenses": "N/A",
        "Deferred income taxes expenses": 558,
        "The interests of minority shareholders": "N/A",
        "Total Cost of profits": 558,
        "Profit after tax corporate income": -9393,
        "Volume": 11959982,
        "Close of Quarter": 1.6,
        "EPS": -6100,
        "Non-adjusted EPS": -6100,
        "PE": -0.3,
        "Book Price": -0.7
      }
    },
    {
      "quarter": "Q4 2015",
      "income status": {
        "Net sales": 32068,
        "Cost of goods sold": 34011,
        "Gross Profit": -1943,
        "Financial expenses": 6446,
        "Of which: Interest expense": 6370,
        "Cost of sales": 737,
        "Enterprise cost management": 4396,
        "Total Operating Expenses": 11579,
        "Total revenue financing activities": 61,
        "Net profit from business activities": -11624,
        "Profit": 22536,
        "Profit before tax": 10912,
        "Present corporate income tax expenses": "N/A",
        "Deferred income taxes expenses": 72,
        "The interests of minority shareholders": "N/A",
        "Total Cost of profits": 72,
        "Profit after tax corporate income": 11876,
        "Volume": 11959982,
        "Close of Quarter": 1.6,
        "EPS": -6195,
        "Non-adjusted EPS": -6195,
        "PE": -0.3,
        "Book Price": 0.1
      }
    },
    {
      "quarter": "Q3 2015",
      "income status": {
        "Net sales": 48363,
        "Cost of goods sold": 46078,
        "Gross Profit": 2285,
        "Financial expenses": 6168,
        "Of which: Interest expense": 5039,
        "Cost of sales": 2151,
        "Enterprise cost management": 15911,
        "Total Operating Expenses": 24230,
        "Total revenue financing activities": 370,
        "Net profit from business activities": -18321,
        "Profit": 5223,
        "Profit before tax": -13098,
        "Present corporate income tax expenses": 1036,
        "Deferred income taxes expenses": 69,
        "The interests of minority shareholders": "N/A",
        "Total Cost of profits": 1105,
        "Profit after tax corporate income": -14203,
        "Volume": 11959982,
        "Close of Quarter": 1.2,
        "EPS": -10410,
        "Non-adjusted EPS": -10410,
        "PE": -0.1,
        "Book Price": -0.9
      }
    },
    {
      "quarter": "Q2 2015",
      "income status": {
        "Net sales": 70336,
        "Cost of goods sold": 67632,
        "Gross Profit": 2703,
        "Financial expenses": 7654,
        "Of which: Interest expense": 7056,
        "Cost of sales": 4021,
        "Enterprise cost management": 25317,
        "Total Operating Expenses": 36992,
        "Total revenue financing activities": 581,
        "Net profit from business activities": -33707,
        "Profit": -27520,
        "Profit before tax": -61227,
        "Present corporate income tax expenses": "N/A",
        "Deferred income taxes expenses": 3,
        "The interests of minority shareholders": "N/A",
        "Total Cost of profits": 3,
        "Profit after tax corporate income": -61230,
        "Volume": 11959982,
        "Close of Quarter": 4.9,
        "EPS": -10207,
        "Non-adjusted EPS": -10207,
        "PE": -0.5,
        "Book Price": 0.3
      }
    },
    {
      "quarter": "Q1 2015",
      "income status": {
        "Net sales": 58383,
        "Cost of goods sold": 54877,
        "Gross Profit": 3505,
        "Financial expenses": 6123,
        "Of which: Interest expense": 5569,
        "Cost of sales": 4511,
        "Enterprise cost management": 5163,
        "Total Operating Expenses": 15797,
        "Total revenue financing activities": 700,
        "Net profit from business activities": -11591,
        "Profit": 1084,
        "Profit before tax": -10507,
        "Present corporate income tax expenses": "N/A",
        "Deferred income taxes expenses": 24,
        "The interests of minority shareholders": "N/A",
        "Total Cost of profits": 24,
        "Profit after tax corporate income": -10531,
        "Volume": 11959982,
        "Close of Quarter": 5,
        "EPS": -5174,
        "Non-adjusted EPS": -5174,
        "PE": -1.0,
        "Book Price": 5.4
      }
    },
    {
      "quarter": "Q4 2014",
      "income status": {
        "Net sales": 29975,
        "Cost of goods sold": 36190,
        "Gross Profit": -6215,
        "Financial expenses": 9296,
        "Of which: Interest expense": 6630,
        "Cost of sales": 837,
        "Enterprise cost management": 40323,
        "Total Operating Expenses": 50456,
        "Total revenue financing activities": 591,
        "Net profit from business activities": -51064,
        "Profit": 2445,
        "Profit before tax": -48619,
        "Present corporate income tax expenses": 545,
        "Deferred income taxes expenses": -10626,
        "The interests of minority shareholders": "N/A",
        "Total Cost of profits": -10081,
        "Profit after tax corporate income": -38538,
        "Volume": 11959982,
        "Close of Quarter": 6,
        "EPS": -3937,
        "Non-adjusted EPS": -3937,
        "PE": -1.5,
        "Book Price": 7.7
      }
    },
    {
      "quarter": "Q3 2014",
      "income status": {
        "Net sales": 137591,
        "Cost of goods sold": 141932,
        "Gross Profit": -4342,
        "Financial expenses": 10978,
        "Of which: Interest expense": 9015,
        "Cost of sales": 5571,
        "Enterprise cost management": 7922,
        "Total Operating Expenses": 24471,
        "Total revenue financing activities": 10417,
        "Net profit from business activities": -18396,
        "Profit": 3157,
        "Profit before tax": -15239,
        "Present corporate income tax expenses": 477,
        "Deferred income taxes expenses": -3940,
        "The interests of minority shareholders": "N/A",
        "Total Cost of profits": -3463,
        "Profit after tax corporate income": -11776,
        "Volume": 11959982,
        "Close of Quarter": 5.2,
        "EPS": -156,
        "Non-adjusted EPS": -156,
        "PE": -33.3,
        "Book Price": 11.2
      }
    },
    {
      "quarter": "Q2 2014",
      "income status": {
        "Net sales": 403938,
        "Cost of goods sold": 386973,
        "Gross Profit": 16965,
        "Financial expenses": 17150,
        "Of which: Interest expense": 10404,
        "Cost of sales": 11482,
        "Enterprise cost management": 6214,
        "Total Operating Expenses": 34846,
        "Total revenue financing activities": 16886,
        "Net profit from business activities": -996,
        "Profit": -276,
        "Profit before tax": -1272,
        "Present corporate income tax expenses": "N/A",
        "Deferred income taxes expenses": -238,
        "The interests of minority shareholders": "N/A",
        "Total Cost of profits": -238,
        "Profit after tax corporate income": -1034,
        "Volume": 11959982,
        "Close of Quarter": 6,
        "EPS": 979,
        "Non-adjusted EPS": 979,
        "PE": 6.1,
        "Book Price": 12.2
      }
    },
    {
      "quarter": "Q1 2014",
      "income status": {
        "Net sales": 231041,
        "Cost of goods sold": 221234,
        "Gross Profit": 9807,
        "Financial expenses": 6056,
        "Of which: Interest expense": 6333,
        "Cost of sales": 8001,
        "Enterprise cost management": 11091,
        "Total Operating Expenses": 25148,
        "Total revenue financing activities": 5225,
        "Net profit from business activities": -10116,
        "Profit": 15656,
        "Profit before tax": 5540,
        "Present corporate income tax expenses": 2760,
        "Deferred income taxes expenses": -1487,
        "The interests of minority shareholders": "N/A",
        "Total Cost of profits": 1273,
        "Profit after tax corporate income": 4267,
        "Volume": 11959982,
        "Close of Quarter": 7.2,
        "EPS": -581,
        "Non-adjusted EPS": -581,
        "PE": -12.4,
        "Book Price": 12.3
      }
    },
    {
      "quarter": "Q4 2013",
      "income status": {
        "Net sales": 338801,
        "Cost of goods sold": 317773,
        "Gross Profit": 21027,
        "Financial expenses": 11886,
        "Of which: Interest expense": 10693,
        "Cost of sales": 7906,
        "Enterprise cost management": 18164,
        "Total Operating Expenses": 37956,
        "Total revenue financing activities": 12751,
        "Net profit from business activities": -4178,
        "Profit": 3749,
        "Profit before tax": 346,
        "Present corporate income tax expenses": "N/A",
        "Deferred income taxes expenses": -6329,
        "The interests of minority shareholders": "N/A",
        "Total Cost of profits": -6329,
        "Profit after tax corporate income": 6674,
        "Volume": 11959982,
        "Close of Quarter": 5.2,
        "EPS": -1582,
        "Non-adjusted EPS": -1582,
        "PE": -3.3,
        "Book Price": 12
      }
    },
    {
      "quarter": "Q3 2013",
      "income status": {
        "Net sales": 471421,
        "Cost of goods sold": 445089,
        "Gross Profit": 26332,
        "Financial expenses": 13798,
        "Of which: Interest expense": 10752,
        "Cost of sales": 12222,
        "Enterprise cost management": 6695,
        "Total Operating Expenses": 32715,
        "Total revenue financing activities": 5996,
        "Net profit from business activities": -387,
        "Profit": 1418,
        "Profit before tax": 2167,
        "Present corporate income tax expenses": "N/A",
        "Deferred income taxes expenses": 166,
        "The interests of minority shareholders": 199,
        "Total Cost of profits": 365,
        "Profit after tax corporate income": 1802,
        "Volume": 11959982,
        "Close of Quarter": 4.2,
        "EPS": -2390,
        "Non-adjusted EPS": -2390,
        "PE": -1.8,
        "Book Price": 11.4
      }
    },
    {
      "quarter": "Q2 2013",
      "income status": {
        "Net sales": 379919,
        "Cost of goods sold": 371802,
        "Gross Profit": 8117,
        "Financial expenses": 20839,
        "Of which: Interest expense": 12834,
        "Cost of sales": 8749,
        "Enterprise cost management": 8010,
        "Total Operating Expenses": 37598,
        "Total revenue financing activities": 6512,
        "Net profit from business activities": -22969,
        "Profit": 132,
        "Profit before tax": -20006,
        "Present corporate income tax expenses": "N/A",
        "Deferred income taxes expenses": -291,
        "The interests of minority shareholders": -21,
        "Total Cost of profits": -312,
        "Profit after tax corporate income": -19695,
        "Volume": 11959982,
        "Close of Quarter": 8.0,
        "EPS": -2427,
        "Non-adjusted EPS": -2427,
        "PE": -3.3,
        "Book Price": 11.3
      }
    },
    {
      "quarter": "Q1 2013",
      "income status": {
        "Net sales": 460938,
        "Cost of goods sold": 440213,
        "Gross Profit": 20725,
        "Financial expenses": 13743,
        "Of which: Interest expense": 10442,
        "Cost of sales": 14443,
        "Enterprise cost management": 12092,
        "Total Operating Expenses": 40278,
        "Total revenue financing activities": 8437,
        "Net profit from business activities": -11116,
        "Profit": 3377,
        "Profit before tax": -7740,
        "Present corporate income tax expenses": "N/A",
        "Deferred income taxes expenses": "N/A",
        "The interests of minority shareholders": -43,
        "Total Cost of profits": -43,
        "Profit after tax corporate income": -7697,
        "Volume": 11959982,
        "Close of Quarter": 10.3,
        "EPS": -494,
        "Non-adjusted EPS": -494,
        "PE": -20.8,
        "Book Price": 13.8
      }
    },
    {
      "quarter": "Q4 2012",
      "income status": {
        "Net sales": 433742,
        "Cost of goods sold": 426573,
        "Gross Profit": 7169,
        "Financial expenses": 4529,
        "Of which: Interest expense": 9749,
        "Cost of sales": 6415,
        "Enterprise cost management": 8898,
        "Total Operating Expenses": 19842,
        "Total revenue financing activities": 8740,
        "Net profit from business activities": -3934,
        "Profit": 213,
        "Profit before tax": -3929,
        "Present corporate income tax expenses": -886,
        "Deferred income taxes expenses": -14,
        "The interests of minority shareholders": -37,
        "Total Cost of profits": -937,
        "Profit after tax corporate income": -2993,
        "Volume": 11959982,
        "Close of Quarter": 9.1,
        "EPS": 463,
        "Non-adjusted EPS": 463,
        "PE": 19.7,
        "Book Price": 14.3
      }
    },
    {
      "quarter": "Q3 2012",
      "income status": {
        "Net sales": 599438,
        "Cost of goods sold": 568757,
        "Gross Profit": 30682,
        "Financial expenses": 17957,
        "Of which: Interest expense": 13048,
        "Cost of sales": 13907,
        "Enterprise cost management": 9799,
        "Total Operating Expenses": 41663,
        "Total revenue financing activities": 12798,
        "Net profit from business activities": 1817,
        "Profit": 5,
        "Profit before tax": 1802,
        "Present corporate income tax expenses": 487,
        "Deferred income taxes expenses": "N/A",
        "The interests of minority shareholders": -42,
        "Total Cost of profits": 445,
        "Profit after tax corporate income": 1357,
        "Volume": 10400000,
        "Close of Quarter": 9.6,
        "EPS": 1719.1,
        "Non-adjusted EPS": 1977,
        "PE": 4.8,
        "Book Price": 14.5
      }
    },
    {
      "quarter": "Q2 2012",
      "income status": {
        "Net sales": 446548,
        "Cost of goods sold": 428432,
        "Gross Profit": 18116,
        "Financial expenses": 16624,
        "Of which: Interest expense": 14283,
        "Cost of sales": 11183,
        "Enterprise cost management": 9198,
        "Total Operating Expenses": 37005,
        "Total revenue financing activities": 20226,
        "Net profit from business activities": 1338,
        "Profit": 682,
        "Profit before tax": 3849,
        "Present corporate income tax expenses": 476,
        "Deferred income taxes expenses": "N/A",
        "The interests of minority shareholders": -56,
        "Total Cost of profits": 420,
        "Profit after tax corporate income": 3429,
        "Volume": 10400000,
        "Close of Quarter": 11.4,
        "EPS": 3060,
        "Non-adjusted EPS": 3519,
        "PE": 3.2,
        "Book Price": 14.4
      }
    },
    {
      "quarter": "Q1 2012",
      "income status": {
        "Net sales": 169288,
        "Cost of goods sold": 155595,
        "Gross Profit": 13693,
        "Financial expenses": 8381,
        "Of which: Interest expense": 7060,
        "Cost of sales": 4626,
        "Enterprise cost management": 8802,
        "Total Operating Expenses": 21809,
        "Total revenue financing activities": 13337,
        "Net profit from business activities": 5221,
        "Profit": -152,
        "Profit before tax": 5069,
        "Present corporate income tax expenses": 1327,
        "Deferred income taxes expenses": "N/A",
        "The interests of minority shareholders": "N/A",
        "Total Cost of profits": 1327,
        "Profit after tax corporate income": 3743,
        "Volume": 10400000,
        "Close of Quarter": 10.2,
        "EPS": 3026.1,
        "Non-adjusted EPS": 3480,
        "PE": 2.9,
        "Book Price": 15.0
      }
    },
    {
      "quarter": "Q4 2011",
      "income status": {
        "Net sales": 397810,
        "Cost of goods sold": 365107,
        "Gross Profit": 32703,
        "Financial expenses": 13549,
        "Of which: Interest expense": 8646,
        "Cost of sales": 6151,
        "Enterprise cost management": 12706,
        "Total Operating Expenses": 32406,
        "Total revenue financing activities": 12133,
        "Net profit from business activities": 12430,
        "Profit": 2685,
        "Profit before tax": 45117,
        "Present corporate income tax expenses": 3085,
        "Deferred income taxes expenses": "N/A",
        "The interests of minority shareholders": "N/A",
        "Total Cost of profits": 3085,
        "Profit after tax corporate income": 12031,
        "Volume": 10400000,
        "Close of Quarter": 9.6,
        "EPS": 2893.1,
        "Non-adjusted EPS": 3327,
        "PE": 2.9,
        "Book Price": 14.6
      }
    },
    {
      "quarter": "Q3 2011",
      "income status": {
        "Net sales": 586351,
        "Cost of goods sold": 543544,
        "Gross Profit": 42807,
        "Financial expenses": 19065,
        "Of which: Interest expense": 14066,
        "Cost of sales": 10448,
        "Enterprise cost management": 9565,
        "Total Operating Expenses": 39078,
        "Total revenue financing activities": 17391,
        "Net profit from business activities": 21120,
        "Profit": 1835,
        "Profit before tax": 22954,
        "Present corporate income tax expenses": 5562,
        "Deferred income taxes expenses": "N/A",
        "The interests of minority shareholders": "N/A",
        "Total Cost of profits": 5562,
        "Profit after tax corporate income": 17392,
        "Volume": 10400000,
        "Close of Quarter": 8.5,
        "EPS": 1250.4,
        "Non-adjusted EPS": 1438,
        "PE": 5.9,
        "Book Price": 13.6
      }
    },
    {
      "quarter": "Q2 2011",
      "income status": {
        "Net sales": 444922,
        "Cost of goods sold": 417717,
        "Gross Profit": 27205,
        "Financial expenses": 24434,
        "Of which: Interest expense": 19015,
        "Cost of sales": 13362,
        "Enterprise cost management": 9097,
        "Total Operating Expenses": 46893,
        "Total revenue financing activities": 23794,
        "Net profit from business activities": 4105,
        "Profit": -177,
        "Profit before tax": 3929,
        "Present corporate income tax expenses": 902,
        "Deferred income taxes expenses": "N/A",
        "The interests of minority shareholders": "N/A",
        "Total Cost of profits": 902,
        "Profit after tax corporate income": 3027,
        "Volume": 10400000,
        "Close of Quarter": 10.3,
        "EPS": 453.9,
        "Non-adjusted EPS": 522,
        "PE": 19.7,
        "Book Price": 12.2
      }
    },
    {
      "quarter": "Q1 2011",
      "income status": {
        "Net sales": 498825,
        "Cost of goods sold": 486686,
        "Gross Profit": 12139,
        "Financial expenses": 18131,
        "Of which: Interest expense": 9040,
        "Cost of sales": 4991,
        "Enterprise cost management": 5104,
        "Total Operating Expenses": 28226,
        "Total revenue financing activities": 19855,
        "Net profit from business activities": 3768,
        "Profit": -655,
        "Profit before tax": 3113,
        "Present corporate income tax expenses": 963,
        "Deferred income taxes expenses": "N/A",
        "The interests of minority shareholders": "N/A",
        "Total Cost of profits": 963,
        "Profit after tax corporate income": 2150,
        "Volume": 10400000,
        "Close of Quarter": 14.1,
        "EPS": 2282.6,
        "Non-adjusted EPS": 2625,
        "PE": 5.4,
        "Book Price": 11.9
      }
    }
  ]
}