{
  "ticker": "HAG",
  "data": [
    {
      "quarter": "Q4 2016",
      "income status": {
        "Net sales": 1543110,
        "Cost of goods sold": 1307210,
        "Gross Profit": 235900,
        "Financial expenses": 397015,
        "Of which: Interest expense": 382067,
        "Cost of sales": 37024,
        "Enterprise cost management": 15814,
        "Total Operating Expenses": 449853,
        "Total revenue financing activities": 176615,
        "Net profit from business activities": -22467,
        "Profit": -184547,
        "Profit before tax": -207013,
        "Present corporate income tax expenses": -18339,
        "Deferred income taxes expenses": -42257,
        "The interests of minority shareholders": -124019,
        "Total Cost of profits": -184615,
        "Profit after tax corporate income": -22399,
        "Volume": 789967947,
        "Close of Quarter": 5.4,
        "EPS": -1163,
        "Non-adjusted EPS": -1163,
        "PE": -4.6,
        "Book Price": 21.4
      }
    },
    {
      "quarter": "Q3 2016",
      "income status": {
        "Net sales": 1253720,
        "Cost of goods sold": 1068083,
        "Gross Profit": 185638,
        "Financial expenses": 405159,
        "Of which: Interest expense": 377543,
        "Cost of sales": 35713,
        "Enterprise cost management": 91989,
        "Total Operating Expenses": 532861,
        "Total revenue financing activities": 240299,
        "Net profit from business activities": -110596,
        "Profit": 41094,
        "Profit before tax": -69502,
        "Present corporate income tax expenses": 9011,
        "Deferred income taxes expenses": -1495,
        "The interests of minority shareholders": -43091,
        "Total Cost of profits": -35575,
        "Profit after tax corporate income": -33928,
        "Volume": 789967947,
        "Close of Quarter": 5.3,
        "EPS": -1851,
        "Non-adjusted EPS": -1851,
        "PE": -2.8,
        "Book Price": 22
      }
    },
    {
      "quarter": "Q2 2016",
      "income status": {
        "Net sales": 1685450,
        "Cost of goods sold": 1402305,
        "Gross Profit": 283145,
        "Financial expenses": 584262,
        "Of which: Interest expense": 515211,
        "Cost of sales": 64325,
        "Enterprise cost management": 289944,
        "Total Operating Expenses": 938531,
        "Total revenue financing activities": 353857,
        "Net profit from business activities": -312270,
        "Profit": -893322,
        "Profit before tax": -1205592,
        "Present corporate income tax expenses": 5098,
        "Deferred income taxes expenses": 71454,
        "The interests of minority shareholders": -350697,
        "Total Cost of profits": -274145,
        "Profit after tax corporate income": -931447,
        "Volume": 789967947,
        "Close of Quarter": 7.3,
        "EPS": -1330,
        "Non-adjusted EPS": -1330,
        "PE": -5.5,
        "Book Price": 22.9
      }
    },
    {
      "quarter": "Q1 2016",
      "income status": {
        "Net sales": 1972195,
        "Cost of goods sold": 1676694,
        "Gross Profit": 295501,
        "Financial expenses": 304147,
        "Of which: Interest expense": 282267,
        "Cost of sales": 26540,
        "Enterprise cost management": 76039,
        "Total Operating Expenses": 406726,
        "Total revenue financing activities": 216847,
        "Net profit from business activities": 105661,
        "Profit": -18529,
        "Profit before tax": 87132,
        "Present corporate income tax expenses": 12617,
        "Deferred income taxes expenses": -16399,
        "The interests of minority shareholders": 21561,
        "Total Cost of profits": 17779,
        "Profit after tax corporate income": 69353,
        "Volume": 789967947,
        "Close of Quarter": 7.8,
        "EPS": 440,
        "Non-adjusted EPS": 440,
        "PE": 17.7,
        "Book Price": 22.9
      }
    },
    {
      "quarter": "Q4 2015",
      "income status": {
        "Net sales": 1049144,
        "Cost of goods sold": 925579,
        "Gross Profit": 123565,
        "Financial expenses": 374568,
        "Of which: Interest expense": 376384,
        "Cost of sales": 33207,
        "Enterprise cost management": 76055,
        "Total Operating Expenses": 483830,
        "Total revenue financing activities": 232543,
        "Net profit from business activities": -128690,
        "Profit": -425911,
        "Profit before tax": -554602,
        "Present corporate income tax expenses": -31690,
        "Deferred income taxes expenses": 66010,
        "The interests of minority shareholders": -22612,
        "Total Cost of profits": 11708,
        "Profit after tax corporate income": -566310,
        "Volume": 789967947,
        "Close of Quarter": 10.4,
        "EPS": 814,
        "Non-adjusted EPS": 814,
        "PE": 12.8,
        "Book Price": 20.2
      }
    },
    {
      "quarter": "Q3 2015",
      "income status": {
        "Net sales": 2168088,
        "Cost of goods sold": 1531246,
        "Gross Profit": 636842,
        "Financial expenses": 357887,
        "Of which: Interest expense": 290502,
        "Cost of sales": 47598,
        "Enterprise cost management": 72150,
        "Total Operating Expenses": 477635,
        "Total revenue financing activities": 313614,
        "Net profit from business activities": 471891,
        "Profit": -206,
        "Profit before tax": 471686,
        "Present corporate income tax expenses": 38131,
        "Deferred income taxes expenses": 4067,
        "The interests of minority shareholders": 51617,
        "Total Cost of profits": 93815,
        "Profit after tax corporate income": 377871,
        "Volume": 789967947,
        "Close of Quarter": 14.8,
        "EPS": 1598,
        "Non-adjusted EPS": 1598,
        "PE": 9.3,
        "Book Price": 21.4
      }
    },
    {
      "quarter": "Q2 2015",
      "income status": {
        "Net sales": 1986448,
        "Cost of goods sold": 1205319,
        "Gross Profit": 781129,
        "Financial expenses": 252167,
        "Of which: Interest expense": 240085,
        "Cost of sales": 20082,
        "Enterprise cost management": 102837,
        "Total Operating Expenses": 375086,
        "Total revenue financing activities": 357534,
        "Net profit from business activities": 763578,
        "Profit": -163022,
        "Profit before tax": 600556,
        "Present corporate income tax expenses": 76713,
        "Deferred income taxes expenses": -16705,
        "The interests of minority shareholders": 74246,
        "Total Cost of profits": 134254,
        "Profit after tax corporate income": 466301,
        "Volume": 789967947,
        "Close of Quarter": 19,
        "EPS": 2322,
        "Non-adjusted EPS": 2322,
        "PE": 8.2,
        "Book Price": 20.3
      }
    },
    {
      "quarter": "Q1 2015",
      "income status": {
        "Net sales": 1049260,
        "Cost of goods sold": 615809,
        "Gross Profit": 433450,
        "Financial expenses": 243868,
        "Of which: Interest expense": 219230,
        "Cost of sales": 16393,
        "Enterprise cost management": 62154,
        "Total Operating Expenses": 322415,
        "Total revenue financing activities": 172931,
        "Net profit from business activities": 283967,
        "Profit": 156352,
        "Profit before tax": 440319,
        "Present corporate income tax expenses": 70356,
        "Deferred income taxes expenses": -2548,
        "The interests of minority shareholders": 7371,
        "Total Cost of profits": 75179,
        "Profit after tax corporate income": 365140,
        "Volume": 789967947,
        "Close of Quarter": 20.5,
        "EPS": 2066,
        "Non-adjusted EPS": 2066,
        "PE": 9.9,
        "Book Price": 18.7
      }
    },
    {
      "quarter": "Q4 2014",
      "income status": {
        "Net sales": 655483,
        "Cost of goods sold": 462919,
        "Gross Profit": 192564,
        "Financial expenses": 194457,
        "Of which: Interest expense": 177920,
        "Cost of sales": 12871,
        "Enterprise cost management": 83158,
        "Total Operating Expenses": 290486,
        "Total revenue financing activities": 204093,
        "Net profit from business activities": 106171,
        "Profit": -25823,
        "Profit before tax": 80348,
        "Present corporate income tax expenses": 16562,
        "Deferred income taxes expenses": -3633,
        "The interests of minority shareholders": 14061,
        "Total Cost of profits": 26990,
        "Profit after tax corporate income": 53358,
        "Volume": 789967947,
        "Close of Quarter": 22.1,
        "EPS": 2075,
        "Non-adjusted EPS": 2075,
        "PE": 10.7,
        "Book Price": 19.5
      }
    },
    {
      "quarter": "Q3 2014",
      "income status": {
        "Net sales": 777348,
        "Cost of goods sold": 465507,
        "Gross Profit": 311841,
        "Financial expenses": 134916,
        "Of which: Interest expense": 128363,
        "Cost of sales": 28264,
        "Enterprise cost management": 47027,
        "Total Operating Expenses": 210207,
        "Total revenue financing activities": 925426,
        "Net profit from business activities": 1027061,
        "Profit": -36930,
        "Profit before tax": 990131,
        "Present corporate income tax expenses": 20441,
        "Deferred income taxes expenses": -2267,
        "The interests of minority shareholders": 22356,
        "Total Cost of profits": 40530,
        "Profit after tax corporate income": 949601,
        "Volume": 789967947,
        "Close of Quarter": 24.4,
        "EPS": 2381,
        "Non-adjusted EPS": 2381,
        "PE": 10.3,
        "Book Price": 19.8
      }
    },
    {
      "quarter": "Q2 2014",
      "income status": {
        "Net sales": 698049,
        "Cost of goods sold": 406786,
        "Gross Profit": 291263,
        "Financial expenses": 187038,
        "Of which: Interest expense": 144688,
        "Cost of sales": 24459,
        "Enterprise cost management": 60823,
        "Total Operating Expenses": 272320,
        "Total revenue financing activities": 196781,
        "Net profit from business activities": 215724,
        "Profit": 88655,
        "Profit before tax": 304378,
        "Present corporate income tax expenses": 22390,
        "Deferred income taxes expenses": -639,
        "The interests of minority shareholders": 18601,
        "Total Cost of profits": 40352,
        "Profit after tax corporate income": 264027,
        "Volume": 718154693,
        "Close of Quarter": 22,
        "EPS": 1477.3,
        "Non-adjusted EPS": 1625,
        "PE": 13.5,
        "Book Price": 18.2
      }
    },
    {
      "quarter": "Q1 2014",
      "income status": {
        "Net sales": 924768,
        "Cost of goods sold": 493751,
        "Gross Profit": 431016,
        "Financial expenses": 128081,
        "Of which: Interest expense": 101753,
        "Cost of sales": 16620,
        "Enterprise cost management": 49074,
        "Total Operating Expenses": 193775,
        "Total revenue financing activities": 162634,
        "Net profit from business activities": 399874,
        "Profit": -754,
        "Profit before tax": 399120,
        "Present corporate income tax expenses": 8094,
        "Deferred income taxes expenses": -7739,
        "The interests of minority shareholders": 26742,
        "Total Cost of profits": 27097,
        "Profit after tax corporate income": 372024,
        "Volume": 718154693,
        "Close of Quarter": 25.6,
        "EPS": 1503.6,
        "Non-adjusted EPS": 1654,
        "PE": 15.5,
        "Book Price": 17.6
      }
    },
    {
      "quarter": "Q4 2013",
      "income status": {
        "Net sales": 755134,
        "Cost of goods sold": 422622,
        "Gross Profit": 332512,
        "Financial expenses": 198123,
        "Of which: Interest expense": 107836,
        "Cost of sales": 10897,
        "Enterprise cost management": 73345,
        "Total Operating Expenses": 282365,
        "Total revenue financing activities": 180084,
        "Net profit from business activities": 230232,
        "Profit": 33273,
        "Profit before tax": 262522,
        "Present corporate income tax expenses": 25747,
        "Deferred income taxes expenses": -19659,
        "The interests of minority shareholders": -39221,
        "Total Cost of profits": -33133,
        "Profit after tax corporate income": 295655,
        "Volume": 718154693,
        "Close of Quarter": 18.6,
        "EPS": 1141.8,
        "Non-adjusted EPS": 1256,
        "PE": 14.8,
        "Book Price": 16.4
      }
    },
    {
      "quarter": "Q3 2013",
      "income status": {
        "Net sales": 599302,
        "Cost of goods sold": 384246,
        "Gross Profit": 215056,
        "Financial expenses": 180509,
        "Of which: Interest expense": 154496,
        "Cost of sales": 20631,
        "Enterprise cost management": 58625,
        "Total Operating Expenses": 259765,
        "Total revenue financing activities": 309566,
        "Net profit from business activities": 264856,
        "Profit": -8036,
        "Profit before tax": 256820,
        "Present corporate income tax expenses": 1582,
        "Deferred income taxes expenses": 17142,
        "The interests of minority shareholders": 2514,
        "Total Cost of profits": 21238,
        "Profit after tax corporate income": 235583,
        "Volume": 718154693,
        "Close of Quarter": 18.5,
        "EPS": 847.3,
        "Non-adjusted EPS": 932,
        "PE": 19.8,
        "Book Price": 16.4
      }
    },
    {
      "quarter": "Q2 2013",
      "income status": {
        "Net sales": 693187,
        "Cost of goods sold": 370020,
        "Gross Profit": 323167,
        "Financial expenses": 297942,
        "Of which: Interest expense": -486273,
        "Cost of sales": 41244,
        "Enterprise cost management": 75422,
        "Total Operating Expenses": 414608,
        "Total revenue financing activities": 498640,
        "Net profit from business activities": 407199,
        "Profit": -14657,
        "Profit before tax": 392542,
        "Present corporate income tax expenses": 19509,
        "Deferred income taxes expenses": 40904,
        "The interests of minority shareholders": 47244,
        "Total Cost of profits": 107657,
        "Profit after tax corporate income": 284885,
        "Volume": 537371049,
        "Close of Quarter": 18.4,
        "EPS": 671.4,
        "Non-adjusted EPS": 987,
        "PE": 18.6,
        "Book Price": 16.1
      }
    },
    {
      "quarter": "Q1 2013",
      "income status": {
        "Net sales": 721785,
        "Cost of goods sold": 382277,
        "Gross Profit": 339508,
        "Financial expenses": 160279,
        "Of which: Interest expense": 126623,
        "Cost of sales": 46398,
        "Enterprise cost management": 67166,
        "Total Operating Expenses": 273843,
        "Total revenue financing activities": 62949,
        "Net profit from business activities": 128614,
        "Profit": -21153,
        "Profit before tax": 107460,
        "Present corporate income tax expenses": 20970,
        "Deferred income taxes expenses": -36594,
        "The interests of minority shareholders": 37393,
        "Total Cost of profits": 21769,
        "Profit after tax corporate income": 85692,
        "Volume": 537371049,
        "Close of Quarter": 21.5,
        "EPS": 441.5,
        "Non-adjusted EPS": 649,
        "PE": 33.1,
        "Book Price": 12.6
      }
    },
    {
      "quarter": "Q4 2012",
      "income status": {
        "Net sales": 1730691,
        "Cost of goods sold": 1323000,
        "Gross Profit": 407691,
        "Financial expenses": 195538,
        "Of which: Interest expense": 122949,
        "Cost of sales": 73063,
        "Enterprise cost management": 98740,
        "Total Operating Expenses": 367341,
        "Total revenue financing activities": 29358,
        "Net profit from business activities": 69707,
        "Profit": -13078,
        "Profit before tax": 56629,
        "Present corporate income tax expenses": 138399,
        "Deferred income taxes expenses": -108345,
        "The interests of minority shareholders": -36474,
        "Total Cost of profits": -6420,
        "Profit after tax corporate income": 63049,
        "Volume": 537371049,
        "Close of Quarter": 17.2,
        "EPS": 432.0,
        "Non-adjusted EPS": 635,
        "PE": 27.0,
        "Book Price": 12.4
      }
    },
    {
      "quarter": "Q3 2012",
      "income status": {
        "Net sales": 2396753,
        "Cost of goods sold": 2002246,
        "Gross Profit": 394507,
        "Financial expenses": 133483,
        "Of which: Interest expense": 100209,
        "Cost of sales": 31628,
        "Enterprise cost management": 37251,
        "Total Operating Expenses": 202362,
        "Total revenue financing activities": 78364,
        "Net profit from business activities": 270508,
        "Profit": -15614,
        "Profit before tax": 254894,
        "Present corporate income tax expenses": 130629,
        "Deferred income taxes expenses": -52263,
        "The interests of minority shareholders": 79960,
        "Total Cost of profits": 158326,
        "Profit after tax corporate income": 96569,
        "Volume": 537371049,
        "Close of Quarter": 16.2,
        "EPS": 636.7,
        "Non-adjusted EPS": 936,
        "PE": 17.3,
        "Book Price": 12.2
      }
    },
    {
      "quarter": "Q2 2012",
      "income status": {
        "Net sales": 275277,
        "Cost of goods sold": 139650,
        "Gross Profit": 135627,
        "Financial expenses": 205097,
        "Of which: Interest expense": 150159,
        "Cost of sales": 29480,
        "Enterprise cost management": 59704,
        "Total Operating Expenses": 294281,
        "Total revenue financing activities": 300477,
        "Net profit from business activities": 141824,
        "Profit": -30345,
        "Profit before tax": 111479,
        "Present corporate income tax expenses": 113498,
        "Deferred income taxes expenses": -79008,
        "The interests of minority shareholders": -26357,
        "Total Cost of profits": 8133,
        "Profit after tax corporate income": 103346,
        "Volume": 537371049,
        "Close of Quarter": 22.1,
        "EPS": 885,
        "Non-adjusted EPS": 1301,
        "PE": 17.0,
        "Book Price": 12.1
      }
    },
    {
      "quarter": "Q1 2012",
      "income status": {
        "Net sales": 870381,
        "Cost of goods sold": 618569,
        "Gross Profit": 251812,
        "Financial expenses": 139995,
        "Of which: Interest expense": 121838,
        "Cost of sales": 32647,
        "Enterprise cost management": 49013,
        "Total Operating Expenses": 221655,
        "Total revenue financing activities": 89550,
        "Net profit from business activities": 119707,
        "Profit": -21080,
        "Profit before tax": 98626,
        "Present corporate income tax expenses": 62204,
        "Deferred income taxes expenses": -40396,
        "The interests of minority shareholders": -1673,
        "Total Cost of profits": 20135,
        "Profit after tax corporate income": 78491,
        "Volume": 467280590,
        "Close of Quarter": 18.6,
        "EPS": 1058.2,
        "Non-adjusted EPS": 1789,
        "PE": 10.4,
        "Book Price": 12.0
      }
    },
    {
      "quarter": "Q4 2011",
      "income status": {
        "Net sales": 1107542,
        "Cost of goods sold": 669969,
        "Gross Profit": 437573,
        "Financial expenses": 85753,
        "Of which: Interest expense": 52938,
        "Cost of sales": 16842,
        "Enterprise cost management": 76250,
        "Total Operating Expenses": 178845,
        "Total revenue financing activities": 88392,
        "Net profit from business activities": 347120,
        "Profit": 3386,
        "Profit before tax": 350506,
        "Present corporate income tax expenses": 52747,
        "Deferred income taxes expenses": 32105,
        "The interests of minority shareholders": 41312,
        "Total Cost of profits": 126164,
        "Profit after tax corporate income": 224342,
        "Volume": 467280590,
        "Close of Quarter": 13.5,
        "EPS": 1428.5,
        "Non-adjusted EPS": 2415,
        "PE": 5.6,
        "Book Price": 11.9
      }
    },
    {
      "quarter": "Q3 2011",
      "income status": {
        "Net sales": 1383231,
        "Cost of goods sold": 751093,
        "Gross Profit": 632138,
        "Financial expenses": 238490,
        "Of which: Interest expense": 226797,
        "Cost of sales": 68501,
        "Enterprise cost management": 43047,
        "Total Operating Expenses": 350038,
        "Total revenue financing activities": 182176,
        "Net profit from business activities": 464276,
        "Profit": -2479,
        "Profit before tax": 1355700,
        "Present corporate income tax expenses": 52747,
        "Deferred income taxes expenses": 69291,
        "The interests of minority shareholders": 46685,
        "Total Cost of profits": 168723,
        "Profit after tax corporate income": 293074,
        "Volume": 467280590,
        "Close of Quarter": 22.3,
        "EPS": 1826.0,
        "Non-adjusted EPS": 3087,
        "PE": 7.2,
        "Book Price": 11.5
      }
    },
    {
      "quarter": "Q2 2011",
      "income status": {
        "Net sales": 46824,
        "Cost of goods sold": 33356,
        "Gross Profit": 13468,
        "Financial expenses": 119350,
        "Of which: Interest expense": 92539,
        "Cost of sales": 28325,
        "Enterprise cost management": 62989,
        "Total Operating Expenses": 210664,
        "Total revenue financing activities": 510025,
        "Net profit from business activities": 312829,
        "Profit": -12658,
        "Profit before tax": 893903,
        "Present corporate income tax expenses": 124429,
        "Deferred income taxes expenses": -66085,
        "The interests of minority shareholders": 1576,
        "Total Cost of profits": 59920,
        "Profit after tax corporate income": 240252,
        "Volume": 467280590,
        "Close of Quarter": 26.9,
        "EPS": 2198.7,
        "Non-adjusted EPS": 3717,
        "PE": 7.2,
        "Book Price": 11.2
      }
    },
    {
      "quarter": "Q1 2011",
      "income status": {
        "Net sales": 717106,
        "Cost of goods sold": 373411,
        "Gross Profit": 343695,
        "Financial expenses": 96061,
        "Of which: Interest expense": 93356,
        "Cost of sales": 37650,
        "Enterprise cost management": 49937,
        "Total Operating Expenses": 183648,
        "Total revenue financing activities": 434975,
        "Net profit from business activities": 595021,
        "Profit": -1289,
        "Profit before tax": 593732,
        "Present corporate income tax expenses": 176706,
        "Deferred income taxes expenses": -22577,
        "The interests of minority shareholders": 68955,
        "Total Cost of profits": 223084,
        "Profit after tax corporate income": 370648,
        "Volume": 467280590,
        "Close of Quarter": 31.1,
        "EPS": 2396.8,
        "Non-adjusted EPS": 4052,
        "PE": 7.7,
        "Book Price": 11.3
      }
    }
  ]
}