{
  "ticker": "SED",
  "data": [
    {
      "quarter": "Q4 2016",
      "income status": {
        "Net sales": 52261,
        "Cost of goods sold": 44202,
        "Gross Profit": 8059,
        "Financial expenses": -1034,
        "Of which: Interest expense": -395,
        "Cost of sales": 1835,
        "Enterprise cost management": 5901,
        "Total Operating Expenses": 6702,
        "Total revenue financing activities": 936,
        "Net profit from business activities": 2293,
        "Profit": 382,
        "Profit before tax": 2675,
        "Present corporate income tax expenses": 679,
        "Deferred income taxes expenses": "N/A",
        "The interests of minority shareholders": "N/A",
        "Total Cost of profits": 679,
        "Profit after tax corporate income": 1996,
        "Volume": 10000000,
        "Close of Quarter": 16.8,
        "EPS": 3398,
        "Non-adjusted EPS": 3398,
        "PE": 4.9,
        "Book Price": 19.1
      }
    },
    {
      "quarter": "Q3 2016",
      "income status": {
        "Net sales": 175077,
        "Cost of goods sold": 137600,
        "Gross Profit": 37477,
        "Financial expenses": 1521,
        "Of which: Interest expense": 1388,
        "Cost of sales": 17501,
        "Enterprise cost management": 10546,
        "Total Operating Expenses": 29568,
        "Total revenue financing activities": 49,
        "Net profit from business activities": 7958,
        "Profit": "N/A",
        "Profit before tax": 7958,
        "Present corporate income tax expenses": 1574,
        "Deferred income taxes expenses": "N/A",
        "The interests of minority shareholders": "N/A",
        "Total Cost of profits": 1574,
        "Profit after tax corporate income": 6385,
        "Volume": 10000000,
        "Close of Quarter": 22.9,
        "EPS": 3228,
        "Non-adjusted EPS": 3228,
        "PE": 7.1,
        "Book Price": 18.9
      }
    },
    {
      "quarter": "Q2 2016",
      "income status": {
        "Net sales": 229863,
        "Cost of goods sold": 164799,
        "Gross Profit": 65064,
        "Financial expenses": -3720,
        "Of which: Interest expense": 779,
        "Cost of sales": 23919,
        "Enterprise cost management": 16077,
        "Total Operating Expenses": 36276,
        "Total revenue financing activities": 3287,
        "Net profit from business activities": 32075,
        "Profit": "N/A",
        "Profit before tax": 32075,
        "Present corporate income tax expenses": 7409,
        "Deferred income taxes expenses": "N/A",
        "The interests of minority shareholders": "N/A",
        "Total Cost of profits": 7409,
        "Profit after tax corporate income": 24666,
        "Volume": 10000000,
        "Close of Quarter": 18.0,
        "EPS": 3596,
        "Non-adjusted EPS": 3596,
        "PE": 5.0,
        "Book Price": 18.2
      }
    },
    {
      "quarter": "Q1 2016",
      "income status": {
        "Net sales": 48269,
        "Cost of goods sold": 39288,
        "Gross Profit": 8981,
        "Financial expenses": 674,
        "Of which: Interest expense": 658,
        "Cost of sales": 4044,
        "Enterprise cost management": 3214,
        "Total Operating Expenses": 7932,
        "Total revenue financing activities": 121,
        "Net profit from business activities": 1169,
        "Profit": "N/A",
        "Profit before tax": 1169,
        "Present corporate income tax expenses": 234,
        "Deferred income taxes expenses": "N/A",
        "The interests of minority shareholders": "N/A",
        "Total Cost of profits": 234,
        "Profit after tax corporate income": 935,
        "Volume": 10000000,
        "Close of Quarter": 15.8,
        "EPS": 2958,
        "Non-adjusted EPS": 2958,
        "PE": 5.3,
        "Book Price": 15.8
      }
    },
    {
      "quarter": "Q4 2015",
      "income status": {
        "Net sales": 54270,
        "Cost of goods sold": 42730,
        "Gross Profit": 11540,
        "Financial expenses": 8215,
        "Of which: Interest expense": 306,
        "Cost of sales": -1300,
        "Enterprise cost management": 4528,
        "Total Operating Expenses": 11443,
        "Total revenue financing activities": 819,
        "Net profit from business activities": 915,
        "Profit": 29,
        "Profit before tax": 944,
        "Present corporate income tax expenses": 647,
        "Deferred income taxes expenses": "N/A",
        "The interests of minority shareholders": "N/A",
        "Total Cost of profits": 647,
        "Profit after tax corporate income": 298,
        "Volume": 10000000,
        "Close of Quarter": 16.8,
        "EPS": 2951,
        "Non-adjusted EPS": 2951,
        "PE": 5.7,
        "Book Price": 16.1
      }
    },
    {
      "quarter": "Q3 2015",
      "income status": {
        "Net sales": 170786,
        "Cost of goods sold": 133419,
        "Gross Profit": 37367,
        "Financial expenses": 695,
        "Of which: Interest expense": 91,
        "Cost of sales": 15262,
        "Enterprise cost management": 8600,
        "Total Operating Expenses": 24557,
        "Total revenue financing activities": 88,
        "Net profit from business activities": 12897,
        "Profit": "N/A",
        "Profit before tax": 12897,
        "Present corporate income tax expenses": 2837,
        "Deferred income taxes expenses": "N/A",
        "The interests of minority shareholders": "N/A",
        "Total Cost of profits": 2837,
        "Profit after tax corporate income": 10060,
        "Volume": 10000000,
        "Close of Quarter": 14.6,
        "EPS": 3212,
        "Non-adjusted EPS": 3212,
        "PE": 4.5,
        "Book Price": 17.7
      }
    },
    {
      "quarter": "Q2 2015",
      "income status": {
        "Net sales": 174300,
        "Cost of goods sold": 127711,
        "Gross Profit": 46589,
        "Financial expenses": 3012,
        "Of which: Interest expense": 524,
        "Cost of sales": 13468,
        "Enterprise cost management": 7004,
        "Total Operating Expenses": 23484,
        "Total revenue financing activities": 484,
        "Net profit from business activities": 23590,
        "Profit": 4,
        "Profit before tax": 23594,
        "Present corporate income tax expenses": 5307,
        "Deferred income taxes expenses": "N/A",
        "The interests of minority shareholders": "N/A",
        "Total Cost of profits": 5307,
        "Profit after tax corporate income": 18287,
        "Volume": 8000000,
        "Close of Quarter": 14.1,
        "EPS": 2844,
        "Non-adjusted EPS": 3555,
        "PE": 4.0,
        "Book Price": 16.6
      }
    },
    {
      "quarter": "Q1 2015",
      "income status": {
        "Net sales": 76720,
        "Cost of goods sold": 68835,
        "Gross Profit": 7884,
        "Financial expenses": 1037,
        "Of which: Interest expense": 1016,
        "Cost of sales": 2633,
        "Enterprise cost management": 3214,
        "Total Operating Expenses": 6884,
        "Total revenue financing activities": 106,
        "Net profit from business activities": 1105,
        "Profit": "N/A",
        "Profit before tax": 1105,
        "Present corporate income tax expenses": 243,
        "Deferred income taxes expenses": "N/A",
        "The interests of minority shareholders": "N/A",
        "Total Cost of profits": 243,
        "Profit after tax corporate income": 862,
        "Volume": 8000000,
        "Close of Quarter": 13.3,
        "EPS": 2675.2,
        "Non-adjusted EPS": 3344,
        "PE": 4.0,
        "Book Price": 12.9
      }
    },
    {
      "quarter": "Q4 2014",
      "income status": {
        "Net sales": 31081,
        "Cost of goods sold": 17785,
        "Gross Profit": 13296,
        "Financial expenses": -215,
        "Of which: Interest expense": -262,
        "Cost of sales": 5694,
        "Enterprise cost management": 3612,
        "Total Operating Expenses": 9091,
        "Total revenue financing activities": 118,
        "Net profit from business activities": 4323,
        "Profit": -49,
        "Profit before tax": 4274,
        "Present corporate income tax expenses": 1363,
        "Deferred income taxes expenses": "N/A",
        "The interests of minority shareholders": "N/A",
        "Total Cost of profits": 1363,
        "Profit after tax corporate income": 2911,
        "Volume": 8000000,
        "Close of Quarter": 13.7,
        "EPS": 2430.4,
        "Non-adjusted EPS": 3038,
        "PE": 4.5,
        "Book Price": 12.8
      }
    },
    {
      "quarter": "Q3 2014",
      "income status": {
        "Net sales": 106965,
        "Cost of goods sold": 80939,
        "Gross Profit": 26026,
        "Financial expenses": 1461,
        "Of which: Interest expense": 783,
        "Cost of sales": 8894,
        "Enterprise cost management": 7307,
        "Total Operating Expenses": 17662,
        "Total revenue financing activities": 115,
        "Net profit from business activities": 8479,
        "Profit": "N/A",
        "Profit before tax": 8479,
        "Present corporate income tax expenses": 2103,
        "Deferred income taxes expenses": "N/A",
        "The interests of minority shareholders": "N/A",
        "Total Cost of profits": 2103,
        "Profit after tax corporate income": 6376,
        "Volume": 8000000,
        "Close of Quarter": 14.9,
        "EPS": 2232.8,
        "Non-adjusted EPS": 2791,
        "PE": 5.4,
        "Book Price": 14
      }
    },
    {
      "quarter": "Q2 2014",
      "income status": {
        "Net sales": 170708,
        "Cost of goods sold": 131391,
        "Gross Profit": 39317,
        "Financial expenses": 2964,
        "Of which: Interest expense": 1281,
        "Cost of sales": 8624,
        "Enterprise cost management": 6782,
        "Total Operating Expenses": 18370,
        "Total revenue financing activities": 28,
        "Net profit from business activities": 20975,
        "Profit": 29,
        "Profit before tax": 21004,
        "Present corporate income tax expenses": 4398,
        "Deferred income taxes expenses": "N/A",
        "The interests of minority shareholders": "N/A",
        "Total Cost of profits": 4398,
        "Profit after tax corporate income": 16606,
        "Volume": 8000000,
        "Close of Quarter": 14.2,
        "EPS": 2758.4,
        "Non-adjusted EPS": 3448,
        "PE": 4.1,
        "Book Price": 13.4
      }
    },
    {
      "quarter": "Q1 2014",
      "income status": {
        "Net sales": 55444,
        "Cost of goods sold": 52312,
        "Gross Profit": 3132,
        "Financial expenses": 1058,
        "Of which: Interest expense": 1000,
        "Cost of sales": 1579,
        "Enterprise cost management": 2520,
        "Total Operating Expenses": 5157,
        "Total revenue financing activities": 104,
        "Net profit from business activities": -1921,
        "Profit": 328,
        "Profit before tax": -1592,
        "Present corporate income tax expenses": "N/A",
        "Deferred income taxes expenses": "N/A",
        "The interests of minority shareholders": "N/A",
        "Total Cost of profits": 0,
        "Profit after tax corporate income": -1592,
        "Volume": 8000000,
        "Close of Quarter": 15.2,
        "EPS": 2866.4,
        "Non-adjusted EPS": 3583,
        "PE": 4.3,
        "Book Price": 11.8
      }
    },
    {
      "quarter": "Q4 2013",
      "income status": {
        "Net sales": 26269,
        "Cost of goods sold": 19433,
        "Gross Profit": 6836,
        "Financial expenses": 1445,
        "Of which: Interest expense": 308,
        "Cost of sales": 2421,
        "Enterprise cost management": 3496,
        "Total Operating Expenses": 7362,
        "Total revenue financing activities": 1582,
        "Net profit from business activities": 1055,
        "Profit": "N/A",
        "Profit before tax": 1055,
        "Present corporate income tax expenses": 118,
        "Deferred income taxes expenses": "N/A",
        "The interests of minority shareholders": "N/A",
        "Total Cost of profits": 118,
        "Profit after tax corporate income": 937,
        "Volume": 8000000,
        "Close of Quarter": 13.8,
        "EPS": 2839.2,
        "Non-adjusted EPS": 3549,
        "PE": 3.9,
        "Book Price": 12.2
      }
    },
    {
      "quarter": "Q3 2013",
      "income status": {
        "Net sales": 97949,
        "Cost of goods sold": 68530,
        "Gross Profit": 29419,
        "Financial expenses": 1522,
        "Of which: Interest expense": 419,
        "Cost of sales": 8628,
        "Enterprise cost management": 5892,
        "Total Operating Expenses": 16042,
        "Total revenue financing activities": 79,
        "Net profit from business activities": 13457,
        "Profit": "N/A",
        "Profit before tax": 13457,
        "Present corporate income tax expenses": 1827,
        "Deferred income taxes expenses": "N/A",
        "The interests of minority shareholders": "N/A",
        "Total Cost of profits": 1827,
        "Profit after tax corporate income": 11631,
        "Volume": 8000000,
        "Close of Quarter": 9.6,
        "EPS": 2842.4,
        "Non-adjusted EPS": 3553,
        "PE": 2.7,
        "Book Price": 13.5
      }
    },
    {
      "quarter": "Q2 2013",
      "income status": {
        "Net sales": 162502,
        "Cost of goods sold": 126931,
        "Gross Profit": 35572,
        "Financial expenses": 4197,
        "Of which: Interest expense": 3318,
        "Cost of sales": 4794,
        "Enterprise cost management": 5698,
        "Total Operating Expenses": 14689,
        "Total revenue financing activities": 132,
        "Net profit from business activities": 21014,
        "Profit": -392,
        "Profit before tax": 20622,
        "Present corporate income tax expenses": 2935,
        "Deferred income taxes expenses": "N/A",
        "The interests of minority shareholders": "N/A",
        "Total Cost of profits": 2935,
        "Profit after tax corporate income": 17687,
        "Volume": 8000000,
        "Close of Quarter": 9.2,
        "EPS": 2747.2,
        "Non-adjusted EPS": 3434,
        "PE": 2.7,
        "Book Price": 12.3
      }
    },
    {
      "quarter": "Q1 2013",
      "income status": {
        "Net sales": 53371,
        "Cost of goods sold": 49199,
        "Gross Profit": 4172,
        "Financial expenses": 2203,
        "Of which: Interest expense": 163,
        "Cost of sales": 1210,
        "Enterprise cost management": 2991,
        "Total Operating Expenses": 6404,
        "Total revenue financing activities": 7,
        "Net profit from business activities": -2225,
        "Profit": 358,
        "Profit before tax": -1867,
        "Present corporate income tax expenses": "N/A",
        "Deferred income taxes expenses": "N/A",
        "The interests of minority shareholders": "N/A",
        "Total Cost of profits": 0,
        "Profit after tax corporate income": -1867,
        "Volume": 8000000,
        "Close of Quarter": 7.7,
        "EPS": 2518.4,
        "Non-adjusted EPS": 3148,
        "PE": 2.5,
        "Book Price": 10.4
      }
    },
    {
      "quarter": "Q4 2012",
      "income status": {
        "Net sales": 19628,
        "Cost of goods sold": 15454,
        "Gross Profit": 4174,
        "Financial expenses": -1045,
        "Of which: Interest expense": "N/A",
        "Cost of sales": 2965,
        "Enterprise cost management": 2032,
        "Total Operating Expenses": 3952,
        "Total revenue financing activities": 957,
        "Net profit from business activities": 1178,
        "Profit": 492,
        "Profit before tax": 1670,
        "Present corporate income tax expenses": 699,
        "Deferred income taxes expenses": "N/A",
        "The interests of minority shareholders": "N/A",
        "Total Cost of profits": 699,
        "Profit after tax corporate income": 971,
        "Volume": 8000000,
        "Close of Quarter": 6.5,
        "EPS": 2602.4,
        "Non-adjusted EPS": 3253,
        "PE": 2,
        "Book Price": 11.0
      }
    },
    {
      "quarter": "Q3 2012",
      "income status": {
        "Net sales": 87769,
        "Cost of goods sold": 62160,
        "Gross Profit": 25609,
        "Financial expenses": 2152,
        "Of which: Interest expense": 792,
        "Cost of sales": 5143,
        "Enterprise cost management": 5557,
        "Total Operating Expenses": 12852,
        "Total revenue financing activities": 27,
        "Net profit from business activities": 12784,
        "Profit": 161,
        "Profit before tax": 12945,
        "Present corporate income tax expenses": 2265,
        "Deferred income taxes expenses": "N/A",
        "The interests of minority shareholders": "N/A",
        "Total Cost of profits": 2265,
        "Profit after tax corporate income": 10680,
        "Volume": 8000000,
        "Close of Quarter": 5.2,
        "EPS": 2547.2,
        "Non-adjusted EPS": 3184,
        "PE": 1.6,
        "Book Price": 12.3
      }
    },
    {
      "quarter": "Q2 2012",
      "income status": {
        "Net sales": 139671,
        "Cost of goods sold": 107429,
        "Gross Profit": 32243,
        "Financial expenses": 3969,
        "Of which: Interest expense": 4606,
        "Cost of sales": 4367,
        "Enterprise cost management": 5606,
        "Total Operating Expenses": 13942,
        "Total revenue financing activities": 28,
        "Net profit from business activities": 18330,
        "Profit": 116,
        "Profit before tax": 18446,
        "Present corporate income tax expenses": 3049,
        "Deferred income taxes expenses": "N/A",
        "The interests of minority shareholders": "N/A",
        "Total Cost of profits": 3049,
        "Profit after tax corporate income": 15397,
        "Volume": 8000000,
        "Close of Quarter": 5.2,
        "EPS": 2583.2,
        "Non-adjusted EPS": 3229,
        "PE": 1.6,
        "Book Price": 11.2
      }
    },
    {
      "quarter": "Q1 2012",
      "income status": {
        "Net sales": 38547,
        "Cost of goods sold": 34360,
        "Gross Profit": 4187,
        "Financial expenses": 2663,
        "Of which: Interest expense": "N/A",
        "Cost of sales": 1396,
        "Enterprise cost management": 1662,
        "Total Operating Expenses": 5721,
        "Total revenue financing activities": 110,
        "Net profit from business activities": -1424,
        "Profit": 399,
        "Profit before tax": -1024,
        "Present corporate income tax expenses": "N/A",
        "Deferred income taxes expenses": "N/A",
        "The interests of minority shareholders": "N/A",
        "Total Cost of profits": 0,
        "Profit after tax corporate income": -1024,
        "Volume": 8000000,
        "Close of Quarter": 4.6,
        "EPS": 2574.4,
        "Non-adjusted EPS": 3218,
        "PE": 1.4,
        "Book Price": 9.7
      }
    },
    {
      "quarter": "Q4 2011",
      "income status": {
        "Net sales": 18521,
        "Cost of goods sold": 14799,
        "Gross Profit": 3722,
        "Financial expenses": 695,
        "Of which: Interest expense": "N/A",
        "Cost of sales": -579,
        "Enterprise cost management": 3540,
        "Total Operating Expenses": 3656,
        "Total revenue financing activities": 364,
        "Net profit from business activities": 430,
        "Profit": 84,
        "Profit before tax": 514,
        "Present corporate income tax expenses": 98,
        "Deferred income taxes expenses": "N/A",
        "The interests of minority shareholders": "N/A",
        "Total Cost of profits": 98,
        "Profit after tax corporate income": 416,
        "Volume": 8000000,
        "Close of Quarter": 4.0,
        "EPS": 2760,
        "Non-adjusted EPS": 3450,
        "PE": 1.2,
        "Book Price": 11.1
      }
    },
    {
      "quarter": "Q3 2011",
      "income status": {
        "Net sales": 72056,
        "Cost of goods sold": 51620,
        "Gross Profit": 20436,
        "Financial expenses": 1971,
        "Of which: Interest expense": "N/A",
        "Cost of sales": 3138,
        "Enterprise cost management": 3924,
        "Total Operating Expenses": 9033,
        "Total revenue financing activities": 49,
        "Net profit from business activities": 11452,
        "Profit": 65,
        "Profit before tax": 11518,
        "Present corporate income tax expenses": 475,
        "Deferred income taxes expenses": "N/A",
        "The interests of minority shareholders": "N/A",
        "Total Cost of profits": 475,
        "Profit after tax corporate income": 11043,
        "Volume": 8000000,
        "Close of Quarter": 3.7,
        "EPS": 2768.8,
        "Non-adjusted EPS": 3461,
        "PE": 1.1,
        "Book Price": 11.4
      }
    },
    {
      "quarter": "Q2 2011",
      "income status": {
        "Net sales": 141159,
        "Cost of goods sold": 104803,
        "Gross Profit": 36356,
        "Financial expenses": 4139,
        "Of which: Interest expense": 3229,
        "Cost of sales": 5713,
        "Enterprise cost management": 6550,
        "Total Operating Expenses": 16402,
        "Total revenue financing activities": 27,
        "Net profit from business activities": 19981,
        "Profit": 434,
        "Profit before tax": 20415,
        "Present corporate income tax expenses": 5104,
        "Deferred income taxes expenses": "N/A",
        "The interests of minority shareholders": "N/A",
        "Total Cost of profits": 5104,
        "Profit after tax corporate income": 15311,
        "Volume": 8000000,
        "Close of Quarter": 3.1,
        "EPS": 2358.4,
        "Non-adjusted EPS": 2948,
        "PE": 1.1,
        "Book Price": 10.4
      }
    },
    {
      "quarter": "Q1 2011",
      "income status": {
        "Net sales": 35564,
        "Cost of goods sold": 31184,
        "Gross Profit": 4380,
        "Financial expenses": 2064,
        "Of which: Interest expense": "N/A",
        "Cost of sales": 877,
        "Enterprise cost management": 1184,
        "Total Operating Expenses": 4125,
        "Total revenue financing activities": 16,
        "Net profit from business activities": 271,
        "Profit": 833,
        "Profit before tax": 1104,
        "Present corporate income tax expenses": 276,
        "Deferred income taxes expenses": "N/A",
        "The interests of minority shareholders": "N/A",
        "Total Cost of profits": 276,
        "Profit after tax corporate income": 828,
        "Volume": 8000000,
        "Close of Quarter": 3.4,
        "EPS": 2144,
        "Non-adjusted EPS": 2680,
        "PE": 1.3,
        "Book Price": 9.5
      }
    }
  ]
}