{
  "ticker": "L44",
  "data": [
    {
      "quarter": "Q4 2016",
      "income status": {
        "Net sales": 35742,
        "Cost of goods sold": 28621,
        "Gross Profit": 7121,
        "Financial expenses": 2814,
        "Of which: Interest expense": 2813,
        "Cost of sales": "N/A",
        "Enterprise cost management": 4766,
        "Total Operating Expenses": 7580,
        "Total revenue financing activities": 673,
        "Net profit from business activities": 213,
        "Profit": -228,
        "Profit before tax": -15,
        "Present corporate income tax expenses": "N/A",
        "Deferred income taxes expenses": "N/A",
        "The interests of minority shareholders": "N/A",
        "Total Cost of profits": 0,
        "Profit after tax corporate income": -15,
        "Volume": 3980000,
        "Close of Quarter": 2,
        "EPS": -6542,
        "Non-adjusted EPS": -6542,
        "PE": -0.3,
        "Book Price": 8.2
      }
    },
    {
      "quarter": "Q3 2016",
      "income status": {
        "Net sales": 39399,
        "Cost of goods sold": 41667,
        "Gross Profit": -2268,
        "Financial expenses": 3130,
        "Of which: Interest expense": 3130,
        "Cost of sales": "N/A",
        "Enterprise cost management": 2070,
        "Total Operating Expenses": 5200,
        "Total revenue financing activities": "N/A",
        "Net profit from business activities": -7468,
        "Profit": 12841,
        "Profit before tax": 5373,
        "Present corporate income tax expenses": "N/A",
        "Deferred income taxes expenses": "N/A",
        "The interests of minority shareholders": "N/A",
        "Total Cost of profits": 0,
        "Profit after tax corporate income": 5373,
        "Volume": 3980000,
        "Close of Quarter": 2.4,
        "EPS": -6508,
        "Non-adjusted EPS": -6508,
        "PE": -0.4,
        "Book Price": 8.2
      }
    },
    {
      "quarter": "Q2 2016",
      "income status": {
        "Net sales": 59938,
        "Cost of goods sold": 52907,
        "Gross Profit": 7032,
        "Financial expenses": 4354,
        "Of which: Interest expense": 4379,
        "Cost of sales": "N/A",
        "Enterprise cost management": 2640,
        "Total Operating Expenses": 6994,
        "Total revenue financing activities": 8,
        "Net profit from business activities": 46,
        "Profit": 54,
        "Profit before tax": 100,
        "Present corporate income tax expenses": "N/A",
        "Deferred income taxes expenses": "N/A",
        "The interests of minority shareholders": "N/A",
        "Total Cost of profits": 0,
        "Profit after tax corporate income": 100,
        "Volume": 3980000,
        "Close of Quarter": 3.3,
        "EPS": -7838,
        "Non-adjusted EPS": -7838,
        "PE": -0.4,
        "Book Price": 6.9
      }
    },
    {
      "quarter": "Q1 2016",
      "income status": {
        "Net sales": 23075,
        "Cost of goods sold": 44419,
        "Gross Profit": -21344,
        "Financial expenses": 2508,
        "Of which: Interest expense": 2325,
        "Cost of sales": "N/A",
        "Enterprise cost management": 4085,
        "Total Operating Expenses": 6593,
        "Total revenue financing activities": 1094,
        "Net profit from business activities": -26843,
        "Profit": -4654,
        "Profit before tax": -31497,
        "Present corporate income tax expenses": "N/A",
        "Deferred income taxes expenses": "N/A",
        "The interests of minority shareholders": "N/A",
        "Total Cost of profits": 0,
        "Profit after tax corporate income": -31497,
        "Volume": 3980000,
        "Close of Quarter": 3.9,
        "EPS": -7856,
        "Non-adjusted EPS": -7856,
        "PE": -0.5,
        "Book Price": 6.8
      }
    },
    {
      "quarter": "Q4 2015",
      "income status": {
        "Net sales": 67617,
        "Cost of goods sold": 60543,
        "Gross Profit": 7074,
        "Financial expenses": 4020,
        "Of which: Interest expense": 3617,
        "Cost of sales": "N/A",
        "Enterprise cost management": 3530,
        "Total Operating Expenses": 7550,
        "Total revenue financing activities": 746,
        "Net profit from business activities": 270,
        "Profit": -101,
        "Profit before tax": 169,
        "Present corporate income tax expenses": 48,
        "Deferred income taxes expenses": "N/A",
        "The interests of minority shareholders": "N/A",
        "Total Cost of profits": 48,
        "Profit after tax corporate income": 121,
        "Volume": 3980000,
        "Close of Quarter": 3.7,
        "EPS": 76,
        "Non-adjusted EPS": 76,
        "PE": 48.7,
        "Book Price": 14.8
      }
    },
    {
      "quarter": "Q3 2015",
      "income status": {
        "Net sales": 23996,
        "Cost of goods sold": 18034,
        "Gross Profit": 5962,
        "Financial expenses": 3464,
        "Of which: Interest expense": 3464,
        "Cost of sales": "N/A",
        "Enterprise cost management": 2559,
        "Total Operating Expenses": 6023,
        "Total revenue financing activities": 74,
        "Net profit from business activities": 12,
        "Profit": 132,
        "Profit before tax": 144,
        "Present corporate income tax expenses": 62,
        "Deferred income taxes expenses": "N/A",
        "The interests of minority shareholders": "N/A",
        "Total Cost of profits": 62,
        "Profit after tax corporate income": 82,
        "Volume": 3980000,
        "Close of Quarter": 3.8,
        "EPS": 66,
        "Non-adjusted EPS": 66,
        "PE": 57.6,
        "Book Price": 14.8
      }
    },
    {
      "quarter": "Q2 2015",
      "income status": {
        "Net sales": 22992,
        "Cost of goods sold": 14604,
        "Gross Profit": 8389,
        "Financial expenses": 4000,
        "Of which: Interest expense": 3999,
        "Cost of sales": "N/A",
        "Enterprise cost management": 3982,
        "Total Operating Expenses": 7982,
        "Total revenue financing activities": 172,
        "Net profit from business activities": 578,
        "Profit": -515,
        "Profit before tax": 63,
        "Present corporate income tax expenses": 34,
        "Deferred income taxes expenses": "N/A",
        "The interests of minority shareholders": "N/A",
        "Total Cost of profits": 34,
        "Profit after tax corporate income": 29,
        "Volume": 3980000,
        "Close of Quarter": 4.9,
        "EPS": 70,
        "Non-adjusted EPS": 70,
        "PE": 70,
        "Book Price": 14.7
      }
    },
    {
      "quarter": "Q1 2015",
      "income status": {
        "Net sales": 31232,
        "Cost of goods sold": 24793,
        "Gross Profit": 6439,
        "Financial expenses": 3514,
        "Of which: Interest expense": 3514,
        "Cost of sales": "N/A",
        "Enterprise cost management": 2707,
        "Total Operating Expenses": 6221,
        "Total revenue financing activities": 8,
        "Net profit from business activities": 226,
        "Profit": -108,
        "Profit before tax": 119,
        "Present corporate income tax expenses": 50,
        "Deferred income taxes expenses": "N/A",
        "The interests of minority shareholders": "N/A",
        "Total Cost of profits": 50,
        "Profit after tax corporate income": 69,
        "Volume": 3980000,
        "Close of Quarter": 4.5,
        "EPS": 115,
        "Non-adjusted EPS": 115,
        "PE": 38.8,
        "Book Price": 14.7
      }
    },
    {
      "quarter": "Q4 2014",
      "income status": {
        "Net sales": 40403,
        "Cost of goods sold": 32545,
        "Gross Profit": 7858,
        "Financial expenses": 3554,
        "Of which: Interest expense": 3554,
        "Cost of sales": "N/A",
        "Enterprise cost management": 3960,
        "Total Operating Expenses": 7514,
        "Total revenue financing activities": 147,
        "Net profit from business activities": 491,
        "Profit": -360,
        "Profit before tax": 122,
        "Present corporate income tax expenses": 42,
        "Deferred income taxes expenses": "N/A",
        "The interests of minority shareholders": "N/A",
        "Total Cost of profits": 42,
        "Profit after tax corporate income": 81,
        "Volume": 3980000,
        "Close of Quarter": 4.7,
        "EPS": 170,
        "Non-adjusted EPS": 170,
        "PE": 27.6,
        "Book Price": 14.7
      }
    },
    {
      "quarter": "Q3 2014",
      "income status": {
        "Net sales": 51794,
        "Cost of goods sold": 43589,
        "Gross Profit": 8205,
        "Financial expenses": 3612,
        "Of which: Interest expense": 3612,
        "Cost of sales": "N/A",
        "Enterprise cost management": 4428,
        "Total Operating Expenses": 8040,
        "Total revenue financing activities": 147,
        "Net profit from business activities": 312,
        "Profit": -151,
        "Profit before tax": 161,
        "Present corporate income tax expenses": 62,
        "Deferred income taxes expenses": "N/A",
        "The interests of minority shareholders": "N/A",
        "Total Cost of profits": 62,
        "Profit after tax corporate income": 99,
        "Volume": 3980000,
        "Close of Quarter": 4.9,
        "EPS": 229,
        "Non-adjusted EPS": 229,
        "PE": 21.5,
        "Book Price": 14.7
      }
    },
    {
      "quarter": "Q2 2014",
      "income status": {
        "Net sales": 63036,
        "Cost of goods sold": 55422,
        "Gross Profit": 7614,
        "Financial expenses": 3807,
        "Of which: Interest expense": 3807,
        "Cost of sales": "N/A",
        "Enterprise cost management": 3519,
        "Total Operating Expenses": 7326,
        "Total revenue financing activities": 168,
        "Net profit from business activities": 456,
        "Profit": -134,
        "Profit before tax": 322,
        "Present corporate income tax expenses": 114,
        "Deferred income taxes expenses": "N/A",
        "The interests of minority shareholders": "N/A",
        "Total Cost of profits": 114,
        "Profit after tax corporate income": 208,
        "Volume": 3980000,
        "Close of Quarter": 5.1,
        "EPS": 244,
        "Non-adjusted EPS": 244,
        "PE": 20.8,
        "Book Price": 14.7
      }
    },
    {
      "quarter": "Q1 2014",
      "income status": {
        "Net sales": 37145,
        "Cost of goods sold": 30890,
        "Gross Profit": 6255,
        "Financial expenses": 3632,
        "Of which: Interest expense": 3632,
        "Cost of sales": "N/A",
        "Enterprise cost management": 2227,
        "Total Operating Expenses": 5859,
        "Total revenue financing activities": 166,
        "Net profit from business activities": 563,
        "Profit": -134,
        "Profit before tax": 429,
        "Present corporate income tax expenses": 141,
        "Deferred income taxes expenses": "N/A",
        "The interests of minority shareholders": "N/A",
        "Total Cost of profits": 141,
        "Profit after tax corporate income": 288,
        "Volume": 3980000,
        "Close of Quarter": 6.0,
        "EPS": 372,
        "Non-adjusted EPS": 372,
        "PE": 16.2,
        "Book Price": 15
      }
    },
    {
      "quarter": "Q4 2013",
      "income status": {
        "Net sales": 90645,
        "Cost of goods sold": 80314,
        "Gross Profit": 10330,
        "Financial expenses": 4662,
        "Of which: Interest expense": 4662,
        "Cost of sales": "N/A",
        "Enterprise cost management": 5232,
        "Total Operating Expenses": 9894,
        "Total revenue financing activities": 344,
        "Net profit from business activities": 780,
        "Profit": -321,
        "Profit before tax": 460,
        "Present corporate income tax expenses": 144,
        "Deferred income taxes expenses": "N/A",
        "The interests of minority shareholders": "N/A",
        "Total Cost of profits": 144,
        "Profit after tax corporate income": 316,
        "Volume": 3980000,
        "Close of Quarter": 5.6,
        "EPS": 487,
        "Non-adjusted EPS": 487,
        "PE": 11.4,
        "Book Price": 14.9
      }
    },
    {
      "quarter": "Q3 2013",
      "income status": {
        "Net sales": 52208,
        "Cost of goods sold": 45199,
        "Gross Profit": 7009,
        "Financial expenses": 4001,
        "Of which: Interest expense": 4000,
        "Cost of sales": "N/A",
        "Enterprise cost management": 3004,
        "Total Operating Expenses": 7005,
        "Total revenue financing activities": 362,
        "Net profit from business activities": 366,
        "Profit": -114,
        "Profit before tax": 252,
        "Present corporate income tax expenses": 92,
        "Deferred income taxes expenses": "N/A",
        "The interests of minority shareholders": "N/A",
        "Total Cost of profits": 92,
        "Profit after tax corporate income": 161,
        "Volume": 3980000,
        "Close of Quarter": 5.9,
        "EPS": 553,
        "Non-adjusted EPS": 553,
        "PE": 10.7,
        "Book Price": 14.8
      }
    },
    {
      "quarter": "Q2 2013",
      "income status": {
        "Net sales": 43504,
        "Cost of goods sold": 34588,
        "Gross Profit": 8915,
        "Financial expenses": 5226,
        "Of which: Interest expense": 5226,
        "Cost of sales": "N/A",
        "Enterprise cost management": 2937,
        "Total Operating Expenses": 8163,
        "Total revenue financing activities": 396,
        "Net profit from business activities": 1148,
        "Profit": -141,
        "Profit before tax": 1006,
        "Present corporate income tax expenses": 291,
        "Deferred income taxes expenses": "N/A",
        "The interests of minority shareholders": "N/A",
        "Total Cost of profits": 291,
        "Profit after tax corporate income": 715,
        "Volume": 3980000,
        "Close of Quarter": 5.2,
        "EPS": 714,
        "Non-adjusted EPS": 714,
        "PE": 7.3,
        "Book Price": 15.4
      }
    },
    {
      "quarter": "Q1 2013",
      "income status": {
        "Net sales": 35158,
        "Cost of goods sold": 25082,
        "Gross Profit": 10076,
        "Financial expenses": 4839,
        "Of which: Interest expense": 4839,
        "Cost of sales": "N/A",
        "Enterprise cost management": 4427,
        "Total Operating Expenses": 9266,
        "Total revenue financing activities": 434,
        "Net profit from business activities": 1244,
        "Profit": -186,
        "Profit before tax": 1058,
        "Present corporate income tax expenses": 312,
        "Deferred income taxes expenses": "N/A",
        "The interests of minority shareholders": "N/A",
        "Total Cost of profits": 312,
        "Profit after tax corporate income": 746,
        "Volume": 3980000,
        "Close of Quarter": 4.1,
        "EPS": 724,
        "Non-adjusted EPS": 724,
        "PE": 5.7,
        "Book Price": 16.6
      }
    },
    {
      "quarter": "Q4 2012",
      "income status": {
        "Net sales": 69639,
        "Cost of goods sold": 60396,
        "Gross Profit": 9242,
        "Financial expenses": 5058,
        "Of which: Interest expense": 5037,
        "Cost of sales": "N/A",
        "Enterprise cost management": 3652,
        "Total Operating Expenses": 8710,
        "Total revenue financing activities": 459,
        "Net profit from business activities": 991,
        "Profit": -155,
        "Profit before tax": 836,
        "Present corporate income tax expenses": 256,
        "Deferred income taxes expenses": "N/A",
        "The interests of minority shareholders": "N/A",
        "Total Cost of profits": 256,
        "Profit after tax corporate income": 580,
        "Volume": 3980000,
        "Close of Quarter": 4.1,
        "EPS": 733,
        "Non-adjusted EPS": 733,
        "PE": 5.7,
        "Book Price": 16.4
      }
    },
    {
      "quarter": "Q3 2012",
      "income status": {
        "Net sales": 72355,
        "Cost of goods sold": 61501,
        "Gross Profit": 10854,
        "Financial expenses": 5571,
        "Of which: Interest expense": 6767,
        "Cost of sales": "N/A",
        "Enterprise cost management": 3359,
        "Total Operating Expenses": 8930,
        "Total revenue financing activities": 539,
        "Net profit from business activities": 2463,
        "Profit": -1124,
        "Profit before tax": 1339,
        "Present corporate income tax expenses": 539,
        "Deferred income taxes expenses": "N/A",
        "The interests of minority shareholders": "N/A",
        "Total Cost of profits": 539,
        "Profit after tax corporate income": 800,
        "Volume": 3980000,
        "Close of Quarter": 4.3,
        "EPS": 1735,
        "Non-adjusted EPS": 1735,
        "PE": 2.5,
        "Book Price": 16.3
      }
    },
    {
      "quarter": "Q2 2012",
      "income status": {
        "Net sales": 52063,
        "Cost of goods sold": 37904,
        "Gross Profit": 14159,
        "Financial expenses": 9181,
        "Of which: Interest expense": 9172,
        "Cost of sales": "N/A",
        "Enterprise cost management": 3904,
        "Total Operating Expenses": 13085,
        "Total revenue financing activities": 685,
        "Net profit from business activities": 1759,
        "Profit": -564,
        "Profit before tax": 1194,
        "Present corporate income tax expenses": 440,
        "Deferred income taxes expenses": "N/A",
        "The interests of minority shareholders": "N/A",
        "Total Cost of profits": 440,
        "Profit after tax corporate income": 754,
        "Volume": 3980000,
        "Close of Quarter": 5.0,
        "EPS": 1952,
        "Non-adjusted EPS": 1952,
        "PE": 2.6,
        "Book Price": 16.1
      }
    },
    {
      "quarter": "Q1 2012",
      "income status": {
        "Net sales": 26736,
        "Cost of goods sold": 15821,
        "Gross Profit": 10915,
        "Financial expenses": 6977,
        "Of which: Interest expense": 6977,
        "Cost of sales": "N/A",
        "Enterprise cost management": 2819,
        "Total Operating Expenses": 9796,
        "Total revenue financing activities": 24,
        "Net profit from business activities": 1143,
        "Profit": -74,
        "Profit before tax": 1069,
        "Present corporate income tax expenses": 286,
        "Deferred income taxes expenses": "N/A",
        "The interests of minority shareholders": "N/A",
        "Total Cost of profits": 286,
        "Profit after tax corporate income": 784,
        "Volume": 3980000,
        "Close of Quarter": 4.9,
        "EPS": 2770,
        "Non-adjusted EPS": 2770,
        "PE": 1.8,
        "Book Price": 17.5
      }
    },
    {
      "quarter": "Q4 2011",
      "income status": {
        "Net sales": 134599,
        "Cost of goods sold": 117422,
        "Gross Profit": 17177,
        "Financial expenses": 7458,
        "Of which: Interest expense": 7458,
        "Cost of sales": "N/A",
        "Enterprise cost management": 3827,
        "Total Operating Expenses": 11285,
        "Total revenue financing activities": 15,
        "Net profit from business activities": 5908,
        "Profit": -588,
        "Profit before tax": 5320,
        "Present corporate income tax expenses": 751,
        "Deferred income taxes expenses": "N/A",
        "The interests of minority shareholders": "N/A",
        "Total Cost of profits": 751,
        "Profit after tax corporate income": 4569,
        "Volume": 3980000,
        "Close of Quarter": 3.7,
        "EPS": 3200,
        "Non-adjusted EPS": 3200,
        "PE": 1.2,
        "Book Price": 17.3
      }
    },
    {
      "quarter": "Q3 2011",
      "income status": {
        "Net sales": 49186,
        "Cost of goods sold": 35598,
        "Gross Profit": 13588,
        "Financial expenses": 6730,
        "Of which: Interest expense": 6806,
        "Cost of sales": "N/A",
        "Enterprise cost management": 4441,
        "Total Operating Expenses": 11171,
        "Total revenue financing activities": 28,
        "Net profit from business activities": 2445,
        "Profit": -477,
        "Profit before tax": 1969,
        "Present corporate income tax expenses": 306,
        "Deferred income taxes expenses": "N/A",
        "The interests of minority shareholders": "N/A",
        "Total Cost of profits": 306,
        "Profit after tax corporate income": 1663,
        "Volume": 3980000,
        "Close of Quarter": 4.3,
        "EPS": 2756,
        "Non-adjusted EPS": 2756,
        "PE": 1.6,
        "Book Price": 16.1
      }
    },
    {
      "quarter": "Q2 2011",
      "income status": {
        "Net sales": 114872,
        "Cost of goods sold": 97451,
        "Gross Profit": 17421,
        "Financial expenses": 7835,
        "Of which: Interest expense": 6594,
        "Cost of sales": "N/A",
        "Enterprise cost management": 4894,
        "Total Operating Expenses": 12729,
        "Total revenue financing activities": 23,
        "Net profit from business activities": 4715,
        "Profit": -104,
        "Profit before tax": 4611,
        "Present corporate income tax expenses": 602,
        "Deferred income taxes expenses": "N/A",
        "The interests of minority shareholders": "N/A",
        "Total Cost of profits": 602,
        "Profit after tax corporate income": 4009,
        "Volume": 3980000,
        "Close of Quarter": 4.3,
        "EPS": 2808,
        "Non-adjusted EPS": 2808,
        "PE": 1.5,
        "Book Price": 15.4
      }
    },
    {
      "quarter": "Q1 2011",
      "income status": {
        "Net sales": 71343,
        "Cost of goods sold": 60931,
        "Gross Profit": 10412,
        "Financial expenses": 4948,
        "Of which: Interest expense": 4948,
        "Cost of sales": "N/A",
        "Enterprise cost management": 2576,
        "Total Operating Expenses": 7524,
        "Total revenue financing activities": 21,
        "Net profit from business activities": 2909,
        "Profit": -44,
        "Profit before tax": 2865,
        "Present corporate income tax expenses": 369,
        "Deferred income taxes expenses": "N/A",
        "The interests of minority shareholders": "N/A",
        "Total Cost of profits": 369,
        "Profit after tax corporate income": 2496,
        "Volume": 3980000,
        "Close of Quarter": 6.2,
        "EPS": 3385,
        "Non-adjusted EPS": 3385,
        "PE": 1.8,
        "Book Price": 15.5
      }
    }
  ]
}