{
  "ticker": "PCG",
  "data": [
    {
      "quarter": "Q4 2016",
      "income status": {
        "Net sales": 82260,
        "Cost of goods sold": 76856,
        "Gross Profit": 5404,
        "Financial expenses": 47,
        "Of which: Interest expense": 47,
        "Cost of sales": 3045,
        "Enterprise cost management": 4957,
        "Total Operating Expenses": 8049,
        "Total revenue financing activities": 2029,
        "Net profit from business activities": -617,
        "Profit": 731,
        "Profit before tax": 115,
        "Present corporate income tax expenses": -11,
        "Deferred income taxes expenses": "N/A",
        "The interests of minority shareholders": "N/A",
        "Total Cost of profits": -11,
        "Profit after tax corporate income": 125,
        "Volume": 18870000,
        "Close of Quarter": 8.6,
        "EPS": 7,
        "Non-adjusted EPS": 7,
        "PE": 1228.6,
        "Book Price": 11
      }
    },
    {
      "quarter": "Q3 2016",
      "income status": {
        "Net sales": 109080,
        "Cost of goods sold": 104913,
        "Gross Profit": 4167,
        "Financial expenses": 24,
        "Of which: Interest expense": 23,
        "Cost of sales": 2920,
        "Enterprise cost management": 4386,
        "Total Operating Expenses": 7330,
        "Total revenue financing activities": 2299,
        "Net profit from business activities": -865,
        "Profit": 574,
        "Profit before tax": -290,
        "Present corporate income tax expenses": "N/A",
        "Deferred income taxes expenses": "N/A",
        "The interests of minority shareholders": "N/A",
        "Total Cost of profits": 0,
        "Profit after tax corporate income": -290,
        "Volume": 18870000,
        "Close of Quarter": 4.5,
        "EPS": 82,
        "Non-adjusted EPS": 82,
        "PE": 54.9,
        "Book Price": 11
      }
    },
    {
      "quarter": "Q2 2016",
      "income status": {
        "Net sales": 145624,
        "Cost of goods sold": 139904,
        "Gross Profit": 5720,
        "Financial expenses": 51,
        "Of which: Interest expense": 18,
        "Cost of sales": 3391,
        "Enterprise cost management": 5403,
        "Total Operating Expenses": 8845,
        "Total revenue financing activities": 2349,
        "Net profit from business activities": -775,
        "Profit": 1724,
        "Profit before tax": 949,
        "Present corporate income tax expenses": 217,
        "Deferred income taxes expenses": -134,
        "The interests of minority shareholders": "N/A",
        "Total Cost of profits": 83,
        "Profit after tax corporate income": 866,
        "Volume": 18870000,
        "Close of Quarter": 7.1,
        "EPS": 96,
        "Non-adjusted EPS": 96,
        "PE": 73.8,
        "Book Price": 11.1
      }
    },
    {
      "quarter": "Q1 2016",
      "income status": {
        "Net sales": 147094,
        "Cost of goods sold": 142002,
        "Gross Profit": 5092,
        "Financial expenses": "N/A",
        "Of which: Interest expense": "N/A",
        "Cost of sales": 3319,
        "Enterprise cost management": 5828,
        "Total Operating Expenses": 9147,
        "Total revenue financing activities": 2396,
        "Net profit from business activities": -1658,
        "Profit": 1093,
        "Profit before tax": -565,
        "Present corporate income tax expenses": "N/A",
        "Deferred income taxes expenses": "N/A",
        "The interests of minority shareholders": "N/A",
        "Total Cost of profits": 0,
        "Profit after tax corporate income": -565,
        "Volume": 18870000,
        "Close of Quarter": 7.7,
        "EPS": 172,
        "Non-adjusted EPS": 172,
        "PE": 44.5,
        "Book Price": 11.3
      }
    },
    {
      "quarter": "Q4 2015",
      "income status": {
        "Net sales": 195211,
        "Cost of goods sold": 187297,
        "Gross Profit": 7914,
        "Financial expenses": "N/A",
        "Of which: Interest expense": "N/A",
        "Cost of sales": 3599,
        "Enterprise cost management": 5547,
        "Total Operating Expenses": 9146,
        "Total revenue financing activities": 2250,
        "Net profit from business activities": 1017,
        "Profit": 936,
        "Profit before tax": 1954,
        "Present corporate income tax expenses": 425,
        "Deferred income taxes expenses": "N/A",
        "The interests of minority shareholders": "N/A",
        "Total Cost of profits": 425,
        "Profit after tax corporate income": 1528,
        "Volume": 18870000,
        "Close of Quarter": 4.9,
        "EPS": 296,
        "Non-adjusted EPS": 296,
        "PE": 16.4,
        "Book Price": 11.3
      }
    },
    {
      "quarter": "Q3 2015",
      "income status": {
        "Net sales": 149024,
        "Cost of goods sold": 143416,
        "Gross Profit": 5608,
        "Financial expenses": "N/A",
        "Of which: Interest expense": "N/A",
        "Cost of sales": 2837,
        "Enterprise cost management": 5460,
        "Total Operating Expenses": 8297,
        "Total revenue financing activities": 2162,
        "Net profit from business activities": -527,
        "Profit": 506,
        "Profit before tax": -21,
        "Present corporate income tax expenses": "N/A",
        "Deferred income taxes expenses": "N/A",
        "The interests of minority shareholders": "N/A",
        "Total Cost of profits": 0,
        "Profit after tax corporate income": -21,
        "Volume": 18870000,
        "Close of Quarter": 4.1,
        "EPS": 190,
        "Non-adjusted EPS": 190,
        "PE": 21.4,
        "Book Price": 11.2
      }
    },
    {
      "quarter": "Q2 2015",
      "income status": {
        "Net sales": 168302,
        "Cost of goods sold": 162772,
        "Gross Profit": 5530,
        "Financial expenses": "N/A",
        "Of which: Interest expense": "N/A",
        "Cost of sales": 2285,
        "Enterprise cost management": 2867,
        "Total Operating Expenses": 5152,
        "Total revenue financing activities": 2273,
        "Net profit from business activities": 2651,
        "Profit": 257,
        "Profit before tax": 2908,
        "Present corporate income tax expenses": 613,
        "Deferred income taxes expenses": "N/A",
        "The interests of minority shareholders": "N/A",
        "Total Cost of profits": 613,
        "Profit after tax corporate income": 2295,
        "Volume": 18870000,
        "Close of Quarter": 5.6,
        "EPS": 355,
        "Non-adjusted EPS": 355,
        "PE": 15.8,
        "Book Price": 11.2
      }
    },
    {
      "quarter": "Q1 2015",
      "income status": {
        "Net sales": 150464,
        "Cost of goods sold": 143322,
        "Gross Profit": 7141,
        "Financial expenses": 1,
        "Of which: Interest expense": "N/A",
        "Cost of sales": 2455,
        "Enterprise cost management": 4908,
        "Total Operating Expenses": 7364,
        "Total revenue financing activities": 2154,
        "Net profit from business activities": 1931,
        "Profit": 382,
        "Profit before tax": 2313,
        "Present corporate income tax expenses": 535,
        "Deferred income taxes expenses": "N/A",
        "The interests of minority shareholders": "N/A",
        "Total Cost of profits": 535,
        "Profit after tax corporate income": 1778,
        "Volume": 18870000,
        "Close of Quarter": 6,
        "EPS": 359,
        "Non-adjusted EPS": 359,
        "PE": 16.7,
        "Book Price": 11.6
      }
    },
    {
      "quarter": "Q4 2014",
      "income status": {
        "Net sales": 193377,
        "Cost of goods sold": 187924,
        "Gross Profit": 5453,
        "Financial expenses": "N/A",
        "Of which: Interest expense": "N/A",
        "Cost of sales": 3124,
        "Enterprise cost management": 5886,
        "Total Operating Expenses": 9010,
        "Total revenue financing activities": 2706,
        "Net profit from business activities": -851,
        "Profit": 260,
        "Profit before tax": -591,
        "Present corporate income tax expenses": -117,
        "Deferred income taxes expenses": "N/A",
        "The interests of minority shareholders": "N/A",
        "Total Cost of profits": -117,
        "Profit after tax corporate income": -474,
        "Volume": 18870000,
        "Close of Quarter": 5.8,
        "EPS": 527,
        "Non-adjusted EPS": 527,
        "PE": 11.0,
        "Book Price": 11.5
      }
    },
    {
      "quarter": "Q3 2014",
      "income status": {
        "Net sales": 234563,
        "Cost of goods sold": 227350,
        "Gross Profit": 7213,
        "Financial expenses": 2,
        "Of which: Interest expense": "N/A",
        "Cost of sales": 2528,
        "Enterprise cost management": 3526,
        "Total Operating Expenses": 6056,
        "Total revenue financing activities": 2807,
        "Net profit from business activities": 3964,
        "Profit": "N/A",
        "Profit before tax": 3965,
        "Present corporate income tax expenses": 872,
        "Deferred income taxes expenses": "N/A",
        "The interests of minority shareholders": "N/A",
        "Total Cost of profits": 872,
        "Profit after tax corporate income": 3092,
        "Volume": 18870000,
        "Close of Quarter": 8.2,
        "EPS": 817,
        "Non-adjusted EPS": 817,
        "PE": 10.0,
        "Book Price": 11.6
      }
    },
    {
      "quarter": "Q2 2014",
      "income status": {
        "Net sales": 232962,
        "Cost of goods sold": 224972,
        "Gross Profit": 7990,
        "Financial expenses": 1,
        "Of which: Interest expense": "N/A",
        "Cost of sales": 2416,
        "Enterprise cost management": 5190,
        "Total Operating Expenses": 7607,
        "Total revenue financing activities": 2714,
        "Net profit from business activities": 3097,
        "Profit": -17,
        "Profit before tax": 3080,
        "Present corporate income tax expenses": 551,
        "Deferred income taxes expenses": 144,
        "The interests of minority shareholders": "N/A",
        "Total Cost of profits": 695,
        "Profit after tax corporate income": 2385,
        "Volume": 18870000,
        "Close of Quarter": 7.2,
        "EPS": 859,
        "Non-adjusted EPS": 859,
        "PE": 8.4,
        "Book Price": 11.4
      }
    },
    {
      "quarter": "Q1 2014",
      "income status": {
        "Net sales": 192370,
        "Cost of goods sold": 183014,
        "Gross Profit": 9356,
        "Financial expenses": 1,
        "Of which: Interest expense": "N/A",
        "Cost of sales": 2006,
        "Enterprise cost management": 3572,
        "Total Operating Expenses": 5579,
        "Total revenue financing activities": 2787,
        "Net profit from business activities": 6564,
        "Profit": -224,
        "Profit before tax": 6339,
        "Present corporate income tax expenses": 1395,
        "Deferred income taxes expenses": "N/A",
        "The interests of minority shareholders": "N/A",
        "Total Cost of profits": 1395,
        "Profit after tax corporate income": 4945,
        "Volume": 18870000,
        "Close of Quarter": 6.9,
        "EPS": 999,
        "Non-adjusted EPS": 999,
        "PE": 6.9,
        "Book Price": 12
      }
    },
    {
      "quarter": "Q4 2013",
      "income status": {
        "Net sales": 240677,
        "Cost of goods sold": 227529,
        "Gross Profit": 13148,
        "Financial expenses": "N/A",
        "Of which: Interest expense": "N/A",
        "Cost of sales": 3785,
        "Enterprise cost management": 6218,
        "Total Operating Expenses": 10003,
        "Total revenue financing activities": 2825,
        "Net profit from business activities": 5970,
        "Profit": 713,
        "Profit before tax": 6684,
        "Present corporate income tax expenses": 1683,
        "Deferred income taxes expenses": "N/A",
        "The interests of minority shareholders": "N/A",
        "Total Cost of profits": 1683,
        "Profit after tax corporate income": 5000,
        "Volume": 18870000,
        "Close of Quarter": 5.9,
        "EPS": 791,
        "Non-adjusted EPS": 791,
        "PE": 7.4,
        "Book Price": 11.7
      }
    },
    {
      "quarter": "Q3 2013",
      "income status": {
        "Net sales": 226170,
        "Cost of goods sold": 213292,
        "Gross Profit": 12878,
        "Financial expenses": 1,
        "Of which: Interest expense": "N/A",
        "Cost of sales": 2290,
        "Enterprise cost management": 8151,
        "Total Operating Expenses": 10442,
        "Total revenue financing activities": 2916,
        "Net profit from business activities": 5353,
        "Profit": -187,
        "Profit before tax": 5166,
        "Present corporate income tax expenses": 1291,
        "Deferred income taxes expenses": "N/A",
        "The interests of minority shareholders": "N/A",
        "Total Cost of profits": 1291,
        "Profit after tax corporate income": 3874,
        "Volume": 18870000,
        "Close of Quarter": 4.2,
        "EPS": 674,
        "Non-adjusted EPS": 674,
        "PE": 6.2,
        "Book Price": 11.5
      }
    },
    {
      "quarter": "Q2 2013",
      "income status": {
        "Net sales": 206995,
        "Cost of goods sold": 195513,
        "Gross Profit": 11482,
        "Financial expenses": 2,
        "Of which: Interest expense": "N/A",
        "Cost of sales": 1927,
        "Enterprise cost management": 5794,
        "Total Operating Expenses": 7723,
        "Total revenue financing activities": 2964,
        "Net profit from business activities": 6722,
        "Profit": -15,
        "Profit before tax": 6706,
        "Present corporate income tax expenses": 1677,
        "Deferred income taxes expenses": "N/A",
        "The interests of minority shareholders": "N/A",
        "Total Cost of profits": 1677,
        "Profit after tax corporate income": 5030,
        "Volume": 18870000,
        "Close of Quarter": 4.7,
        "EPS": 795,
        "Non-adjusted EPS": 795,
        "PE": 5.9,
        "Book Price": 11.3
      }
    },
    {
      "quarter": "Q1 2013",
      "income status": {
        "Net sales": 181356,
        "Cost of goods sold": 175484,
        "Gross Profit": 5871,
        "Financial expenses": 6,
        "Of which: Interest expense": "N/A",
        "Cost of sales": 1797,
        "Enterprise cost management": 5800,
        "Total Operating Expenses": 7603,
        "Total revenue financing activities": 3292,
        "Net profit from business activities": 1560,
        "Profit": -203,
        "Profit before tax": 1357,
        "Present corporate income tax expenses": 339,
        "Deferred income taxes expenses": "N/A",
        "The interests of minority shareholders": "N/A",
        "Total Cost of profits": 339,
        "Profit after tax corporate income": 1018,
        "Volume": 18870000,
        "Close of Quarter": 3.8,
        "EPS": 609,
        "Non-adjusted EPS": 609,
        "PE": 6.3,
        "Book Price": 11.3
      }
    },
    {
      "quarter": "Q4 2012",
      "income status": {
        "Net sales": 230191,
        "Cost of goods sold": 223408,
        "Gross Profit": 6783,
        "Financial expenses": 6,
        "Of which: Interest expense": "N/A",
        "Cost of sales": 2310,
        "Enterprise cost management": 4675,
        "Total Operating Expenses": 6991,
        "Total revenue financing activities": 3464,
        "Net profit from business activities": 3255,
        "Profit": 784,
        "Profit before tax": 4039,
        "Present corporate income tax expenses": 1038,
        "Deferred income taxes expenses": 212,
        "The interests of minority shareholders": "N/A",
        "Total Cost of profits": 1250,
        "Profit after tax corporate income": 2789,
        "Volume": 18870000,
        "Close of Quarter": 4.0,
        "EPS": 346,
        "Non-adjusted EPS": 346,
        "PE": 11.5,
        "Book Price": 11.3
      }
    },
    {
      "quarter": "Q3 2012",
      "income status": {
        "Net sales": 205474,
        "Cost of goods sold": 194189,
        "Gross Profit": 11285,
        "Financial expenses": 5,
        "Of which: Interest expense": "N/A",
        "Cost of sales": 2388,
        "Enterprise cost management": 4855,
        "Total Operating Expenses": 7248,
        "Total revenue financing activities": 3520,
        "Net profit from business activities": 7557,
        "Profit": -148,
        "Profit before tax": 7409,
        "Present corporate income tax expenses": 1249,
        "Deferred income taxes expenses": "N/A",
        "The interests of minority shareholders": "N/A",
        "Total Cost of profits": 1249,
        "Profit after tax corporate income": 6160,
        "Volume": 18870000,
        "Close of Quarter": 3.3,
        "EPS": 487,
        "Non-adjusted EPS": 487,
        "PE": 6.7,
        "Book Price": 11.2
      }
    },
    {
      "quarter": "Q2 2012",
      "income status": {
        "Net sales": 173615,
        "Cost of goods sold": 171750,
        "Gross Profit": 1865,
        "Financial expenses": 3,
        "Of which: Interest expense": -5,
        "Cost of sales": 2024,
        "Enterprise cost management": 4494,
        "Total Operating Expenses": 6521,
        "Total revenue financing activities": 3715,
        "Net profit from business activities": -941,
        "Profit": 2516,
        "Profit before tax": 1575,
        "Present corporate income tax expenses": "N/A",
        "Deferred income taxes expenses": 51,
        "The interests of minority shareholders": "N/A",
        "Total Cost of profits": 51,
        "Profit after tax corporate income": 1524,
        "Volume": 18870000,
        "Close of Quarter": 4.1,
        "EPS": 139,
        "Non-adjusted EPS": 139,
        "PE": 29.1,
        "Book Price": 10.9
      }
    },
    {
      "quarter": "Q1 2012",
      "income status": {
        "Net sales": 190904,
        "Cost of goods sold": 187372,
        "Gross Profit": 3532,
        "Financial expenses": 33,
        "Of which: Interest expense": 5,
        "Cost of sales": 2208,
        "Enterprise cost management": 7553,
        "Total Operating Expenses": 9794,
        "Total revenue financing activities": 4939,
        "Net profit from business activities": -1323,
        "Profit": -2665,
        "Profit before tax": -3988,
        "Present corporate income tax expenses": "N/A",
        "Deferred income taxes expenses": -51,
        "The interests of minority shareholders": "N/A",
        "Total Cost of profits": -51,
        "Profit after tax corporate income": -3937,
        "Volume": 18870000,
        "Close of Quarter": 3.8,
        "EPS": 92,
        "Non-adjusted EPS": 92,
        "PE": 41.0,
        "Book Price": 11.1
      }
    },
    {
      "quarter": "Q4 2011",
      "income status": {
        "Net sales": 181032,
        "Cost of goods sold": 170609,
        "Gross Profit": 10423,
        "Financial expenses": 15,
        "Of which: Interest expense": "N/A",
        "Cost of sales": 2221,
        "Enterprise cost management": 7127,
        "Total Operating Expenses": 9363,
        "Total revenue financing activities": 5306,
        "Net profit from business activities": 6365,
        "Profit": 400,
        "Profit before tax": 6765,
        "Present corporate income tax expenses": 1551,
        "Deferred income taxes expenses": -225,
        "The interests of minority shareholders": "N/A",
        "Total Cost of profits": 1326,
        "Profit after tax corporate income": 5439,
        "Volume": 18870000,
        "Close of Quarter": 4.1,
        "EPS": 375,
        "Non-adjusted EPS": 375,
        "PE": 10.9,
        "Book Price": 11.4
      }
    },
    {
      "quarter": "Q3 2011",
      "income status": {
        "Net sales": 130700,
        "Cost of goods sold": 129277,
        "Gross Profit": 1423,
        "Financial expenses": 95,
        "Of which: Interest expense": 19,
        "Cost of sales": 1648,
        "Enterprise cost management": 5388,
        "Total Operating Expenses": 7131,
        "Total revenue financing activities": 5297,
        "Net profit from business activities": -412,
        "Profit": 4,
        "Profit before tax": -408,
        "Present corporate income tax expenses": "N/A",
        "Deferred income taxes expenses": "N/A",
        "The interests of minority shareholders": "N/A",
        "Total Cost of profits": 0,
        "Profit after tax corporate income": -408,
        "Volume": 18870000,
        "Close of Quarter": 3.6,
        "EPS": 355,
        "Non-adjusted EPS": 355,
        "PE": 10.2,
        "Book Price": 11.1
      }
    },
    {
      "quarter": "Q2 2011",
      "income status": {
        "Net sales": 157824,
        "Cost of goods sold": 154630,
        "Gross Profit": 3193,
        "Financial expenses": 79,
        "Of which: Interest expense": "N/A",
        "Cost of sales": 1912,
        "Enterprise cost management": 6097,
        "Total Operating Expenses": 8088,
        "Total revenue financing activities": 6583,
        "Net profit from business activities": 1689,
        "Profit": -476,
        "Profit before tax": 1213,
        "Present corporate income tax expenses": 567,
        "Deferred income taxes expenses": "N/A",
        "The interests of minority shareholders": "N/A",
        "Total Cost of profits": 567,
        "Profit after tax corporate income": 646,
        "Volume": 18870000,
        "Close of Quarter": 4.3,
        "EPS": 448,
        "Non-adjusted EPS": 448,
        "PE": 9.6,
        "Book Price": 11.1
      }
    },
    {
      "quarter": "Q1 2011",
      "income status": {
        "Net sales": 136141,
        "Cost of goods sold": 133828,
        "Gross Profit": 2312,
        "Financial expenses": 122,
        "Of which: Interest expense": "N/A",
        "Cost of sales": 1140,
        "Enterprise cost management": 5870,
        "Total Operating Expenses": 7132,
        "Total revenue financing activities": 6610,
        "Net profit from business activities": 1791,
        "Profit": 66,
        "Profit before tax": 1857,
        "Present corporate income tax expenses": 464,
        "Deferred income taxes expenses": "N/A",
        "The interests of minority shareholders": "N/A",
        "Total Cost of profits": 464,
        "Profit after tax corporate income": 1393,
        "Volume": 18870000,
        "Close of Quarter": 5.5,
        "EPS": 447,
        "Non-adjusted EPS": 447,
        "PE": 12.3,
        "Book Price": 11.4
      }
    }
  ]
}