{
  "ticker": "DBM",
  "data": [
    {
      "quarter": "Q4 2016",
      "income status": {
        "Net sales": 67649,
        "Cost of goods sold": 59441,
        "Gross Profit": 8207,
        "Financial expenses": "N/A",
        "Of which: Interest expense": "N/A",
        "Cost of sales": 4122,
        "Enterprise cost management": 2888,
        "Total Operating Expenses": 7010,
        "Total revenue financing activities": 355,
        "Net profit from business activities": 1552,
        "Profit": 233,
        "Profit before tax": 1785,
        "Present corporate income tax expenses": 370,
        "Deferred income taxes expenses": "N/A",
        "The interests of minority shareholders": "N/A",
        "Total Cost of profits": 370,
        "Profit after tax corporate income": 1415,
        "Volume": 2912382,
        "Close of Quarter": 22.5,
        "EPS": 2416,
        "Non-adjusted EPS": 2416,
        "PE": 9.3,
        "Book Price": 17.7
      }
    },
    {
      "quarter": "Q1 2016",
      "income status": {
        "Net sales": 68531,
        "Cost of goods sold": 59468,
        "Gross Profit": 9063,
        "Financial expenses": "N/A",
        "Of which: Interest expense": "N/A",
        "Cost of sales": 5744,
        "Enterprise cost management": 2457,
        "Total Operating Expenses": 8201,
        "Total revenue financing activities": 899,
        "Net profit from business activities": 1761,
        "Profit": 137,
        "Profit before tax": 1899,
        "Present corporate income tax expenses": 380,
        "Deferred income taxes expenses": "N/A",
        "The interests of minority shareholders": "N/A",
        "Total Cost of profits": 380,
        "Profit after tax corporate income": 1519,
        "Volume": 2912382,
        "Close of Quarter": 20.0,
        "EPS": 2112,
        "Non-adjusted EPS": 2112,
        "PE": 9.5,
        "Book Price": 16.5
      }
    },
    {
      "quarter": "Q3 2015",
      "income status": {
        "Net sales": 77504,
        "Cost of goods sold": 68544,
        "Gross Profit": 8960,
        "Financial expenses": "N/A",
        "Of which: Interest expense": "N/A",
        "Cost of sales": 5583,
        "Enterprise cost management": 1515,
        "Total Operating Expenses": 7098,
        "Total revenue financing activities": 195,
        "Net profit from business activities": 2058,
        "Profit": 289,
        "Profit before tax": 2348,
        "Present corporate income tax expenses": 517,
        "Deferred income taxes expenses": "N/A",
        "The interests of minority shareholders": "N/A",
        "Total Cost of profits": 517,
        "Profit after tax corporate income": 1831,
        "Volume": 2912382,
        "Close of Quarter": 22.8,
        "EPS": 1732,
        "Non-adjusted EPS": 1732,
        "PE": 13.2,
        "Book Price": 15.2
      }
    },
    {
      "quarter": "Q2 2015",
      "income status": {
        "Net sales": 71053,
        "Cost of goods sold": 61913,
        "Gross Profit": 9140,
        "Financial expenses": "N/A",
        "Of which: Interest expense": "N/A",
        "Cost of sales": 5122,
        "Enterprise cost management": 1641,
        "Total Operating Expenses": 6763,
        "Total revenue financing activities": 358,
        "Net profit from business activities": 2735,
        "Profit": 176,
        "Profit before tax": 2911,
        "Present corporate income tax expenses": 640,
        "Deferred income taxes expenses": "N/A",
        "The interests of minority shareholders": "N/A",
        "Total Cost of profits": 640,
        "Profit after tax corporate income": 2271,
        "Volume": 2912382,
        "Close of Quarter": 23.5,
        "EPS": 2098,
        "Non-adjusted EPS": 2098,
        "PE": 11.2,
        "Book Price": 14.7
      }
    },
    {
      "quarter": "Q1 2015",
      "income status": {
        "Net sales": 65575,
        "Cost of goods sold": 58538,
        "Gross Profit": 7038,
        "Financial expenses": "N/A",
        "Of which: Interest expense": "N/A",
        "Cost of sales": 4667,
        "Enterprise cost management": 2217,
        "Total Operating Expenses": 6884,
        "Total revenue financing activities": 383,
        "Net profit from business activities": 536,
        "Profit": 142,
        "Profit before tax": 678,
        "Present corporate income tax expenses": 149,
        "Deferred income taxes expenses": "N/A",
        "The interests of minority shareholders": "N/A",
        "Total Cost of profits": 149,
        "Profit after tax corporate income": 529,
        "Volume": 2912382,
        "Close of Quarter": 24.8,
        "EPS": 2620,
        "Non-adjusted EPS": 2620,
        "PE": 9.5,
        "Book Price": 15.5
      }
    },
    {
      "quarter": "Q4 2014",
      "income status": {
        "Net sales": 81524,
        "Cost of goods sold": 69700,
        "Gross Profit": 11824,
        "Financial expenses": "N/A",
        "Of which: Interest expense": "N/A",
        "Cost of sales": 8132,
        "Enterprise cost management": 3278,
        "Total Operating Expenses": 11410,
        "Total revenue financing activities": 212,
        "Net profit from business activities": 626,
        "Profit": 24,
        "Profit before tax": 650,
        "Present corporate income tax expenses": 237,
        "Deferred income taxes expenses": "N/A",
        "The interests of minority shareholders": "N/A",
        "Total Cost of profits": 237,
        "Profit after tax corporate income": 413,
        "Volume": 2912382,
        "Close of Quarter": 25.2,
        "EPS": 3378,
        "Non-adjusted EPS": 3378,
        "PE": 7.5,
        "Book Price": 15.3
      }
    },
    {
      "quarter": "Q3 2014",
      "income status": {
        "Net sales": 94045,
        "Cost of goods sold": 79772,
        "Gross Profit": 14273,
        "Financial expenses": "N/A",
        "Of which: Interest expense": "N/A",
        "Cost of sales": 6482,
        "Enterprise cost management": 4409,
        "Total Operating Expenses": 10891,
        "Total revenue financing activities": 214,
        "Net profit from business activities": 3596,
        "Profit": 438,
        "Profit before tax": 4033,
        "Present corporate income tax expenses": 1137,
        "Deferred income taxes expenses": "N/A",
        "The interests of minority shareholders": "N/A",
        "Total Cost of profits": 1137,
        "Profit after tax corporate income": 2896,
        "Volume": 2912382,
        "Close of Quarter": 23.2,
        "EPS": 3754,
        "Non-adjusted EPS": 3754,
        "PE": 6.2,
        "Book Price": 15.2
      }
    },
    {
      "quarter": "Q2 2014",
      "income status": {
        "Net sales": 103301,
        "Cost of goods sold": 87060,
        "Gross Profit": 16241,
        "Financial expenses": "N/A",
        "Of which: Interest expense": "N/A",
        "Cost of sales": 8799,
        "Enterprise cost management": 2843,
        "Total Operating Expenses": 11642,
        "Total revenue financing activities": 227,
        "Net profit from business activities": 4825,
        "Profit": 36,
        "Profit before tax": 4861,
        "Present corporate income tax expenses": 1069,
        "Deferred income taxes expenses": "N/A",
        "The interests of minority shareholders": "N/A",
        "Total Cost of profits": 1069,
        "Profit after tax corporate income": 3792,
        "Volume": 1941588,
        "Close of Quarter": 22.1,
        "EPS": 3424.7,
        "Non-adjusted EPS": 5137,
        "PE": 4.3,
        "Book Price": 14.2
      }
    },
    {
      "quarter": "Q1 2014",
      "income status": {
        "Net sales": 82980,
        "Cost of goods sold": 71236,
        "Gross Profit": 11744,
        "Financial expenses": "N/A",
        "Of which: Interest expense": "N/A",
        "Cost of sales": 6377,
        "Enterprise cost management": 2370,
        "Total Operating Expenses": 8747,
        "Total revenue financing activities": 216,
        "Net profit from business activities": 3213,
        "Profit": 310,
        "Profit before tax": 3523,
        "Present corporate income tax expenses": 786,
        "Deferred income taxes expenses": "N/A",
        "The interests of minority shareholders": "N/A",
        "Total Cost of profits": 786,
        "Profit after tax corporate income": 2737,
        "Volume": 1941588,
        "Close of Quarter": 31.4,
        "EPS": 2122,
        "Non-adjusted EPS": 3183,
        "PE": 9.9,
        "Book Price": 14.7
      }
    },
    {
      "quarter": "Q4 2013",
      "income status": {
        "Net sales": 83569,
        "Cost of goods sold": 71374,
        "Gross Profit": 12195,
        "Financial expenses": "N/A",
        "Of which: Interest expense": "N/A",
        "Cost of sales": 7663,
        "Enterprise cost management": 2639,
        "Total Operating Expenses": 10302,
        "Total revenue financing activities": 215,
        "Net profit from business activities": 2107,
        "Profit": 100,
        "Profit before tax": 2207,
        "Present corporate income tax expenses": 699,
        "Deferred income taxes expenses": "N/A",
        "The interests of minority shareholders": "N/A",
        "Total Cost of profits": 699,
        "Profit after tax corporate income": 1508,
        "Volume": 1941588,
        "Close of Quarter": 17.8,
        "EPS": 1182.7,
        "Non-adjusted EPS": 1774,
        "PE": 10.0,
        "Book Price": 13.8
      }
    },
    {
      "quarter": "Q3 2013",
      "income status": {
        "Net sales": 80492,
        "Cost of goods sold": 68318,
        "Gross Profit": 12174,
        "Financial expenses": 14,
        "Of which: Interest expense": "N/A",
        "Cost of sales": 6018,
        "Enterprise cost management": 3564,
        "Total Operating Expenses": 9596,
        "Total revenue financing activities": 313,
        "Net profit from business activities": 2892,
        "Profit": 220,
        "Profit before tax": 3111,
        "Present corporate income tax expenses": 1176,
        "Deferred income taxes expenses": "N/A",
        "The interests of minority shareholders": "N/A",
        "Total Cost of profits": 1176,
        "Profit after tax corporate income": 1936,
        "Volume": 1941588,
        "Close of Quarter": 10.6,
        "EPS": 664.7,
        "Non-adjusted EPS": 997,
        "PE": 10.7,
        "Book Price": 13.3
      }
    }
  ]
}