{
  "ticker": "IJC",
  "data": [
    {
      "quarter": "Q4 2016",
      "income status": {
        "Net sales": 304115,
        "Cost of goods sold": 177351,
        "Gross Profit": 126764,
        "Financial expenses": 40367,
        "Of which: Interest expense": 21098,
        "Cost of sales": 11310,
        "Enterprise cost management": 10911,
        "Total Operating Expenses": 62588,
        "Total revenue financing activities": -5986,
        "Net profit from business activities": 58189,
        "Profit": 158,
        "Profit before tax": 58348,
        "Present corporate income tax expenses": 13729,
        "Deferred income taxes expenses": "N/A",
        "The interests of minority shareholders": "N/A",
        "Total Cost of profits": 13729,
        "Profit after tax corporate income": 44619,
        "Volume": 274194525,
        "Close of Quarter": 7.8,
        "EPS": 503,
        "Non-adjusted EPS": 503,
        "PE": 15.5,
        "Book Price": 10.9
      }
    },
    {
      "quarter": "Q3 2016",
      "income status": {
        "Net sales": 1402145,
        "Cost of goods sold": 1279253,
        "Gross Profit": 122892,
        "Financial expenses": 27946,
        "Of which: Interest expense": 15125,
        "Cost of sales": 9648,
        "Enterprise cost management": 8497,
        "Total Operating Expenses": 46091,
        "Total revenue financing activities": 687,
        "Net profit from business activities": 77488,
        "Profit": 1459,
        "Profit before tax": 78947,
        "Present corporate income tax expenses": 12801,
        "Deferred income taxes expenses": "N/A",
        "The interests of minority shareholders": "N/A",
        "Total Cost of profits": 12801,
        "Profit after tax corporate income": 66146,
        "Volume": 274194525,
        "Close of Quarter": 7.7,
        "EPS": 492,
        "Non-adjusted EPS": 492,
        "PE": 15.7,
        "Book Price": 10.7
      }
    },
    {
      "quarter": "Q2 2016",
      "income status": {
        "Net sales": 130899,
        "Cost of goods sold": 76952,
        "Gross Profit": 53947,
        "Financial expenses": 28423,
        "Of which: Interest expense": 25165,
        "Cost of sales": 8072,
        "Enterprise cost management": 7046,
        "Total Operating Expenses": 43541,
        "Total revenue financing activities": 750,
        "Net profit from business activities": 11155,
        "Profit": 754,
        "Profit before tax": 11909,
        "Present corporate income tax expenses": 2197,
        "Deferred income taxes expenses": "N/A",
        "The interests of minority shareholders": "N/A",
        "Total Cost of profits": 2197,
        "Profit after tax corporate income": 9712,
        "Volume": 274194525,
        "Close of Quarter": 8.4,
        "EPS": 343,
        "Non-adjusted EPS": 343,
        "PE": 24.4,
        "Book Price": 10.5
      }
    },
    {
      "quarter": "Q1 2016",
      "income status": {
        "Net sales": 122500,
        "Cost of goods sold": 65813,
        "Gross Profit": 56687,
        "Financial expenses": 19499,
        "Of which: Interest expense": 16241,
        "Cost of sales": 8203,
        "Enterprise cost management": 9319,
        "Total Operating Expenses": 37021,
        "Total revenue financing activities": 839,
        "Net profit from business activities": 20506,
        "Profit": 446,
        "Profit before tax": 20951,
        "Present corporate income tax expenses": 3593,
        "Deferred income taxes expenses": "N/A",
        "The interests of minority shareholders": "N/A",
        "Total Cost of profits": 3593,
        "Profit after tax corporate income": 17358,
        "Volume": 274194525,
        "Close of Quarter": 7.5,
        "EPS": 401,
        "Non-adjusted EPS": 401,
        "PE": 18.7,
        "Book Price": 10.9
      }
    },
    {
      "quarter": "Q4 2015",
      "income status": {
        "Net sales": 233227,
        "Cost of goods sold": 163357,
        "Gross Profit": 69870,
        "Financial expenses": 26746,
        "Of which: Interest expense": 23416,
        "Cost of sales": 9503,
        "Enterprise cost management": 8500,
        "Total Operating Expenses": 44749,
        "Total revenue financing activities": 7907,
        "Net profit from business activities": 33028,
        "Profit": 16447,
        "Profit before tax": 49474,
        "Present corporate income tax expenses": 7891,
        "Deferred income taxes expenses": "N/A",
        "The interests of minority shareholders": "N/A",
        "Total Cost of profits": 7891,
        "Profit after tax corporate income": 41583,
        "Volume": 274194525,
        "Close of Quarter": 6.8,
        "EPS": 461,
        "Non-adjusted EPS": 461,
        "PE": 14.8,
        "Book Price": 10.8
      }
    },
    {
      "quarter": "Q3 2015",
      "income status": {
        "Net sales": 129338,
        "Cost of goods sold": 68606,
        "Gross Profit": 60732,
        "Financial expenses": 18266,
        "Of which: Interest expense": 15008,
        "Cost of sales": 7688,
        "Enterprise cost management": 5282,
        "Total Operating Expenses": 31236,
        "Total revenue financing activities": 753,
        "Net profit from business activities": 30249,
        "Profit": 104,
        "Profit before tax": 30353,
        "Present corporate income tax expenses": 4846,
        "Deferred income taxes expenses": "N/A",
        "The interests of minority shareholders": "N/A",
        "Total Cost of profits": 4846,
        "Profit after tax corporate income": 25507,
        "Volume": 274194525,
        "Close of Quarter": 8.4,
        "EPS": 966,
        "Non-adjusted EPS": 966,
        "PE": 8.7,
        "Book Price": 10.7
      }
    },
    {
      "quarter": "Q2 2015",
      "income status": {
        "Net sales": 184891,
        "Cost of goods sold": 109960,
        "Gross Profit": 74930,
        "Financial expenses": 28748,
        "Of which: Interest expense": 25491,
        "Cost of sales": 10314,
        "Enterprise cost management": 5633,
        "Total Operating Expenses": 44695,
        "Total revenue financing activities": 446,
        "Net profit from business activities": 30681,
        "Profit": 11,
        "Profit before tax": 30692,
        "Present corporate income tax expenses": 5221,
        "Deferred income taxes expenses": "N/A",
        "The interests of minority shareholders": "N/A",
        "Total Cost of profits": 5221,
        "Profit after tax corporate income": 25472,
        "Volume": 274194525,
        "Close of Quarter": 10.2,
        "EPS": 942,
        "Non-adjusted EPS": 942,
        "PE": 10.8,
        "Book Price": 10.6
      }
    },
    {
      "quarter": "Q1 2015",
      "income status": {
        "Net sales": 141873,
        "Cost of goods sold": 75506,
        "Gross Profit": 66367,
        "Financial expenses": 10398,
        "Of which: Interest expense": 7176,
        "Cost of sales": 9727,
        "Enterprise cost management": 5625,
        "Total Operating Expenses": 25750,
        "Total revenue financing activities": 432,
        "Net profit from business activities": 41049,
        "Profit": 11,
        "Profit before tax": 41059,
        "Present corporate income tax expenses": 7167,
        "Deferred income taxes expenses": "N/A",
        "The interests of minority shareholders": "N/A",
        "Total Cost of profits": 7167,
        "Profit after tax corporate income": 33892,
        "Volume": 274194525,
        "Close of Quarter": 9.7,
        "EPS": 896,
        "Non-adjusted EPS": 896,
        "PE": 10.8,
        "Book Price": 11.3
      }
    },
    {
      "quarter": "Q4 2014",
      "income status": {
        "Net sales": 770907,
        "Cost of goods sold": 510052,
        "Gross Profit": 260855,
        "Financial expenses": 17797,
        "Of which: Interest expense": 11210,
        "Cost of sales": 15184,
        "Enterprise cost management": 7199,
        "Total Operating Expenses": 40180,
        "Total revenue financing activities": 1145,
        "Net profit from business activities": 221820,
        "Profit": -1501,
        "Profit before tax": 220318,
        "Present corporate income tax expenses": 40304,
        "Deferred income taxes expenses": "N/A",
        "The interests of minority shareholders": "N/A",
        "Total Cost of profits": 40304,
        "Profit after tax corporate income": 180014,
        "Volume": 274194525,
        "Close of Quarter": 11.7,
        "EPS": 841,
        "Non-adjusted EPS": 841,
        "PE": 14.0,
        "Book Price": 11.2
      }
    },
    {
      "quarter": "Q3 2014",
      "income status": {
        "Net sales": 75828,
        "Cost of goods sold": 32846,
        "Gross Profit": 42981,
        "Financial expenses": 9956,
        "Of which: Interest expense": 9956,
        "Cost of sales": 8185,
        "Enterprise cost management": 3767,
        "Total Operating Expenses": 21908,
        "Total revenue financing activities": 510,
        "Net profit from business activities": 21584,
        "Profit": 37,
        "Profit before tax": 21621,
        "Present corporate income tax expenses": 2764,
        "Deferred income taxes expenses": "N/A",
        "The interests of minority shareholders": "N/A",
        "Total Cost of profits": 2764,
        "Profit after tax corporate income": 18857,
        "Volume": 274194525,
        "Close of Quarter": 11.9,
        "EPS": 618,
        "Non-adjusted EPS": 618,
        "PE": 19.3,
        "Book Price": 10.5
      }
    },
    {
      "quarter": "Q2 2014",
      "income status": {
        "Net sales": 103880,
        "Cost of goods sold": 58000,
        "Gross Profit": 45880,
        "Financial expenses": 15304,
        "Of which: Interest expense": 8804,
        "Cost of sales": 8455,
        "Enterprise cost management": 6139,
        "Total Operating Expenses": 29898,
        "Total revenue financing activities": 550,
        "Net profit from business activities": 16532,
        "Profit": -769,
        "Profit before tax": 15763,
        "Present corporate income tax expenses": 2929,
        "Deferred income taxes expenses": "N/A",
        "The interests of minority shareholders": "N/A",
        "Total Cost of profits": 2929,
        "Profit after tax corporate income": 12834,
        "Volume": 274194525,
        "Close of Quarter": 10.4,
        "EPS": 599,
        "Non-adjusted EPS": 599,
        "PE": 17.3,
        "Book Price": 10.5
      }
    },
    {
      "quarter": "Q1 2014",
      "income status": {
        "Net sales": 85183,
        "Cost of goods sold": 40767,
        "Gross Profit": 44416,
        "Financial expenses": 8431,
        "Of which: Interest expense": 8431,
        "Cost of sales": 8462,
        "Enterprise cost management": 5951,
        "Total Operating Expenses": 22844,
        "Total revenue financing activities": 161,
        "Net profit from business activities": 21733,
        "Profit": -1191,
        "Profit before tax": 20542,
        "Present corporate income tax expenses": 1684,
        "Deferred income taxes expenses": "N/A",
        "The interests of minority shareholders": "N/A",
        "Total Cost of profits": 1684,
        "Profit after tax corporate income": 18857,
        "Volume": 274194525,
        "Close of Quarter": 11.8,
        "EPS": 603,
        "Non-adjusted EPS": 603,
        "PE": 19.6,
        "Book Price": 11
      }
    },
    {
      "quarter": "Q4 2013",
      "income status": {
        "Net sales": 421357,
        "Cost of goods sold": 267935,
        "Gross Profit": 153422,
        "Financial expenses": 26788,
        "Of which: Interest expense": 10712,
        "Cost of sales": 17730,
        "Enterprise cost management": 6294,
        "Total Operating Expenses": 50812,
        "Total revenue financing activities": 31073,
        "Net profit from business activities": 133684,
        "Profit": -3064,
        "Profit before tax": 130620,
        "Present corporate income tax expenses": 11732,
        "Deferred income taxes expenses": "N/A",
        "The interests of minority shareholders": "N/A",
        "Total Cost of profits": 11732,
        "Profit after tax corporate income": 118888,
        "Volume": 274194525,
        "Close of Quarter": 7.5,
        "EPS": 592,
        "Non-adjusted EPS": 592,
        "PE": 12.6,
        "Book Price": 11
      }
    },
    {
      "quarter": "Q3 2013",
      "income status": {
        "Net sales": 45837,
        "Cost of goods sold": 9433,
        "Gross Profit": 36404,
        "Financial expenses": 6944,
        "Of which: Interest expense": 6944,
        "Cost of sales": 7739,
        "Enterprise cost management": 4432,
        "Total Operating Expenses": 19115,
        "Total revenue financing activities": 268,
        "Net profit from business activities": 17557,
        "Profit": 1072,
        "Profit before tax": 18629,
        "Present corporate income tax expenses": 4980,
        "Deferred income taxes expenses": "N/A",
        "The interests of minority shareholders": "N/A",
        "Total Cost of profits": 4980,
        "Profit after tax corporate income": 13650,
        "Volume": 274194525,
        "Close of Quarter": 6.0,
        "EPS": 212,
        "Non-adjusted EPS": 212,
        "PE": 28.2,
        "Book Price": 10.5
      }
    },
    {
      "quarter": "Q2 2013",
      "income status": {
        "Net sales": 64393,
        "Cost of goods sold": 28264,
        "Gross Profit": 36129,
        "Financial expenses": 6351,
        "Of which: Interest expense": 6351,
        "Cost of sales": 9320,
        "Enterprise cost management": 4837,
        "Total Operating Expenses": 20508,
        "Total revenue financing activities": 1137,
        "Net profit from business activities": 16759,
        "Profit": 718,
        "Profit before tax": 17476,
        "Present corporate income tax expenses": 3544,
        "Deferred income taxes expenses": "N/A",
        "The interests of minority shareholders": "N/A",
        "Total Cost of profits": 3544,
        "Profit after tax corporate income": 13933,
        "Volume": 274194525,
        "Close of Quarter": 6.6,
        "EPS": 390,
        "Non-adjusted EPS": 390,
        "PE": 17.0,
        "Book Price": 10.5
      }
    },
    {
      "quarter": "Q1 2013",
      "income status": {
        "Net sales": 83428,
        "Cost of goods sold": 46393,
        "Gross Profit": 37035,
        "Financial expenses": 5168,
        "Of which: Interest expense": 5168,
        "Cost of sales": 7889,
        "Enterprise cost management": 4966,
        "Total Operating Expenses": 18023,
        "Total revenue financing activities": 1036,
        "Net profit from business activities": 20048,
        "Profit": 27,
        "Profit before tax": 20075,
        "Present corporate income tax expenses": 4134,
        "Deferred income taxes expenses": "N/A",
        "The interests of minority shareholders": "N/A",
        "Total Cost of profits": 4134,
        "Profit after tax corporate income": 15941,
        "Volume": 274194525,
        "Close of Quarter": 7.5,
        "EPS": 534,
        "Non-adjusted EPS": 534,
        "PE": 14.0,
        "Book Price": 11.1
      }
    },
    {
      "quarter": "Q4 2012",
      "income status": {
        "Net sales": 80976,
        "Cost of goods sold": 44711,
        "Gross Profit": 36266,
        "Financial expenses": 9573,
        "Of which: Interest expense": 9573,
        "Cost of sales": 10496,
        "Enterprise cost management": 4112,
        "Total Operating Expenses": 24181,
        "Total revenue financing activities": 1980,
        "Net profit from business activities": 14065,
        "Profit": 515,
        "Profit before tax": 14580,
        "Present corporate income tax expenses": -130,
        "Deferred income taxes expenses": "N/A",
        "The interests of minority shareholders": "N/A",
        "Total Cost of profits": -130,
        "Profit after tax corporate income": 14710,
        "Volume": 274194525,
        "Close of Quarter": 7.2,
        "EPS": 672,
        "Non-adjusted EPS": 672,
        "PE": 10.6,
        "Book Price": 11
      }
    },
    {
      "quarter": "Q3 2012",
      "income status": {
        "Net sales": 162612,
        "Cost of goods sold": 57593,
        "Gross Profit": 105018,
        "Financial expenses": 7105,
        "Of which: Interest expense": 7105,
        "Cost of sales": 17331,
        "Enterprise cost management": 4079,
        "Total Operating Expenses": 28515,
        "Total revenue financing activities": 904,
        "Net profit from business activities": 77407,
        "Profit": 135,
        "Profit before tax": 77542,
        "Present corporate income tax expenses": 15311,
        "Deferred income taxes expenses": "N/A",
        "The interests of minority shareholders": "N/A",
        "Total Cost of profits": 15311,
        "Profit after tax corporate income": 62231,
        "Volume": 274194525,
        "Close of Quarter": 6.5,
        "EPS": 1280,
        "Non-adjusted EPS": 1280,
        "PE": 5.0,
        "Book Price": 10.9
      }
    },
    {
      "quarter": "Q2 2012",
      "income status": {
        "Net sales": 185327,
        "Cost of goods sold": 79057,
        "Gross Profit": 106270,
        "Financial expenses": 14057,
        "Of which: Interest expense": 14057,
        "Cost of sales": 26511,
        "Enterprise cost management": 4217,
        "Total Operating Expenses": 44785,
        "Total revenue financing activities": 3694,
        "Net profit from business activities": 65179,
        "Profit": 680,
        "Profit before tax": 65860,
        "Present corporate income tax expenses": 12401,
        "Deferred income taxes expenses": "N/A",
        "The interests of minority shareholders": "N/A",
        "Total Cost of profits": 12401,
        "Profit after tax corporate income": 53459,
        "Volume": 274194525,
        "Close of Quarter": 8.4,
        "EPS": 1308,
        "Non-adjusted EPS": 1308,
        "PE": 6.4,
        "Book Price": 10.7
      }
    },
    {
      "quarter": "Q1 2012",
      "income status": {
        "Net sales": 183797,
        "Cost of goods sold": 95119,
        "Gross Profit": 88678,
        "Financial expenses": 5399,
        "Of which: Interest expense": 5399,
        "Cost of sales": 13469,
        "Enterprise cost management": 4596,
        "Total Operating Expenses": 23464,
        "Total revenue financing activities": 1750,
        "Net profit from business activities": 66964,
        "Profit": 45,
        "Profit before tax": 67009,
        "Present corporate income tax expenses": 13079,
        "Deferred income taxes expenses": "N/A",
        "The interests of minority shareholders": "N/A",
        "Total Cost of profits": 13079,
        "Profit after tax corporate income": 53930,
        "Volume": 274194525,
        "Close of Quarter": 7.9,
        "EPS": 1217,
        "Non-adjusted EPS": 1217,
        "PE": 6.5,
        "Book Price": 11.7
      }
    },
    {
      "quarter": "Q4 2011",
      "income status": {
        "Net sales": 834173,
        "Cost of goods sold": 539795,
        "Gross Profit": 294378,
        "Financial expenses": 9336,
        "Of which: Interest expense": 9336,
        "Cost of sales": 43246,
        "Enterprise cost management": 6280,
        "Total Operating Expenses": 58862,
        "Total revenue financing activities": 2457,
        "Net profit from business activities": 237974,
        "Profit": 221,
        "Profit before tax": 238195,
        "Present corporate income tax expenses": 56878,
        "Deferred income taxes expenses": "N/A",
        "The interests of minority shareholders": "N/A",
        "Total Cost of profits": 56878,
        "Profit after tax corporate income": 181317,
        "Volume": 274194525,
        "Close of Quarter": 6.0,
        "EPS": 1148,
        "Non-adjusted EPS": 1148,
        "PE": 5.2,
        "Book Price": 11.4
      }
    },
    {
      "quarter": "Q3 2011",
      "income status": {
        "Net sales": 316267,
        "Cost of goods sold": 206151,
        "Gross Profit": 110116,
        "Financial expenses": 6615,
        "Of which: Interest expense": 6165,
        "Cost of sales": 14918,
        "Enterprise cost management": 3720,
        "Total Operating Expenses": 25253,
        "Total revenue financing activities": 3838,
        "Net profit from business activities": 88702,
        "Profit": 44,
        "Profit before tax": 88746,
        "Present corporate income tax expenses": 18929,
        "Deferred income taxes expenses": "N/A",
        "The interests of minority shareholders": "N/A",
        "Total Cost of profits": 18929,
        "Profit after tax corporate income": 69817,
        "Volume": 274194525,
        "Close of Quarter": 9.5,
        "EPS": 965,
        "Non-adjusted EPS": 965,
        "PE": 9.9,
        "Book Price": 10.8
      }
    },
    {
      "quarter": "Q2 2011",
      "income status": {
        "Net sales": 88986,
        "Cost of goods sold": 32957,
        "Gross Profit": 56028,
        "Financial expenses": 9845,
        "Of which: Interest expense": 9845,
        "Cost of sales": 10759,
        "Enterprise cost management": 3385,
        "Total Operating Expenses": 23989,
        "Total revenue financing activities": 2873,
        "Net profit from business activities": 34913,
        "Profit": 204,
        "Profit before tax": 35116,
        "Present corporate income tax expenses": 6425,
        "Deferred income taxes expenses": "N/A",
        "The interests of minority shareholders": "N/A",
        "Total Cost of profits": 6425,
        "Profit after tax corporate income": 28691,
        "Volume": 274194525,
        "Close of Quarter": 5.7,
        "EPS": 809,
        "Non-adjusted EPS": 809,
        "PE": 7.0,
        "Book Price": 10.5
      }
    },
    {
      "quarter": "Q1 2011",
      "income status": {
        "Net sales": 81199,
        "Cost of goods sold": 34057,
        "Gross Profit": 47142,
        "Financial expenses": 1669,
        "Of which: Interest expense": 1669,
        "Cost of sales": 5343,
        "Enterprise cost management": 3903,
        "Total Operating Expenses": 10915,
        "Total revenue financing activities": 6303,
        "Net profit from business activities": 42530,
        "Profit": 148,
        "Profit before tax": 42678,
        "Present corporate income tax expenses": 5645,
        "Deferred income taxes expenses": 2016,
        "The interests of minority shareholders": "N/A",
        "Total Cost of profits": 7661,
        "Profit after tax corporate income": 35018,
        "Volume": 274194525,
        "Close of Quarter": 7.4,
        "EPS": 772,
        "Non-adjusted EPS": 772,
        "PE": 9.6,
        "Book Price": 10.5
      }
    }
  ]
}