{
  "ticker": "L14",
  "data": [
    {
      "quarter": "Q4 2016",
      "income status": {
        "Net sales": 85392,
        "Cost of goods sold": 63369,
        "Gross Profit": 22023,
        "Financial expenses": 750,
        "Of which: Interest expense": 750,
        "Cost of sales": 2620,
        "Enterprise cost management": 4113,
        "Total Operating Expenses": 7483,
        "Total revenue financing activities": 2,
        "Net profit from business activities": 14542,
        "Profit": "N/A",
        "Profit before tax": 14542,
        "Present corporate income tax expenses": 2874,
        "Deferred income taxes expenses": "N/A",
        "The interests of minority shareholders": "N/A",
        "Total Cost of profits": 2874,
        "Profit after tax corporate income": 11668,
        "Volume": 4950000,
        "Close of Quarter": 48.1,
        "EPS": 5444,
        "Non-adjusted EPS": 5444,
        "PE": 8.8,
        "Book Price": 18.2
      }
    },
    {
      "quarter": "Q3 2016",
      "income status": {
        "Net sales": 58489,
        "Cost of goods sold": 46742,
        "Gross Profit": 11747,
        "Financial expenses": 692,
        "Of which: Interest expense": 592,
        "Cost of sales": 1231,
        "Enterprise cost management": 2007,
        "Total Operating Expenses": 3930,
        "Total revenue financing activities": 6,
        "Net profit from business activities": 7823,
        "Profit": 23,
        "Profit before tax": 7846,
        "Present corporate income tax expenses": 1568,
        "Deferred income taxes expenses": "N/A",
        "The interests of minority shareholders": "N/A",
        "Total Cost of profits": 1568,
        "Profit after tax corporate income": 6278,
        "Volume": 4950000,
        "Close of Quarter": 44.2,
        "EPS": 4969,
        "Non-adjusted EPS": 4969,
        "PE": 8.9,
        "Book Price": 16.4
      }
    },
    {
      "quarter": "Q2 2016",
      "income status": {
        "Net sales": 52572,
        "Cost of goods sold": 39744,
        "Gross Profit": 12829,
        "Financial expenses": 587,
        "Of which: Interest expense": 762,
        "Cost of sales": 1274,
        "Enterprise cost management": 1528,
        "Total Operating Expenses": 3389,
        "Total revenue financing activities": 4,
        "Net profit from business activities": 9444,
        "Profit": -312,
        "Profit before tax": 9132,
        "Present corporate income tax expenses": 1334,
        "Deferred income taxes expenses": 512,
        "The interests of minority shareholders": "N/A",
        "Total Cost of profits": 1846,
        "Profit after tax corporate income": 7287,
        "Volume": 3398000,
        "Close of Quarter": 58.6,
        "EPS": 4886.9,
        "Non-adjusted EPS": 7119,
        "PE": 8.2,
        "Book Price": 15.1
      }
    },
    {
      "quarter": "Q1 2016",
      "income status": {
        "Net sales": 30367,
        "Cost of goods sold": 25509,
        "Gross Profit": 4858,
        "Financial expenses": 581,
        "Of which: Interest expense": 405,
        "Cost of sales": 709,
        "Enterprise cost management": 1320,
        "Total Operating Expenses": 2610,
        "Total revenue financing activities": 13,
        "Net profit from business activities": 2262,
        "Profit": 20,
        "Profit before tax": 2282,
        "Present corporate income tax expenses": 569,
        "Deferred income taxes expenses": "N/A",
        "The interests of minority shareholders": "N/A",
        "Total Cost of profits": 569,
        "Profit after tax corporate income": 1713,
        "Volume": 3398000,
        "Close of Quarter": 25.7,
        "EPS": 4127.0,
        "Non-adjusted EPS": 6012,
        "PE": 4.3,
        "Book Price": 14.1
      }
    },
    {
      "quarter": "Q4 2015",
      "income status": {
        "Net sales": 58810,
        "Cost of goods sold": 40755,
        "Gross Profit": 18055,
        "Financial expenses": 811,
        "Of which: Interest expense": 811,
        "Cost of sales": 1983,
        "Enterprise cost management": 3326,
        "Total Operating Expenses": 6120,
        "Total revenue financing activities": 11,
        "Net profit from business activities": 11947,
        "Profit": "N/A",
        "Profit before tax": 11947,
        "Present corporate income tax expenses": 2628,
        "Deferred income taxes expenses": "N/A",
        "The interests of minority shareholders": "N/A",
        "Total Cost of profits": 2628,
        "Profit after tax corporate income": 9318,
        "Volume": 3398000,
        "Close of Quarter": 21.7,
        "EPS": 4129.1,
        "Non-adjusted EPS": 6015,
        "PE": 3.6,
        "Book Price": 13.5
      }
    },
    {
      "quarter": "Q3 2015",
      "income status": {
        "Net sales": 34059,
        "Cost of goods sold": 25218,
        "Gross Profit": 8841,
        "Financial expenses": 1159,
        "Of which: Interest expense": 1159,
        "Cost of sales": 838,
        "Enterprise cost management": 1515,
        "Total Operating Expenses": 3512,
        "Total revenue financing activities": 2185,
        "Net profit from business activities": 7514,
        "Profit": "N/A",
        "Profit before tax": 7514,
        "Present corporate income tax expenses": 1642,
        "Deferred income taxes expenses": "N/A",
        "The interests of minority shareholders": "N/A",
        "Total Cost of profits": 1642,
        "Profit after tax corporate income": 5872,
        "Volume": 3398000,
        "Close of Quarter": 32.6,
        "EPS": 4266.4,
        "Non-adjusted EPS": 6215,
        "PE": 5.3,
        "Book Price": 12.5
      }
    },
    {
      "quarter": "Q2 2015",
      "income status": {
        "Net sales": 41647,
        "Cost of goods sold": 32868,
        "Gross Profit": 8779,
        "Financial expenses": 1191,
        "Of which: Interest expense": 1191,
        "Cost of sales": 911,
        "Enterprise cost management": 2148,
        "Total Operating Expenses": 4250,
        "Total revenue financing activities": 6,
        "Net profit from business activities": 4535,
        "Profit": "N/A",
        "Profit before tax": 4535,
        "Present corporate income tax expenses": 1010,
        "Deferred income taxes expenses": "N/A",
        "The interests of minority shareholders": "N/A",
        "Total Cost of profits": 1010,
        "Profit after tax corporate income": 3525,
        "Volume": 2830000,
        "Close of Quarter": 19.2,
        "EPS": 4404.5,
        "Non-adjusted EPS": 7704,
        "PE": 2.5,
        "Book Price": 11.0
      }
    },
    {
      "quarter": "Q1 2015",
      "income status": {
        "Net sales": 35580,
        "Cost of goods sold": 30149,
        "Gross Profit": 5431,
        "Financial expenses": 1322,
        "Of which: Interest expense": 1322,
        "Cost of sales": 578,
        "Enterprise cost management": 1480,
        "Total Operating Expenses": 3380,
        "Total revenue financing activities": 9,
        "Net profit from business activities": 2060,
        "Profit": 150,
        "Profit before tax": 2210,
        "Present corporate income tax expenses": 486,
        "Deferred income taxes expenses": "N/A",
        "The interests of minority shareholders": "N/A",
        "Total Cost of profits": 486,
        "Profit after tax corporate income": 1724,
        "Volume": 2830000,
        "Close of Quarter": 20.2,
        "EPS": 4067.8,
        "Non-adjusted EPS": 7115,
        "PE": 2.8,
        "Book Price": 10.6
      }
    },
    {
      "quarter": "Q4 2014",
      "income status": {
        "Net sales": 85315,
        "Cost of goods sold": 68788,
        "Gross Profit": 16528,
        "Financial expenses": 600,
        "Of which: Interest expense": 600,
        "Cost of sales": 1473,
        "Enterprise cost management": 1654,
        "Total Operating Expenses": 3727,
        "Total revenue financing activities": 13,
        "Net profit from business activities": 12814,
        "Profit": "N/A",
        "Profit before tax": 12814,
        "Present corporate income tax expenses": 2816,
        "Deferred income taxes expenses": "N/A",
        "The interests of minority shareholders": "N/A",
        "Total Cost of profits": 2816,
        "Profit after tax corporate income": 9998,
        "Volume": 2830000,
        "Close of Quarter": 14.6,
        "EPS": 3819.1,
        "Non-adjusted EPS": 6680,
        "PE": 2.2,
        "Book Price": 10.3
      }
    },
    {
      "quarter": "Q3 2014",
      "income status": {
        "Net sales": 43686,
        "Cost of goods sold": 33564,
        "Gross Profit": 10121,
        "Financial expenses": 390,
        "Of which: Interest expense": 390,
        "Cost of sales": 466,
        "Enterprise cost management": 868,
        "Total Operating Expenses": 1724,
        "Total revenue financing activities": 7,
        "Net profit from business activities": 8405,
        "Profit": "N/A",
        "Profit before tax": 8405,
        "Present corporate income tax expenses": 1849,
        "Deferred income taxes expenses": "N/A",
        "The interests of minority shareholders": "N/A",
        "Total Cost of profits": 1849,
        "Profit after tax corporate income": 6556,
        "Volume": 2830000,
        "Close of Quarter": 5.3,
        "EPS": 2063.9,
        "Non-adjusted EPS": 3610,
        "PE": 1.5,
        "Book Price": 8.7
      }
    },
    {
      "quarter": "Q2 2014",
      "income status": {
        "Net sales": 44870,
        "Cost of goods sold": 40552,
        "Gross Profit": 4319,
        "Financial expenses": 565,
        "Of which: Interest expense": 1003,
        "Cost of sales": 650,
        "Enterprise cost management": 751,
        "Total Operating Expenses": 1966,
        "Total revenue financing activities": 5,
        "Net profit from business activities": 2356,
        "Profit": "N/A",
        "Profit before tax": 2356,
        "Present corporate income tax expenses": 300,
        "Deferred income taxes expenses": 199,
        "The interests of minority shareholders": "N/A",
        "Total Cost of profits": 499,
        "Profit after tax corporate income": 1858,
        "Volume": 2830000,
        "Close of Quarter": 4.6,
        "EPS": 894.2,
        "Non-adjusted EPS": 1564,
        "PE": 2.9,
        "Book Price": 7.9
      }
    },
    {
      "quarter": "Q1 2014",
      "income status": {
        "Net sales": 41420,
        "Cost of goods sold": 39150,
        "Gross Profit": 2270,
        "Financial expenses": 438,
        "Of which: Interest expense": "N/A",
        "Cost of sales": 362,
        "Enterprise cost management": 823,
        "Total Operating Expenses": 1623,
        "Total revenue financing activities": 10,
        "Net profit from business activities": 656,
        "Profit": "N/A",
        "Profit before tax": 656,
        "Present corporate income tax expenses": 164,
        "Deferred income taxes expenses": "N/A",
        "The interests of minority shareholders": "N/A",
        "Total Cost of profits": 164,
        "Profit after tax corporate income": 492,
        "Volume": 2830000,
        "Close of Quarter": 5.7,
        "EPS": 694.1,
        "Non-adjusted EPS": 1214,
        "PE": 4.7,
        "Book Price": 7.0
      }
    },
    {
      "quarter": "Q4 2013",
      "income status": {
        "Net sales": 61256,
        "Cost of goods sold": 58542,
        "Gross Profit": 2715,
        "Financial expenses": 345,
        "Of which: Interest expense": "N/A",
        "Cost of sales": 325,
        "Enterprise cost management": 307,
        "Total Operating Expenses": 977,
        "Total revenue financing activities": 10,
        "Net profit from business activities": 1748,
        "Profit": "N/A",
        "Profit before tax": 1748,
        "Present corporate income tax expenses": 437,
        "Deferred income taxes expenses": "N/A",
        "The interests of minority shareholders": "N/A",
        "Total Cost of profits": 437,
        "Profit after tax corporate income": 1311,
        "Volume": 2830000,
        "Close of Quarter": 3.1,
        "EPS": 686.1,
        "Non-adjusted EPS": 1200,
        "PE": 2.6,
        "Book Price": 7.4
      }
    },
    {
      "quarter": "Q3 2013",
      "income status": {
        "Net sales": 39327,
        "Cost of goods sold": 37563,
        "Gross Profit": 1763,
        "Financial expenses": 143,
        "Of which: Interest expense": "N/A",
        "Cost of sales": 250,
        "Enterprise cost management": 364,
        "Total Operating Expenses": 757,
        "Total revenue financing activities": 14,
        "Net profit from business activities": 1020,
        "Profit": "N/A",
        "Profit before tax": 1020,
        "Present corporate income tax expenses": 255,
        "Deferred income taxes expenses": "N/A",
        "The interests of minority shareholders": "N/A",
        "Total Cost of profits": 255,
        "Profit after tax corporate income": 765,
        "Volume": 2830000,
        "Close of Quarter": 2.7,
        "EPS": 668.9,
        "Non-adjusted EPS": 1170,
        "PE": 2.3,
        "Book Price": 7.2
      }
    },
    {
      "quarter": "Q2 2013",
      "income status": {
        "Net sales": 44993,
        "Cost of goods sold": 43055,
        "Gross Profit": 1938,
        "Financial expenses": 9,
        "Of which: Interest expense": 9,
        "Cost of sales": 232,
        "Enterprise cost management": 565,
        "Total Operating Expenses": 806,
        "Total revenue financing activities": 25,
        "Net profit from business activities": 1157,
        "Profit": "N/A",
        "Profit before tax": 1157,
        "Present corporate income tax expenses": 289,
        "Deferred income taxes expenses": "N/A",
        "The interests of minority shareholders": "N/A",
        "Total Cost of profits": 289,
        "Profit after tax corporate income": 868,
        "Volume": 2830000,
        "Close of Quarter": 2.7,
        "EPS": 684.9,
        "Non-adjusted EPS": 1198,
        "PE": 2.3,
        "Book Price": 7.0
      }
    },
    {
      "quarter": "Q1 2013",
      "income status": {
        "Net sales": 22054,
        "Cost of goods sold": 21180,
        "Gross Profit": 875,
        "Financial expenses": "N/A",
        "Of which: Interest expense": "N/A",
        "Cost of sales": 191,
        "Enterprise cost management": 377,
        "Total Operating Expenses": 568,
        "Total revenue financing activities": 112,
        "Net profit from business activities": 419,
        "Profit": 183,
        "Profit before tax": 601,
        "Present corporate income tax expenses": 150,
        "Deferred income taxes expenses": "N/A",
        "The interests of minority shareholders": "N/A",
        "Total Cost of profits": 150,
        "Profit after tax corporate income": 451,
        "Volume": 2830000,
        "Close of Quarter": 3.7,
        "EPS": 698.6,
        "Non-adjusted EPS": 1222,
        "PE": 3.0,
        "Book Price": 6.9
      }
    },
    {
      "quarter": "Q4 2012",
      "income status": {
        "Net sales": 65694,
        "Cost of goods sold": 63390,
        "Gross Profit": 2304,
        "Financial expenses": "N/A",
        "Of which: Interest expense": "N/A",
        "Cost of sales": 194,
        "Enterprise cost management": 950,
        "Total Operating Expenses": 1144,
        "Total revenue financing activities": 42,
        "Net profit from business activities": 1202,
        "Profit": "N/A",
        "Profit before tax": 1202,
        "Present corporate income tax expenses": -26,
        "Deferred income taxes expenses": "N/A",
        "The interests of minority shareholders": "N/A",
        "Total Cost of profits": -26,
        "Profit after tax corporate income": 1228,
        "Volume": 2830000,
        "Close of Quarter": 2.4,
        "EPS": 726.1,
        "Non-adjusted EPS": 1270,
        "PE": 1.9,
        "Book Price": 6.8
      }
    },
    {
      "quarter": "Q3 2012",
      "income status": {
        "Net sales": 36676,
        "Cost of goods sold": 34342,
        "Gross Profit": 2334,
        "Financial expenses": 9,
        "Of which: Interest expense": "N/A",
        "Cost of sales": 173,
        "Enterprise cost management": 1063,
        "Total Operating Expenses": 1245,
        "Total revenue financing activities": 35,
        "Net profit from business activities": 1124,
        "Profit": "N/A",
        "Profit before tax": 1124,
        "Present corporate income tax expenses": 281,
        "Deferred income taxes expenses": "N/A",
        "The interests of minority shareholders": "N/A",
        "Total Cost of profits": 281,
        "Profit after tax corporate income": 843,
        "Volume": 2830000,
        "Close of Quarter": 2.5,
        "EPS": 634.6,
        "Non-adjusted EPS": 1110,
        "PE": 2.2,
        "Book Price": 7.1
      }
    },
    {
      "quarter": "Q2 2012",
      "income status": {
        "Net sales": 40582,
        "Cost of goods sold": 38290,
        "Gross Profit": 2292,
        "Financial expenses": 30,
        "Of which: Interest expense": 63,
        "Cost of sales": 149,
        "Enterprise cost management": 939,
        "Total Operating Expenses": 1118,
        "Total revenue financing activities": 75,
        "Net profit from business activities": 1249,
        "Profit": "N/A",
        "Profit before tax": 1249,
        "Present corporate income tax expenses": 312,
        "Deferred income taxes expenses": "N/A",
        "The interests of minority shareholders": "N/A",
        "Total Cost of profits": 312,
        "Profit after tax corporate income": 937,
        "Volume": 2830000,
        "Close of Quarter": 4.5,
        "EPS": 556.3,
        "Non-adjusted EPS": 973,
        "PE": 4.6,
        "Book Price": 6.9
      }
    },
    {
      "quarter": "Q1 2012",
      "income status": {
        "Net sales": 25495,
        "Cost of goods sold": 24119,
        "Gross Profit": 1376,
        "Financial expenses": 33,
        "Of which: Interest expense": "N/A",
        "Cost of sales": 143,
        "Enterprise cost management": 1004,
        "Total Operating Expenses": 1180,
        "Total revenue financing activities": 541,
        "Net profit from business activities": 736,
        "Profit": 45,
        "Profit before tax": 781,
        "Present corporate income tax expenses": 195,
        "Deferred income taxes expenses": "N/A",
        "The interests of minority shareholders": "N/A",
        "Total Cost of profits": 195,
        "Profit after tax corporate income": 586,
        "Volume": 2830000,
        "Close of Quarter": 3.2,
        "EPS": 728.4,
        "Non-adjusted EPS": 1274,
        "PE": 2.5,
        "Book Price": 6.8
      }
    },
    {
      "quarter": "Q4 2011",
      "income status": {
        "Net sales": 40245,
        "Cost of goods sold": 38501,
        "Gross Profit": 1745,
        "Financial expenses": "N/A",
        "Of which: Interest expense": "N/A",
        "Cost of sales": 139,
        "Enterprise cost management": 1102,
        "Total Operating Expenses": 1241,
        "Total revenue financing activities": 271,
        "Net profit from business activities": 775,
        "Profit": "N/A",
        "Profit before tax": 775,
        "Present corporate income tax expenses": "N/A",
        "Deferred income taxes expenses": "N/A",
        "The interests of minority shareholders": "N/A",
        "Total Cost of profits": 0,
        "Profit after tax corporate income": 775,
        "Volume": 2830000,
        "Close of Quarter": 3.6,
        "EPS": 700.4,
        "Non-adjusted EPS": 1225,
        "PE": 3.0,
        "Book Price": 6.6
      }
    },
    {
      "quarter": "Q3 2011",
      "income status": {
        "Net sales": 20567,
        "Cost of goods sold": 19304,
        "Gross Profit": 1263,
        "Financial expenses": 106,
        "Of which: Interest expense": "N/A",
        "Cost of sales": 159,
        "Enterprise cost management": 754,
        "Total Operating Expenses": 1019,
        "Total revenue financing activities": 364,
        "Net profit from business activities": 608,
        "Profit": "N/A",
        "Profit before tax": 608,
        "Present corporate income tax expenses": 152,
        "Deferred income taxes expenses": "N/A",
        "The interests of minority shareholders": "N/A",
        "Total Cost of profits": 152,
        "Profit after tax corporate income": 456,
        "Volume": 2830000,
        "Close of Quarter": 4.1,
        "EPS": 1088.0,
        "Non-adjusted EPS": 1903,
        "PE": 2.1,
        "Book Price": 7.1
      }
    },
    {
      "quarter": "Q2 2011",
      "income status": {
        "Net sales": 41272,
        "Cost of goods sold": 37529,
        "Gross Profit": 3743,
        "Financial expenses": 478,
        "Of which: Interest expense": "N/A",
        "Cost of sales": 91,
        "Enterprise cost management": 844,
        "Total Operating Expenses": 1413,
        "Total revenue financing activities": 53,
        "Net profit from business activities": 2383,
        "Profit": "N/A",
        "Profit before tax": 2383,
        "Present corporate income tax expenses": 596,
        "Deferred income taxes expenses": "N/A",
        "The interests of minority shareholders": "N/A",
        "Total Cost of profits": 596,
        "Profit after tax corporate income": 1788,
        "Volume": 2830000,
        "Close of Quarter": "N/A",
        "EPS": 1170.3,
        "Non-adjusted EPS": 2047,
        "PE": "N/A",
        "Book Price": "N/A"
      }
    },
    {
      "quarter": "Q1 2011",
      "income status": {
        "Net sales": 20611,
        "Cost of goods sold": 18308,
        "Gross Profit": 2303,
        "Financial expenses": 575,
        "Of which: Interest expense": 575,
        "Cost of sales": 125,
        "Enterprise cost management": 1072,
        "Total Operating Expenses": 1772,
        "Total revenue financing activities": 68,
        "Net profit from business activities": 599,
        "Profit": "N/A",
        "Profit before tax": 599,
        "Present corporate income tax expenses": 150,
        "Deferred income taxes expenses": "N/A",
        "The interests of minority shareholders": "N/A",
        "Total Cost of profits": 150,
        "Profit after tax corporate income": 449,
        "Volume": 2830000,
        "Close of Quarter": "N/A",
        "EPS": 809.0,
        "Non-adjusted EPS": 1415,
        "PE": "N/A",
        "Book Price": 6.9
      }
    }
  ]
}