{
  "ticker": "HMC",
  "data": [
    {
      "quarter": "Q4 2016",
      "income status": {
        "Net sales": 467173,
        "Cost of goods sold": 433614,
        "Gross Profit": 33559,
        "Financial expenses": 7844,
        "Of which: Interest expense": 3826,
        "Cost of sales": 13494,
        "Enterprise cost management": 5289,
        "Total Operating Expenses": 26627,
        "Total revenue financing activities": 6152,
        "Net profit from business activities": 13085,
        "Profit": 16838,
        "Profit before tax": 29923,
        "Present corporate income tax expenses": 6021,
        "Deferred income taxes expenses": "N/A",
        "The interests of minority shareholders": "N/A",
        "Total Cost of profits": 6021,
        "Profit after tax corporate income": 23901,
        "Volume": 21000000,
        "Close of Quarter": 7.6,
        "EPS": 3053,
        "Non-adjusted EPS": 3053,
        "PE": 2.5,
        "Book Price": 16.1
      }
    },
    {
      "quarter": "Q3 2016",
      "income status": {
        "Net sales": 584588,
        "Cost of goods sold": 547106,
        "Gross Profit": 37481,
        "Financial expenses": 4803,
        "Of which: Interest expense": 4663,
        "Cost of sales": 17252,
        "Enterprise cost management": 5719,
        "Total Operating Expenses": 27774,
        "Total revenue financing activities": 2785,
        "Net profit from business activities": 12492,
        "Profit": 111,
        "Profit before tax": 12603,
        "Present corporate income tax expenses": "N/A",
        "Deferred income taxes expenses": "N/A",
        "The interests of minority shareholders": "N/A",
        "Total Cost of profits": 0,
        "Profit after tax corporate income": 12603,
        "Volume": 21000000,
        "Close of Quarter": 7.5,
        "EPS": 34,
        "Non-adjusted EPS": 34,
        "PE": 219.1,
        "Book Price": 15.1
      }
    },
    {
      "quarter": "Q2 2016",
      "income status": {
        "Net sales": 660639,
        "Cost of goods sold": 613026,
        "Gross Profit": 47614,
        "Financial expenses": 11517,
        "Of which: Interest expense": 7143,
        "Cost of sales": 17515,
        "Enterprise cost management": 7333,
        "Total Operating Expenses": 36365,
        "Total revenue financing activities": 4300,
        "Net profit from business activities": 15549,
        "Profit": 1427,
        "Profit before tax": 16976,
        "Present corporate income tax expenses": "N/A",
        "Deferred income taxes expenses": "N/A",
        "The interests of minority shareholders": "N/A",
        "Total Cost of profits": 0,
        "Profit after tax corporate income": 16976,
        "Volume": 21000000,
        "Close of Quarter": 6.9,
        "EPS": -502,
        "Non-adjusted EPS": -502,
        "PE": -13.8,
        "Book Price": 14.5
      }
    },
    {
      "quarter": "Q1 2016",
      "income status": {
        "Net sales": 648959,
        "Cost of goods sold": 618397,
        "Gross Profit": 30562,
        "Financial expenses": 7287,
        "Of which: Interest expense": 6809,
        "Cost of sales": 12126,
        "Enterprise cost management": 3309,
        "Total Operating Expenses": 22722,
        "Total revenue financing activities": 2673,
        "Net profit from business activities": 10513,
        "Profit": 110,
        "Profit before tax": 10623,
        "Present corporate income tax expenses": "N/A",
        "Deferred income taxes expenses": "N/A",
        "The interests of minority shareholders": "N/A",
        "Total Cost of profits": 0,
        "Profit after tax corporate income": 10623,
        "Volume": 21000000,
        "Close of Quarter": 6.7,
        "EPS": -1123,
        "Non-adjusted EPS": -1123,
        "PE": -6.0,
        "Book Price": 13.7
      }
    },
    {
      "quarter": "Q4 2015",
      "income status": {
        "Net sales": 512725,
        "Cost of goods sold": 532400,
        "Gross Profit": -19675,
        "Financial expenses": 14152,
        "Of which: Interest expense": 7642,
        "Cost of sales": 13434,
        "Enterprise cost management": 8829,
        "Total Operating Expenses": 36415,
        "Total revenue financing activities": 7919,
        "Net profit from business activities": -48172,
        "Profit": 7823,
        "Profit before tax": -40349,
        "Present corporate income tax expenses": -853,
        "Deferred income taxes expenses": "N/A",
        "The interests of minority shareholders": "N/A",
        "Total Cost of profits": -853,
        "Profit after tax corporate income": -39496,
        "Volume": 21000000,
        "Close of Quarter": 6.3,
        "EPS": -1591,
        "Non-adjusted EPS": -1591,
        "PE": -4.0,
        "Book Price": 13.2
      }
    },
    {
      "quarter": "Q3 2015",
      "income status": {
        "Net sales": 594916,
        "Cost of goods sold": 575754,
        "Gross Profit": 19162,
        "Financial expenses": 9452,
        "Of which: Interest expense": 10303,
        "Cost of sales": 7068,
        "Enterprise cost management": 2576,
        "Total Operating Expenses": 19096,
        "Total revenue financing activities": 1473,
        "Net profit from business activities": 1540,
        "Profit": 201,
        "Profit before tax": 1740,
        "Present corporate income tax expenses": 383,
        "Deferred income taxes expenses": "N/A",
        "The interests of minority shareholders": "N/A",
        "Total Cost of profits": 383,
        "Profit after tax corporate income": 1358,
        "Volume": 21000000,
        "Close of Quarter": 7.1,
        "EPS": 598,
        "Non-adjusted EPS": 598,
        "PE": 11.9,
        "Book Price": 15
      }
    },
    {
      "quarter": "Q2 2015",
      "income status": {
        "Net sales": 490200,
        "Cost of goods sold": 479594,
        "Gross Profit": 10606,
        "Financial expenses": 9591,
        "Of which: Interest expense": 8919,
        "Cost of sales": 9429,
        "Enterprise cost management": 6220,
        "Total Operating Expenses": 25240,
        "Total revenue financing activities": 2957,
        "Net profit from business activities": -11677,
        "Profit": 16981,
        "Profit before tax": 5305,
        "Present corporate income tax expenses": 1369,
        "Deferred income taxes expenses": "N/A",
        "The interests of minority shareholders": "N/A",
        "Total Cost of profits": 1369,
        "Profit after tax corporate income": 3936,
        "Volume": 21000000,
        "Close of Quarter": 8.2,
        "EPS": 861,
        "Non-adjusted EPS": 861,
        "PE": 9.5,
        "Book Price": 15
      }
    },
    {
      "quarter": "Q1 2015",
      "income status": {
        "Net sales": 444651,
        "Cost of goods sold": 428791,
        "Gross Profit": 15860,
        "Financial expenses": 7617,
        "Of which: Interest expense": 7524,
        "Cost of sales": 6743,
        "Enterprise cost management": 2554,
        "Total Operating Expenses": 16914,
        "Total revenue financing activities": 1998,
        "Net profit from business activities": 944,
        "Profit": 79,
        "Profit before tax": 1023,
        "Present corporate income tax expenses": 225,
        "Deferred income taxes expenses": "N/A",
        "The interests of minority shareholders": "N/A",
        "Total Cost of profits": 225,
        "Profit after tax corporate income": 798,
        "Volume": 21000000,
        "Close of Quarter": 7.8,
        "EPS": 922,
        "Non-adjusted EPS": 922,
        "PE": 8.5,
        "Book Price": 15.8
      }
    },
    {
      "quarter": "Q4 2014",
      "income status": {
        "Net sales": 884458,
        "Cost of goods sold": 834170,
        "Gross Profit": 50287,
        "Financial expenses": 9882,
        "Of which: Interest expense": 9413,
        "Cost of sales": 18478,
        "Enterprise cost management": 30105,
        "Total Operating Expenses": 58465,
        "Total revenue financing activities": 13612,
        "Net profit from business activities": 5434,
        "Profit": 3617,
        "Profit before tax": 9051,
        "Present corporate income tax expenses": 2590,
        "Deferred income taxes expenses": "N/A",
        "The interests of minority shareholders": "N/A",
        "Total Cost of profits": 2590,
        "Profit after tax corporate income": 6461,
        "Volume": 21000000,
        "Close of Quarter": 7.6,
        "EPS": 1117,
        "Non-adjusted EPS": 1117,
        "PE": 6.8,
        "Book Price": 15.7
      }
    },
    {
      "quarter": "Q3 2014",
      "income status": {
        "Net sales": 921509,
        "Cost of goods sold": 895604,
        "Gross Profit": 25904,
        "Financial expenses": 8235,
        "Of which: Interest expense": 8105,
        "Cost of sales": 9717,
        "Enterprise cost management": 3834,
        "Total Operating Expenses": 21786,
        "Total revenue financing activities": 3349,
        "Net profit from business activities": 7467,
        "Profit": 1367,
        "Profit before tax": 8834,
        "Present corporate income tax expenses": 1959,
        "Deferred income taxes expenses": "N/A",
        "The interests of minority shareholders": "N/A",
        "Total Cost of profits": 1959,
        "Profit after tax corporate income": 6876,
        "Volume": 21000000,
        "Close of Quarter": 7.5,
        "EPS": 1096,
        "Non-adjusted EPS": 1096,
        "PE": 6.9,
        "Book Price": 15.4
      }
    },
    {
      "quarter": "Q2 2014",
      "income status": {
        "Net sales": 625282,
        "Cost of goods sold": 602625,
        "Gross Profit": 22656,
        "Financial expenses": 9929,
        "Of which: Interest expense": 9023,
        "Cost of sales": 10216,
        "Enterprise cost management": 1829,
        "Total Operating Expenses": 21974,
        "Total revenue financing activities": 5971,
        "Net profit from business activities": 6654,
        "Profit": 9,
        "Profit before tax": 6663,
        "Present corporate income tax expenses": 1441,
        "Deferred income taxes expenses": "N/A",
        "The interests of minority shareholders": "N/A",
        "Total Cost of profits": 1441,
        "Profit after tax corporate income": 5222,
        "Volume": 21000000,
        "Close of Quarter": 7.5,
        "EPS": 989,
        "Non-adjusted EPS": 989,
        "PE": 7.6,
        "Book Price": 15.6
      }
    },
    {
      "quarter": "Q1 2014",
      "income status": {
        "Net sales": 488597,
        "Cost of goods sold": 463005,
        "Gross Profit": 25592,
        "Financial expenses": 8420,
        "Of which: Interest expense": 8368,
        "Cost of sales": 8001,
        "Enterprise cost management": 3282,
        "Total Operating Expenses": 19703,
        "Total revenue financing activities": 492,
        "Net profit from business activities": 6382,
        "Profit": 121,
        "Profit before tax": 6503,
        "Present corporate income tax expenses": 1602,
        "Deferred income taxes expenses": "N/A",
        "The interests of minority shareholders": "N/A",
        "Total Cost of profits": 1602,
        "Profit after tax corporate income": 4901,
        "Volume": 21000000,
        "Close of Quarter": 7.8,
        "EPS": 1015,
        "Non-adjusted EPS": 1015,
        "PE": 7.7,
        "Book Price": 15.3
      }
    },
    {
      "quarter": "Q4 2013",
      "income status": {
        "Net sales": 576245,
        "Cost of goods sold": 533920,
        "Gross Profit": 42325,
        "Financial expenses": 11284,
        "Of which: Interest expense": 10430,
        "Cost of sales": 13876,
        "Enterprise cost management": 11708,
        "Total Operating Expenses": 36868,
        "Total revenue financing activities": 2109,
        "Net profit from business activities": 7566,
        "Profit": 409,
        "Profit before tax": 7975,
        "Present corporate income tax expenses": 1966,
        "Deferred income taxes expenses": "N/A",
        "The interests of minority shareholders": "N/A",
        "Total Cost of profits": 1966,
        "Profit after tax corporate income": 6010,
        "Volume": 21000000,
        "Close of Quarter": 6.3,
        "EPS": 999,
        "Non-adjusted EPS": 999,
        "PE": 6.3,
        "Book Price": 16.1
      }
    },
    {
      "quarter": "Q3 2013",
      "income status": {
        "Net sales": 805592,
        "Cost of goods sold": 778699,
        "Gross Profit": 26893,
        "Financial expenses": 9366,
        "Of which: Interest expense": 9092,
        "Cost of sales": 9696,
        "Enterprise cost management": 3810,
        "Total Operating Expenses": 22872,
        "Total revenue financing activities": 2093,
        "Net profit from business activities": 6115,
        "Profit": -46,
        "Profit before tax": 6068,
        "Present corporate income tax expenses": 1433,
        "Deferred income taxes expenses": "N/A",
        "The interests of minority shareholders": "N/A",
        "Total Cost of profits": 1433,
        "Profit after tax corporate income": 4635,
        "Volume": 21000000,
        "Close of Quarter": 5.2,
        "EPS": 963,
        "Non-adjusted EPS": 963,
        "PE": 5.4,
        "Book Price": 15.8
      }
    },
    {
      "quarter": "Q2 2013",
      "income status": {
        "Net sales": 885598,
        "Cost of goods sold": 848193,
        "Gross Profit": 37405,
        "Financial expenses": 15165,
        "Of which: Interest expense": 11688,
        "Cost of sales": 10086,
        "Enterprise cost management": 5131,
        "Total Operating Expenses": 30382,
        "Total revenue financing activities": 899,
        "Net profit from business activities": 7923,
        "Profit": 52,
        "Profit before tax": 7975,
        "Present corporate income tax expenses": 2198,
        "Deferred income taxes expenses": "N/A",
        "The interests of minority shareholders": "N/A",
        "Total Cost of profits": 2198,
        "Profit after tax corporate income": 5777,
        "Volume": 21000000,
        "Close of Quarter": 5.7,
        "EPS": 993,
        "Non-adjusted EPS": 993,
        "PE": 5.7,
        "Book Price": 15.6
      }
    },
    {
      "quarter": "Q1 2013",
      "income status": {
        "Net sales": 830500,
        "Cost of goods sold": 803599,
        "Gross Profit": 26901,
        "Financial expenses": 10833,
        "Of which: Interest expense": 10160,
        "Cost of sales": 7438,
        "Enterprise cost management": 3425,
        "Total Operating Expenses": 21696,
        "Total revenue financing activities": 826,
        "Net profit from business activities": 6031,
        "Profit": 45,
        "Profit before tax": 6077,
        "Present corporate income tax expenses": 1519,
        "Deferred income taxes expenses": "N/A",
        "The interests of minority shareholders": "N/A",
        "Total Cost of profits": 1519,
        "Profit after tax corporate income": 4557,
        "Volume": 21000000,
        "Close of Quarter": 5.5,
        "EPS": 1091,
        "Non-adjusted EPS": 1091,
        "PE": 5.0,
        "Book Price": 15.3
      }
    },
    {
      "quarter": "Q4 2012",
      "income status": {
        "Net sales": 931799,
        "Cost of goods sold": 906775,
        "Gross Profit": 25024,
        "Financial expenses": 9714,
        "Of which: Interest expense": 12255,
        "Cost of sales": 10103,
        "Enterprise cost management": 9374,
        "Total Operating Expenses": 29191,
        "Total revenue financing activities": 8585,
        "Net profit from business activities": 4418,
        "Profit": 1893,
        "Profit before tax": 6311,
        "Present corporate income tax expenses": 1048,
        "Deferred income taxes expenses": "N/A",
        "The interests of minority shareholders": "N/A",
        "Total Cost of profits": 1048,
        "Profit after tax corporate income": 5263,
        "Volume": 21000000,
        "Close of Quarter": 5.3,
        "EPS": 1250,
        "Non-adjusted EPS": 1250,
        "PE": 4.2,
        "Book Price": 16.2
      }
    },
    {
      "quarter": "Q3 2012",
      "income status": {
        "Net sales": 924070,
        "Cost of goods sold": 892858,
        "Gross Profit": 31212,
        "Financial expenses": 17410,
        "Of which: Interest expense": 11978,
        "Cost of sales": 6560,
        "Enterprise cost management": 3865,
        "Total Operating Expenses": 27835,
        "Total revenue financing activities": 2628,
        "Net profit from business activities": 6005,
        "Profit": "N/A",
        "Profit before tax": 6005,
        "Present corporate income tax expenses": 751,
        "Deferred income taxes expenses": "N/A",
        "The interests of minority shareholders": "N/A",
        "Total Cost of profits": 751,
        "Profit after tax corporate income": 5255,
        "Volume": 21000000,
        "Close of Quarter": 5.6,
        "EPS": 1471,
        "Non-adjusted EPS": 1471,
        "PE": 3.8,
        "Book Price": 16
      }
    },
    {
      "quarter": "Q2 2012",
      "income status": {
        "Net sales": 1137076,
        "Cost of goods sold": 1093782,
        "Gross Profit": 43293,
        "Financial expenses": 31317,
        "Of which: Interest expense": 23366,
        "Cost of sales": 8847,
        "Enterprise cost management": 4017,
        "Total Operating Expenses": 44181,
        "Total revenue financing activities": 10014,
        "Net profit from business activities": 9126,
        "Profit": "N/A",
        "Profit before tax": 9126,
        "Present corporate income tax expenses": 1293,
        "Deferred income taxes expenses": "N/A",
        "The interests of minority shareholders": "N/A",
        "Total Cost of profits": 1293,
        "Profit after tax corporate income": 7834,
        "Volume": 21000000,
        "Close of Quarter": 6.4,
        "EPS": 1852,
        "Non-adjusted EPS": 1852,
        "PE": 3.5,
        "Book Price": 15.7
      }
    },
    {
      "quarter": "Q1 2012",
      "income status": {
        "Net sales": 1317868,
        "Cost of goods sold": 1277451,
        "Gross Profit": 40417,
        "Financial expenses": 28368,
        "Of which: Interest expense": 24182,
        "Cost of sales": 8437,
        "Enterprise cost management": 3907,
        "Total Operating Expenses": 40712,
        "Total revenue financing activities": 9309,
        "Net profit from business activities": 9014,
        "Profit": 12,
        "Profit before tax": 9026,
        "Present corporate income tax expenses": 1128,
        "Deferred income taxes expenses": "N/A",
        "The interests of minority shareholders": "N/A",
        "Total Cost of profits": 1128,
        "Profit after tax corporate income": 7897,
        "Volume": 21000000,
        "Close of Quarter": 6.7,
        "EPS": 1998,
        "Non-adjusted EPS": 1998,
        "PE": 3.4,
        "Book Price": 15.3
      }
    },
    {
      "quarter": "Q4 2011",
      "income status": {
        "Net sales": 1336727,
        "Cost of goods sold": 1300077,
        "Gross Profit": 36650,
        "Financial expenses": 24930,
        "Of which: Interest expense": 20146,
        "Cost of sales": 11796,
        "Enterprise cost management": 7371,
        "Total Operating Expenses": 44097,
        "Total revenue financing activities": 19127,
        "Net profit from business activities": 11680,
        "Profit": 53,
        "Profit before tax": 11733,
        "Present corporate income tax expenses": 1824,
        "Deferred income taxes expenses": "N/A",
        "The interests of minority shareholders": "N/A",
        "Total Cost of profits": 1824,
        "Profit after tax corporate income": 9909,
        "Volume": 21000000,
        "Close of Quarter": 5.2,
        "EPS": 4277,
        "Non-adjusted EPS": 4277,
        "PE": 1.2,
        "Book Price": 16.5
      }
    },
    {
      "quarter": "Q3 2011",
      "income status": {
        "Net sales": 1560909,
        "Cost of goods sold": 1521527,
        "Gross Profit": 39382,
        "Financial expenses": 17310,
        "Of which: Interest expense": 15515,
        "Cost of sales": 10361,
        "Enterprise cost management": 5146,
        "Total Operating Expenses": 32817,
        "Total revenue financing activities": 11647,
        "Net profit from business activities": 18212,
        "Profit": -3059,
        "Profit before tax": 90522,
        "Present corporate income tax expenses": 1894,
        "Deferred income taxes expenses": "N/A",
        "The interests of minority shareholders": "N/A",
        "Total Cost of profits": 1894,
        "Profit after tax corporate income": 13259,
        "Volume": 21000000,
        "Close of Quarter": 6.1,
        "EPS": 4298,
        "Non-adjusted EPS": 4298,
        "PE": 1.4,
        "Book Price": 16
      }
    },
    {
      "quarter": "Q2 2011",
      "income status": {
        "Net sales": 1305549,
        "Cost of goods sold": 1258734,
        "Gross Profit": 46815,
        "Financial expenses": 37591,
        "Of which: Interest expense": 19833,
        "Cost of sales": 11373,
        "Enterprise cost management": 4386,
        "Total Operating Expenses": 53350,
        "Total revenue financing activities": 18909,
        "Net profit from business activities": 12374,
        "Profit": -42,
        "Profit before tax": 12332,
        "Present corporate income tax expenses": 1434,
        "Deferred income taxes expenses": "N/A",
        "The interests of minority shareholders": "N/A",
        "Total Cost of profits": 1434,
        "Profit after tax corporate income": 10898,
        "Volume": 21000000,
        "Close of Quarter": 5.9,
        "EPS": 4093,
        "Non-adjusted EPS": 4093,
        "PE": 1.4,
        "Book Price": 16.7
      }
    },
    {
      "quarter": "Q1 2011",
      "income status": {
        "Net sales": 2125281,
        "Cost of goods sold": 2074183,
        "Gross Profit": 51098,
        "Financial expenses": 24604,
        "Of which: Interest expense": 15429,
        "Cost of sales": 13326,
        "Enterprise cost management": 6655,
        "Total Operating Expenses": 44585,
        "Total revenue financing activities": 6901,
        "Net profit from business activities": 13414,
        "Profit": 50310,
        "Profit before tax": 63724,
        "Present corporate income tax expenses": 7965,
        "Deferred income taxes expenses": "N/A",
        "The interests of minority shareholders": "N/A",
        "Total Cost of profits": 7965,
        "Profit after tax corporate income": 55758,
        "Volume": 21000000,
        "Close of Quarter": 7,
        "EPS": 4125,
        "Non-adjusted EPS": 4125,
        "PE": 1.7,
        "Book Price": 16.2
      }
    }
  ]
}