{
  "ticker": "DCL",
  "data": [
    {
      "quarter": "Q4 2016",
      "income status": {
        "Net sales": 207100,
        "Cost of goods sold": 139393,
        "Gross Profit": 67707,
        "Financial expenses": 1612,
        "Of which: Interest expense": 1579,
        "Cost of sales": 16056,
        "Enterprise cost management": 9769,
        "Total Operating Expenses": 27437,
        "Total revenue financing activities": 4006,
        "Net profit from business activities": 44276,
        "Profit": 298,
        "Profit before tax": 44574,
        "Present corporate income tax expenses": 6942,
        "Deferred income taxes expenses": 1913,
        "The interests of minority shareholders": "N/A",
        "Total Cost of profits": 8855,
        "Profit after tax corporate income": 35718,
        "Volume": 56332824,
        "Close of Quarter": 23.4,
        "EPS": 1600,
        "Non-adjusted EPS": 1600,
        "PE": 14.6,
        "Book Price": 11.7
      }
    },
    {
      "quarter": "Q3 2016",
      "income status": {
        "Net sales": 175133,
        "Cost of goods sold": 118348,
        "Gross Profit": 56785,
        "Financial expenses": 2057,
        "Of which: Interest expense": 2041,
        "Cost of sales": 25001,
        "Enterprise cost management": 16101,
        "Total Operating Expenses": 43159,
        "Total revenue financing activities": 3139,
        "Net profit from business activities": 16765,
        "Profit": -55,
        "Profit before tax": 16710,
        "Present corporate income tax expenses": 4121,
        "Deferred income taxes expenses": -755,
        "The interests of minority shareholders": "N/A",
        "Total Cost of profits": 3366,
        "Profit after tax corporate income": 13343,
        "Volume": 56332824,
        "Close of Quarter": 17.4,
        "EPS": 1337,
        "Non-adjusted EPS": 1337,
        "PE": 13.0,
        "Book Price": 11
      }
    },
    {
      "quarter": "Q2 2016",
      "income status": {
        "Net sales": 177261,
        "Cost of goods sold": 117618,
        "Gross Profit": 59643,
        "Financial expenses": 1990,
        "Of which: Interest expense": 1969,
        "Cost of sales": 22054,
        "Enterprise cost management": 13067,
        "Total Operating Expenses": 37111,
        "Total revenue financing activities": 3680,
        "Net profit from business activities": 26213,
        "Profit": -314,
        "Profit before tax": 25898,
        "Present corporate income tax expenses": 4501,
        "Deferred income taxes expenses": 685,
        "The interests of minority shareholders": "N/A",
        "Total Cost of profits": 5186,
        "Profit after tax corporate income": 20713,
        "Volume": 20118960,
        "Close of Quarter": 16.9,
        "EPS": 1275.0,
        "Non-adjusted EPS": 3570,
        "PE": 4.7,
        "Book Price": 10.8
      }
    },
    {
      "quarter": "Q1 2016",
      "income status": {
        "Net sales": 178312,
        "Cost of goods sold": 122892,
        "Gross Profit": 55419,
        "Financial expenses": 2468,
        "Of which: Interest expense": 2253,
        "Cost of sales": 19123,
        "Enterprise cost management": 11229,
        "Total Operating Expenses": 32820,
        "Total revenue financing activities": 2762,
        "Net profit from business activities": 25361,
        "Profit": 525,
        "Profit before tax": 25886,
        "Present corporate income tax expenses": 6048,
        "Deferred income taxes expenses": -537,
        "The interests of minority shareholders": "N/A",
        "Total Cost of profits": 5511,
        "Profit after tax corporate income": 20375,
        "Volume": 20118960,
        "Close of Quarter": 12.8,
        "EPS": 1213.2,
        "Non-adjusted EPS": 3397,
        "PE": 3.8,
        "Book Price": 10.4
      }
    },
    {
      "quarter": "Q4 2015",
      "income status": {
        "Net sales": 188623,
        "Cost of goods sold": 129325,
        "Gross Profit": 59297,
        "Financial expenses": 3463,
        "Of which: Interest expense": 3192,
        "Cost of sales": 20863,
        "Enterprise cost management": 11069,
        "Total Operating Expenses": 35395,
        "Total revenue financing activities": 3158,
        "Net profit from business activities": 27061,
        "Profit": -373,
        "Profit before tax": 26688,
        "Present corporate income tax expenses": 5277,
        "Deferred income taxes expenses": 535,
        "The interests of minority shareholders": "N/A",
        "Total Cost of profits": 5812,
        "Profit after tax corporate income": 20876,
        "Volume": 20118960,
        "Close of Quarter": 8.9,
        "EPS": 1075.0,
        "Non-adjusted EPS": 3010,
        "PE": 3.0,
        "Book Price": 10.1
      }
    },
    {
      "quarter": "Q3 2015",
      "income status": {
        "Net sales": 162809,
        "Cost of goods sold": 112579,
        "Gross Profit": 50230,
        "Financial expenses": 3982,
        "Of which: Interest expense": 3394,
        "Cost of sales": 20534,
        "Enterprise cost management": 14751,
        "Total Operating Expenses": 39267,
        "Total revenue financing activities": 366,
        "Net profit from business activities": 11330,
        "Profit": 1431,
        "Profit before tax": 12761,
        "Present corporate income tax expenses": 3137,
        "Deferred income taxes expenses": -232,
        "The interests of minority shareholders": "N/A",
        "Total Cost of profits": 2905,
        "Profit after tax corporate income": 9855,
        "Volume": 10059480,
        "Close of Quarter": 9.0,
        "EPS": 793.0,
        "Non-adjusted EPS": 4441,
        "PE": 2.0,
        "Book Price": 9.7
      }
    },
    {
      "quarter": "Q2 2015",
      "income status": {
        "Net sales": 174297,
        "Cost of goods sold": 120028,
        "Gross Profit": 54269,
        "Financial expenses": 3202,
        "Of which: Interest expense": 2851,
        "Cost of sales": 22782,
        "Enterprise cost management": 6447,
        "Total Operating Expenses": 32431,
        "Total revenue financing activities": 26,
        "Net profit from business activities": 21864,
        "Profit": 265,
        "Profit before tax": 22128,
        "Present corporate income tax expenses": 5322,
        "Deferred income taxes expenses": -425,
        "The interests of minority shareholders": "N/A",
        "Total Cost of profits": 4897,
        "Profit after tax corporate income": 17232,
        "Volume": 10059480,
        "Close of Quarter": 10.6,
        "EPS": 804.8,
        "Non-adjusted EPS": 4507,
        "PE": 2.4,
        "Book Price": 6.0
      }
    },
    {
      "quarter": "Q1 2015",
      "income status": {
        "Net sales": 143836,
        "Cost of goods sold": 102104,
        "Gross Profit": 41731,
        "Financial expenses": 3363,
        "Of which: Interest expense": 3167,
        "Cost of sales": 12615,
        "Enterprise cost management": 7992,
        "Total Operating Expenses": 23970,
        "Total revenue financing activities": 16,
        "Net profit from business activities": 17778,
        "Profit": 51,
        "Profit before tax": 17829,
        "Present corporate income tax expenses": 4139,
        "Deferred income taxes expenses": 1093,
        "The interests of minority shareholders": "N/A",
        "Total Cost of profits": 5232,
        "Profit after tax corporate income": 12597,
        "Volume": 9913692,
        "Close of Quarter": 12.4,
        "EPS": 703.6,
        "Non-adjusted EPS": 3998,
        "PE": 3.1,
        "Book Price": 5.7
      }
    },
    {
      "quarter": "Q4 2014",
      "income status": {
        "Net sales": 199345,
        "Cost of goods sold": 133037,
        "Gross Profit": 66308,
        "Financial expenses": 4584,
        "Of which: Interest expense": 4462,
        "Cost of sales": 44754,
        "Enterprise cost management": 10631,
        "Total Operating Expenses": 59969,
        "Total revenue financing activities": 77,
        "Net profit from business activities": 6417,
        "Profit": 204,
        "Profit before tax": 6621,
        "Present corporate income tax expenses": 2005,
        "Deferred income taxes expenses": -375,
        "The interests of minority shareholders": "N/A",
        "Total Cost of profits": 1630,
        "Profit after tax corporate income": 4991,
        "Volume": 9913692,
        "Close of Quarter": 13.3,
        "EPS": 685.1,
        "Non-adjusted EPS": 3893,
        "PE": 3.4,
        "Book Price": 5.5
      }
    },
    {
      "quarter": "Q3 2014",
      "income status": {
        "Net sales": 159255,
        "Cost of goods sold": 103150,
        "Gross Profit": 56105,
        "Financial expenses": 5474,
        "Of which: Interest expense": 5410,
        "Cost of sales": 21736,
        "Enterprise cost management": 15318,
        "Total Operating Expenses": 42528,
        "Total revenue financing activities": 94,
        "Net profit from business activities": 13671,
        "Profit": -438,
        "Profit before tax": 13233,
        "Present corporate income tax expenses": 2242,
        "Deferred income taxes expenses": 473,
        "The interests of minority shareholders": "N/A",
        "Total Cost of profits": 2715,
        "Profit after tax corporate income": 10518,
        "Volume": 9913692,
        "Close of Quarter": 9.8,
        "EPS": 756.9,
        "Non-adjusted EPS": 4301,
        "PE": 2.3,
        "Book Price": 5.5
      }
    },
    {
      "quarter": "Q2 2014",
      "income status": {
        "Net sales": 177111,
        "Cost of goods sold": 114477,
        "Gross Profit": 62634,
        "Financial expenses": 6016,
        "Of which: Interest expense": 5776,
        "Cost of sales": 24323,
        "Enterprise cost management": 20272,
        "Total Operating Expenses": 50611,
        "Total revenue financing activities": 44,
        "Net profit from business activities": 12066,
        "Profit": 906,
        "Profit before tax": 12971,
        "Present corporate income tax expenses": 2343,
        "Deferred income taxes expenses": -905,
        "The interests of minority shareholders": "N/A",
        "Total Cost of profits": 1438,
        "Profit after tax corporate income": 11533,
        "Volume": 9913692,
        "Close of Quarter": 8.2,
        "EPS": 723.8,
        "Non-adjusted EPS": 4113,
        "PE": 2,
        "Book Price": 5.3
      }
    },
    {
      "quarter": "Q1 2014",
      "income status": {
        "Net sales": 173811,
        "Cost of goods sold": 113368,
        "Gross Profit": 60442,
        "Financial expenses": 6104,
        "Of which: Interest expense": 6094,
        "Cost of sales": 24781,
        "Enterprise cost management": 13532,
        "Total Operating Expenses": 44417,
        "Total revenue financing activities": 61,
        "Net profit from business activities": 16086,
        "Profit": -43,
        "Profit before tax": 16043,
        "Present corporate income tax expenses": 4223,
        "Deferred income taxes expenses": 267,
        "The interests of minority shareholders": "N/A",
        "Total Cost of profits": 4490,
        "Profit after tax corporate income": 11553,
        "Volume": 9913692,
        "Close of Quarter": 7.8,
        "EPS": 769.4,
        "Non-adjusted EPS": 4372,
        "PE": 1.8,
        "Book Price": 5.2
      }
    },
    {
      "quarter": "Q4 2013",
      "income status": {
        "Net sales": 211450,
        "Cost of goods sold": 156406,
        "Gross Profit": 55044,
        "Financial expenses": 7953,
        "Of which: Interest expense": 7869,
        "Cost of sales": 25573,
        "Enterprise cost management": 9003,
        "Total Operating Expenses": 42529,
        "Total revenue financing activities": 186,
        "Net profit from business activities": 12702,
        "Profit": -44,
        "Profit before tax": 12659,
        "Present corporate income tax expenses": 3629,
        "Deferred income taxes expenses": "N/A",
        "The interests of minority shareholders": "N/A",
        "Total Cost of profits": 3629,
        "Profit after tax corporate income": 9030,
        "Volume": 9913692,
        "Close of Quarter": 6.2,
        "EPS": 633.5,
        "Non-adjusted EPS": 3600,
        "PE": 1.7,
        "Book Price": 5.1
      }
    },
    {
      "quarter": "Q3 2013",
      "income status": {
        "Net sales": 163894,
        "Cost of goods sold": 114043,
        "Gross Profit": 49851,
        "Financial expenses": 8640,
        "Of which: Interest expense": 8420,
        "Cost of sales": 19292,
        "Enterprise cost management": 11307,
        "Total Operating Expenses": 39239,
        "Total revenue financing activities": 139,
        "Net profit from business activities": 10752,
        "Profit": 601,
        "Profit before tax": 11353,
        "Present corporate income tax expenses": 2697,
        "Deferred income taxes expenses": "N/A",
        "The interests of minority shareholders": "N/A",
        "Total Cost of profits": 2697,
        "Profit after tax corporate income": 8656,
        "Volume": 9913692,
        "Close of Quarter": 6.2,
        "EPS": 659.2,
        "Non-adjusted EPS": 3746,
        "PE": 1.6,
        "Book Price": 4.9
      }
    },
    {
      "quarter": "Q2 2013",
      "income status": {
        "Net sales": 174878,
        "Cost of goods sold": 117674,
        "Gross Profit": 57203,
        "Financial expenses": 8622,
        "Of which: Interest expense": -31832,
        "Cost of sales": 18197,
        "Enterprise cost management": 13315,
        "Total Operating Expenses": 40134,
        "Total revenue financing activities": 115,
        "Net profit from business activities": 17183,
        "Profit": -1195,
        "Profit before tax": 15988,
        "Present corporate income tax expenses": 1784,
        "Deferred income taxes expenses": 96,
        "The interests of minority shareholders": "N/A",
        "Total Cost of profits": 1880,
        "Profit after tax corporate income": 14107,
        "Volume": 9913692,
        "Close of Quarter": 3.6,
        "EPS": 637.4,
        "Non-adjusted EPS": 3622,
        "PE": 1.0,
        "Book Price": 4.8
      }
    },
    {
      "quarter": "Q1 2013",
      "income status": {
        "Net sales": 148888,
        "Cost of goods sold": 103169,
        "Gross Profit": 45719,
        "Financial expenses": 12066,
        "Of which: Interest expense": 12000,
        "Cost of sales": 19603,
        "Enterprise cost management": 10844,
        "Total Operating Expenses": 42513,
        "Total revenue financing activities": 126,
        "Net profit from business activities": 3332,
        "Profit": 728,
        "Profit before tax": 4060,
        "Present corporate income tax expenses": 7,
        "Deferred income taxes expenses": 154,
        "The interests of minority shareholders": "N/A",
        "Total Cost of profits": 161,
        "Profit after tax corporate income": 3899,
        "Volume": 9913692,
        "Close of Quarter": 3.6,
        "EPS": 354.6,
        "Non-adjusted EPS": 2015,
        "PE": 1.8,
        "Book Price": 4.5
      }
    },
    {
      "quarter": "Q4 2012",
      "income status": {
        "Net sales": 164935,
        "Cost of goods sold": 115296,
        "Gross Profit": 49640,
        "Financial expenses": 14377,
        "Of which: Interest expense": 13699,
        "Cost of sales": 18720,
        "Enterprise cost management": 6426,
        "Total Operating Expenses": 39523,
        "Total revenue financing activities": 32,
        "Net profit from business activities": 10147,
        "Profit": 604,
        "Profit before tax": 10751,
        "Present corporate income tax expenses": 405,
        "Deferred income taxes expenses": 72,
        "The interests of minority shareholders": -196,
        "Total Cost of profits": 281,
        "Profit after tax corporate income": 10470,
        "Volume": 9913692,
        "Close of Quarter": 2.6,
        "EPS": 341.1,
        "Non-adjusted EPS": 1938,
        "PE": 1.3,
        "Book Price": 4.5
      }
    },
    {
      "quarter": "Q3 2012",
      "income status": {
        "Net sales": 157781,
        "Cost of goods sold": 113438,
        "Gross Profit": 44343,
        "Financial expenses": 12786,
        "Of which: Interest expense": 12562,
        "Cost of sales": 17928,
        "Enterprise cost management": 7275,
        "Total Operating Expenses": 37989,
        "Total revenue financing activities": 1154,
        "Net profit from business activities": 7508,
        "Profit": -72,
        "Profit before tax": 7436,
        "Present corporate income tax expenses": 6,
        "Deferred income taxes expenses": -1,
        "The interests of minority shareholders": "N/A",
        "Total Cost of profits": 5,
        "Profit after tax corporate income": 7431,
        "Volume": 9913692,
        "Close of Quarter": 2.4,
        "EPS": 395.1,
        "Non-adjusted EPS": 2245,
        "PE": 1.1,
        "Book Price": 4.2
      }
    },
    {
      "quarter": "Q2 2012",
      "income status": {
        "Net sales": 94461,
        "Cost of goods sold": 56109,
        "Gross Profit": 38351,
        "Financial expenses": 18099,
        "Of which: Interest expense": 17194,
        "Cost of sales": 14414,
        "Enterprise cost management": 7937,
        "Total Operating Expenses": 40450,
        "Total revenue financing activities": 957,
        "Net profit from business activities": -1142,
        "Profit": -419,
        "Profit before tax": -1561,
        "Present corporate income tax expenses": 2,
        "Deferred income taxes expenses": 145,
        "The interests of minority shareholders": 117,
        "Total Cost of profits": 264,
        "Profit after tax corporate income": -1824,
        "Volume": 9913692,
        "Close of Quarter": 3.0,
        "EPS": 419.0,
        "Non-adjusted EPS": 2381,
        "PE": 1.3,
        "Book Price": 4.1
      }
    },
    {
      "quarter": "Q1 2012",
      "income status": {
        "Net sales": 203107,
        "Cost of goods sold": 163440,
        "Gross Profit": 39667,
        "Financial expenses": 18154,
        "Of which: Interest expense": 17805,
        "Cost of sales": 16075,
        "Enterprise cost management": 4337,
        "Total Operating Expenses": 38566,
        "Total revenue financing activities": 2510,
        "Net profit from business activities": 3610,
        "Profit": -43,
        "Profit before tax": 3567,
        "Present corporate income tax expenses": 434,
        "Deferred income taxes expenses": "N/A",
        "The interests of minority shareholders": "N/A",
        "Total Cost of profits": 434,
        "Profit after tax corporate income": 3133,
        "Volume": 9913692,
        "Close of Quarter": 3.0,
        "EPS": 660.1,
        "Non-adjusted EPS": 3751,
        "PE": 0.8,
        "Book Price": 4.1
      }
    },
    {
      "quarter": "Q4 2011",
      "income status": {
        "Net sales": 222830,
        "Cost of goods sold": 174044,
        "Gross Profit": 48786,
        "Financial expenses": 24814,
        "Of which: Interest expense": 23258,
        "Cost of sales": 33562,
        "Enterprise cost management": 6149,
        "Total Operating Expenses": 64525,
        "Total revenue financing activities": 29641,
        "Net profit from business activities": 13902,
        "Profit": -394,
        "Profit before tax": 13507,
        "Present corporate income tax expenses": "N/A",
        "Deferred income taxes expenses": "N/A",
        "The interests of minority shareholders": -14,
        "Total Cost of profits": -14,
        "Profit after tax corporate income": 13521,
        "Volume": 9913692,
        "Close of Quarter": 4.1,
        "EPS": 868.7,
        "Non-adjusted EPS": 4936,
        "PE": 0.8,
        "Book Price": 4.8
      }
    },
    {
      "quarter": "Q3 2011",
      "income status": {
        "Net sales": 178048,
        "Cost of goods sold": 129083,
        "Gross Profit": 48965,
        "Financial expenses": 17923,
        "Of which: Interest expense": 16840,
        "Cost of sales": 15575,
        "Enterprise cost management": 6577,
        "Total Operating Expenses": 40075,
        "Total revenue financing activities": 521,
        "Net profit from business activities": 9410,
        "Profit": 328,
        "Profit before tax": 9738,
        "Present corporate income tax expenses": 973,
        "Deferred income taxes expenses": "N/A",
        "The interests of minority shareholders": -10,
        "Total Cost of profits": 963,
        "Profit after tax corporate income": 8775,
        "Volume": 9913692,
        "Close of Quarter": 4.4,
        "EPS": 875.4,
        "Non-adjusted EPS": 4974,
        "PE": 0.9,
        "Book Price": 6.0
      }
    },
    {
      "quarter": "Q2 2011",
      "income status": {
        "Net sales": 195528,
        "Cost of goods sold": 152080,
        "Gross Profit": 43448,
        "Financial expenses": 17910,
        "Of which: Interest expense": 17847,
        "Cost of sales": 9629,
        "Enterprise cost management": 4993,
        "Total Operating Expenses": 32532,
        "Total revenue financing activities": 808,
        "Net profit from business activities": 11724,
        "Profit": 417,
        "Profit before tax": 12141,
        "Present corporate income tax expenses": 395,
        "Deferred income taxes expenses": "N/A",
        "The interests of minority shareholders": -8,
        "Total Cost of profits": 387,
        "Profit after tax corporate income": 11754,
        "Volume": 9913692,
        "Close of Quarter": 4.6,
        "EPS": 981.1,
        "Non-adjusted EPS": 5575,
        "PE": 0.8,
        "Book Price": 6.0
      }
    },
    {
      "quarter": "Q1 2011",
      "income status": {
        "Net sales": 188618,
        "Cost of goods sold": 143109,
        "Gross Profit": 45509,
        "Financial expenses": 15262,
        "Of which: Interest expense": 14889,
        "Cost of sales": 9136,
        "Enterprise cost management": 5432,
        "Total Operating Expenses": 29830,
        "Total revenue financing activities": 356,
        "Net profit from business activities": 16035,
        "Profit": 221,
        "Profit before tax": 16256,
        "Present corporate income tax expenses": 1380,
        "Deferred income taxes expenses": "N/A",
        "The interests of minority shareholders": -11,
        "Total Cost of profits": 1369,
        "Profit after tax corporate income": 14887,
        "Volume": 9913692,
        "Close of Quarter": 5.7,
        "EPS": 1015.1,
        "Non-adjusted EPS": 5768,
        "PE": 1.0,
        "Book Price": 5.8
      }
    }
  ]
}