{
  "ticker": "HUT",
  "data": [
    {
      "quarter": "Q4 2016",
      "income status": {
        "Net sales": 812136,
        "Cost of goods sold": 586955,
        "Gross Profit": 225181,
        "Financial expenses": 41393,
        "Of which: Interest expense": 41393,
        "Cost of sales": 12283,
        "Enterprise cost management": 36153,
        "Total Operating Expenses": 89829,
        "Total revenue financing activities": -1945,
        "Net profit from business activities": 134516,
        "Profit": 1341,
        "Profit before tax": 135857,
        "Present corporate income tax expenses": 30219,
        "Deferred income taxes expenses": "N/A",
        "The interests of minority shareholders": 242,
        "Total Cost of profits": 30461,
        "Profit after tax corporate income": 105397,
        "Volume": 176329416,
        "Close of Quarter": 9.9,
        "EPS": 2287,
        "Non-adjusted EPS": 2287,
        "PE": 4.4,
        "Book Price": 14.4
      }
    },
    {
      "quarter": "Q3 2016",
      "income status": {
        "Net sales": 787820,
        "Cost of goods sold": 561447,
        "Gross Profit": 226374,
        "Financial expenses": 44567,
        "Of which: Interest expense": 44567,
        "Cost of sales": 11546,
        "Enterprise cost management": 23989,
        "Total Operating Expenses": 80102,
        "Total revenue financing activities": 15693,
        "Net profit from business activities": 165391,
        "Profit": 1144,
        "Profit before tax": 166535,
        "Present corporate income tax expenses": 27650,
        "Deferred income taxes expenses": "N/A",
        "The interests of minority shareholders": 260,
        "Total Cost of profits": 27910,
        "Profit after tax corporate income": 138624,
        "Volume": 168417416,
        "Close of Quarter": 11.6,
        "EPS": 2381.1,
        "Non-adjusted EPS": 2493,
        "PE": 4.7,
        "Book Price": 13.8
      }
    },
    {
      "quarter": "Q2 2016",
      "income status": {
        "Net sales": 604995,
        "Cost of goods sold": 431284,
        "Gross Profit": 173711,
        "Financial expenses": 74162,
        "Of which: Interest expense": 60749,
        "Cost of sales": 13628,
        "Enterprise cost management": 35724,
        "Total Operating Expenses": 123514,
        "Total revenue financing activities": 19761,
        "Net profit from business activities": 80385,
        "Profit": 2359,
        "Profit before tax": 82744,
        "Present corporate income tax expenses": 8169,
        "Deferred income taxes expenses": "N/A",
        "The interests of minority shareholders": -124,
        "Total Cost of profits": 8045,
        "Profit after tax corporate income": 74699,
        "Volume": 128404733,
        "Close of Quarter": 8.1,
        "EPS": 1674.9,
        "Non-adjusted EPS": 2300,
        "PE": 3.5,
        "Book Price": 13.0
      }
    },
    {
      "quarter": "Q1 2016",
      "income status": {
        "Net sales": 581172,
        "Cost of goods sold": 419250,
        "Gross Profit": 161921,
        "Financial expenses": 39073,
        "Of which: Interest expense": 39073,
        "Cost of sales": 14179,
        "Enterprise cost management": 11410,
        "Total Operating Expenses": 64662,
        "Total revenue financing activities": 3339,
        "Net profit from business activities": 104711,
        "Profit": -158,
        "Profit before tax": 104554,
        "Present corporate income tax expenses": 19724,
        "Deferred income taxes expenses": "N/A",
        "The interests of minority shareholders": 315,
        "Total Cost of profits": 20039,
        "Profit after tax corporate income": 84515,
        "Volume": 128404733,
        "Close of Quarter": 8.3,
        "EPS": 1355.9,
        "Non-adjusted EPS": 1862,
        "PE": 4.5,
        "Book Price": 10.3
      }
    },
    {
      "quarter": "Q4 2015",
      "income status": {
        "Net sales": 1613873,
        "Cost of goods sold": 1413732,
        "Gross Profit": 200142,
        "Financial expenses": 39461,
        "Of which: Interest expense": 39246,
        "Cost of sales": 5274,
        "Enterprise cost management": 11875,
        "Total Operating Expenses": 56610,
        "Total revenue financing activities": 3288,
        "Net profit from business activities": 155323,
        "Profit": 205,
        "Profit before tax": 155528,
        "Present corporate income tax expenses": 33113,
        "Deferred income taxes expenses": "N/A",
        "The interests of minority shareholders": 345,
        "Total Cost of profits": 33458,
        "Profit after tax corporate income": 122070,
        "Volume": 128404733,
        "Close of Quarter": 8.9,
        "EPS": 908.1,
        "Non-adjusted EPS": 1247,
        "PE": 7.1,
        "Book Price": 9.8
      }
    },
    {
      "quarter": "Q3 2015",
      "income status": {
        "Net sales": 176627,
        "Cost of goods sold": 127463,
        "Gross Profit": 49163,
        "Financial expenses": 31204,
        "Of which: Interest expense": 31204,
        "Cost of sales": 2104,
        "Enterprise cost management": 7327,
        "Total Operating Expenses": 40635,
        "Total revenue financing activities": 2000,
        "Net profit from business activities": 14575,
        "Profit": 412,
        "Profit before tax": 14987,
        "Present corporate income tax expenses": 687,
        "Deferred income taxes expenses": "N/A",
        "The interests of minority shareholders": 204,
        "Total Cost of profits": 891,
        "Profit after tax corporate income": 14096,
        "Volume": 128404733,
        "Close of Quarter": 8.6,
        "EPS": 1541.6,
        "Non-adjusted EPS": 2117,
        "PE": 4.0,
        "Book Price": 9.2
      }
    },
    {
      "quarter": "Q2 2015",
      "income status": {
        "Net sales": 276352,
        "Cost of goods sold": 232504,
        "Gross Profit": 43849,
        "Financial expenses": 21190,
        "Of which: Interest expense": 21190,
        "Cost of sales": 5562,
        "Enterprise cost management": 9013,
        "Total Operating Expenses": 35765,
        "Total revenue financing activities": 5794,
        "Net profit from business activities": 19246,
        "Profit": -22,
        "Profit before tax": 19224,
        "Present corporate income tax expenses": 677,
        "Deferred income taxes expenses": "N/A",
        "The interests of minority shareholders": 134,
        "Total Cost of profits": 811,
        "Profit after tax corporate income": 18413,
        "Volume": 114647491,
        "Close of Quarter": 9.2,
        "EPS": 1575.4,
        "Non-adjusted EPS": 2423,
        "PE": 3.8,
        "Book Price": 9.1
      }
    },
    {
      "quarter": "Q1 2015",
      "income status": {
        "Net sales": 178648,
        "Cost of goods sold": 148293,
        "Gross Profit": 30354,
        "Financial expenses": 13956,
        "Of which: Interest expense": 13956,
        "Cost of sales": 1043,
        "Enterprise cost management": 9686,
        "Total Operating Expenses": 24685,
        "Total revenue financing activities": 1232,
        "Net profit from business activities": 6857,
        "Profit": 197,
        "Profit before tax": 7053,
        "Present corporate income tax expenses": 1370,
        "Deferred income taxes expenses": "N/A",
        "The interests of minority shareholders": 97,
        "Total Cost of profits": 1467,
        "Profit after tax corporate income": 5586,
        "Volume": 94647491,
        "Close of Quarter": 10.9,
        "EPS": 1486.3,
        "Non-adjusted EPS": 2769,
        "PE": 3.9,
        "Book Price": 7.6
      }
    },
    {
      "quarter": "Q4 2014",
      "income status": {
        "Net sales": 2057176,
        "Cost of goods sold": 1726153,
        "Gross Profit": 331023,
        "Financial expenses": 9653,
        "Of which: Interest expense": 9653,
        "Cost of sales": 2490,
        "Enterprise cost management": 16267,
        "Total Operating Expenses": 28410,
        "Total revenue financing activities": 430,
        "Net profit from business activities": 302970,
        "Profit": -73,
        "Profit before tax": 302896,
        "Present corporate income tax expenses": 69170,
        "Deferred income taxes expenses": "N/A",
        "The interests of minority shareholders": "N/A",
        "Total Cost of profits": 69170,
        "Profit after tax corporate income": 233726,
        "Volume": 84647491,
        "Close of Quarter": 10.0,
        "EPS": 1463.7,
        "Non-adjusted EPS": 3049,
        "PE": 3.3,
        "Book Price": 7.5
      }
    },
    {
      "quarter": "Q3 2014",
      "income status": {
        "Net sales": 355079,
        "Cost of goods sold": 316569,
        "Gross Profit": 38510,
        "Financial expenses": 9642,
        "Of which: Interest expense": 9642,
        "Cost of sales": 4739,
        "Enterprise cost management": 10736,
        "Total Operating Expenses": 25117,
        "Total revenue financing activities": 7592,
        "Net profit from business activities": 20878,
        "Profit": 422,
        "Profit before tax": 21300,
        "Present corporate income tax expenses": 1190,
        "Deferred income taxes expenses": "N/A",
        "The interests of minority shareholders": 91,
        "Total Cost of profits": 1281,
        "Profit after tax corporate income": 20019,
        "Volume": 84647491,
        "Close of Quarter": 8.1,
        "EPS": 169.9,
        "Non-adjusted EPS": 354,
        "PE": 23.0,
        "Book Price": 5.7
      }
    },
    {
      "quarter": "Q2 2014",
      "income status": {
        "Net sales": 238670,
        "Cost of goods sold": 206666,
        "Gross Profit": 32003,
        "Financial expenses": 10161,
        "Of which: Interest expense": 10181,
        "Cost of sales": 4623,
        "Enterprise cost management": 8007,
        "Total Operating Expenses": 22791,
        "Total revenue financing activities": 1884,
        "Net profit from business activities": 10889,
        "Profit": -4907,
        "Profit before tax": 5982,
        "Present corporate income tax expenses": 2890,
        "Deferred income taxes expenses": "N/A",
        "The interests of minority shareholders": 322,
        "Total Cost of profits": 3212,
        "Profit after tax corporate income": 2770,
        "Volume": 84647491,
        "Close of Quarter": 7.9,
        "EPS": 67.7,
        "Non-adjusted EPS": 141,
        "PE": 55.7,
        "Book Price": 5.5
      }
    },
    {
      "quarter": "Q1 2014",
      "income status": {
        "Net sales": 111475,
        "Cost of goods sold": 89854,
        "Gross Profit": 21621,
        "Financial expenses": 9839,
        "Of which: Interest expense": 9819,
        "Cost of sales": 952,
        "Enterprise cost management": 7686,
        "Total Operating Expenses": 18477,
        "Total revenue financing activities": 1069,
        "Net profit from business activities": 4058,
        "Profit": -144,
        "Profit before tax": 3914,
        "Present corporate income tax expenses": 2239,
        "Deferred income taxes expenses": "N/A",
        "The interests of minority shareholders": 126,
        "Total Cost of profits": 2365,
        "Profit after tax corporate income": 1548,
        "Volume": 64647491,
        "Close of Quarter": 9.4,
        "EPS": 68.6,
        "Non-adjusted EPS": 187,
        "PE": 50.2,
        "Book Price": 4.4
      }
    },
    {
      "quarter": "Q4 2013",
      "income status": {
        "Net sales": 549858,
        "Cost of goods sold": 525874,
        "Gross Profit": 23984,
        "Financial expenses": 10097,
        "Of which: Interest expense": 9206,
        "Cost of sales": 595,
        "Enterprise cost management": 8048,
        "Total Operating Expenses": 18740,
        "Total revenue financing activities": 1141,
        "Net profit from business activities": 6384,
        "Profit": -23,
        "Profit before tax": 7220,
        "Present corporate income tax expenses": 1440,
        "Deferred income taxes expenses": "N/A",
        "The interests of minority shareholders": 187,
        "Total Cost of profits": 1627,
        "Profit after tax corporate income": 5594,
        "Volume": 64647491,
        "Close of Quarter": 5.5,
        "EPS": 70.0,
        "Non-adjusted EPS": 191,
        "PE": 29.0,
        "Book Price": 4.2
      }
    },
    {
      "quarter": "Q3 2013",
      "income status": {
        "Net sales": 292683,
        "Cost of goods sold": 272312,
        "Gross Profit": 20371,
        "Financial expenses": 6331,
        "Of which: Interest expense": 6331,
        "Cost of sales": "N/A",
        "Enterprise cost management": 12307,
        "Total Operating Expenses": 18638,
        "Total revenue financing activities": 1074,
        "Net profit from business activities": 2807,
        "Profit": -44,
        "Profit before tax": 2467,
        "Present corporate income tax expenses": 761,
        "Deferred income taxes expenses": -148,
        "The interests of minority shareholders": -136,
        "Total Cost of profits": 477,
        "Profit after tax corporate income": 1990,
        "Volume": 64647491,
        "Close of Quarter": 4.3,
        "EPS": 67.1,
        "Non-adjusted EPS": 183,
        "PE": 23.3,
        "Book Price": 4.1
      }
    },
    {
      "quarter": "Q2 2013",
      "income status": {
        "Net sales": 497932,
        "Cost of goods sold": 476708,
        "Gross Profit": 21224,
        "Financial expenses": 6928,
        "Of which: Interest expense": 6928,
        "Cost of sales": "N/A",
        "Enterprise cost management": 12072,
        "Total Operating Expenses": 19000,
        "Total revenue financing activities": 1854,
        "Net profit from business activities": 4078,
        "Profit": 21,
        "Profit before tax": 3618,
        "Present corporate income tax expenses": 594,
        "Deferred income taxes expenses": -12,
        "The interests of minority shareholders": 88,
        "Total Cost of profits": 670,
        "Profit after tax corporate income": 2948,
        "Volume": 41997071,
        "Close of Quarter": 5.1,
        "EPS": 81.7,
        "Non-adjusted EPS": 343,
        "PE": 14.9,
        "Book Price": 4.1
      }
    },
    {
      "quarter": "Q1 2013",
      "income status": {
        "Net sales": 435178,
        "Cost of goods sold": 417834,
        "Gross Profit": 17345,
        "Financial expenses": 5542,
        "Of which: Interest expense": 5542,
        "Cost of sales": 177,
        "Enterprise cost management": 10507,
        "Total Operating Expenses": 16226,
        "Total revenue financing activities": 1091,
        "Net profit from business activities": 2209,
        "Profit": 90,
        "Profit before tax": 1974,
        "Present corporate income tax expenses": 718,
        "Deferred income taxes expenses": -227,
        "The interests of minority shareholders": -340,
        "Total Cost of profits": 151,
        "Profit after tax corporate income": 1823,
        "Volume": 34997600,
        "Close of Quarter": 4.6,
        "EPS": 140.3,
        "Non-adjusted EPS": 707,
        "PE": 6.5,
        "Book Price": 3.2
      }
    },
    {
      "quarter": "Q4 2012",
      "income status": {
        "Net sales": 1356433,
        "Cost of goods sold": 1322464,
        "Gross Profit": 33970,
        "Financial expenses": 5305,
        "Of which: Interest expense": 4401,
        "Cost of sales": 116,
        "Enterprise cost management": 19514,
        "Total Operating Expenses": 24935,
        "Total revenue financing activities": 3035,
        "Net profit from business activities": 12070,
        "Profit": -3434,
        "Profit before tax": 8418,
        "Present corporate income tax expenses": 1821,
        "Deferred income taxes expenses": -394,
        "The interests of minority shareholders": 1933,
        "Total Cost of profits": 3360,
        "Profit after tax corporate income": 5058,
        "Volume": 34997600,
        "Close of Quarter": 4.9,
        "EPS": 210.6,
        "Non-adjusted EPS": 1061,
        "PE": 4.6,
        "Book Price": 3.2
      }
    },
    {
      "quarter": "Q3 2012",
      "income status": {
        "Net sales": 238013,
        "Cost of goods sold": 219144,
        "Gross Profit": 18869,
        "Financial expenses": 2961,
        "Of which: Interest expense": 2961,
        "Cost of sales": 109,
        "Enterprise cost management": 13357,
        "Total Operating Expenses": 16427,
        "Total revenue financing activities": 2187,
        "Net profit from business activities": 4628,
        "Profit": -200,
        "Profit before tax": 4313,
        "Present corporate income tax expenses": 78,
        "Deferred income taxes expenses": "N/A",
        "The interests of minority shareholders": -329,
        "Total Cost of profits": -251,
        "Profit after tax corporate income": 4565,
        "Volume": 34997600,
        "Close of Quarter": 4.5,
        "EPS": 327.3,
        "Non-adjusted EPS": 1649,
        "PE": 2.7,
        "Book Price": 2.9
      }
    },
    {
      "quarter": "Q2 2012",
      "income status": {
        "Net sales": 267842,
        "Cost of goods sold": 249102,
        "Gross Profit": 18740,
        "Financial expenses": 646,
        "Of which: Interest expense": 532,
        "Cost of sales": 34,
        "Enterprise cost management": 9565,
        "Total Operating Expenses": 10245,
        "Total revenue financing activities": 5873,
        "Net profit from business activities": 14368,
        "Profit": 1315,
        "Profit before tax": 16075,
        "Present corporate income tax expenses": 3050,
        "Deferred income taxes expenses": "N/A",
        "The interests of minority shareholders": -288,
        "Total Cost of profits": 2762,
        "Profit after tax corporate income": 13313,
        "Volume": 34997600,
        "Close of Quarter": 6.4,
        "EPS": 359.6,
        "Non-adjusted EPS": 1812,
        "PE": 3.5,
        "Book Price": 2.9
      }
    },
    {
      "quarter": "Q1 2012",
      "income status": {
        "Net sales": 213234,
        "Cost of goods sold": 188237,
        "Gross Profit": 24997,
        "Financial expenses": 820,
        "Of which: Interest expense": 820,
        "Cost of sales": 220,
        "Enterprise cost management": 7726,
        "Total Operating Expenses": 8766,
        "Total revenue financing activities": 5852,
        "Net profit from business activities": 22083,
        "Profit": -1629,
        "Profit before tax": 18650,
        "Present corporate income tax expenses": 4615,
        "Deferred income taxes expenses": "N/A",
        "The interests of minority shareholders": -147,
        "Total Cost of profits": 4468,
        "Profit after tax corporate income": 14182,
        "Volume": 34997600,
        "Close of Quarter": 5.1,
        "EPS": 378.1,
        "Non-adjusted EPS": 1905,
        "PE": 2.7,
        "Book Price": 3.1
      }
    },
    {
      "quarter": "Q4 2011",
      "income status": {
        "Net sales": 694367,
        "Cost of goods sold": 630547,
        "Gross Profit": 63820,
        "Financial expenses": 16504,
        "Of which: Interest expense": 16211,
        "Cost of sales": 175,
        "Enterprise cost management": 17881,
        "Total Operating Expenses": 34560,
        "Total revenue financing activities": 4367,
        "Net profit from business activities": 33628,
        "Profit": 1602,
        "Profit before tax": 37241,
        "Present corporate income tax expenses": 5945,
        "Deferred income taxes expenses": "N/A",
        "The interests of minority shareholders": 5662,
        "Total Cost of profits": 11607,
        "Profit after tax corporate income": 25635,
        "Volume": 34997600,
        "Close of Quarter": 3.8,
        "EPS": 494.6,
        "Non-adjusted EPS": 2492,
        "PE": 1.5,
        "Book Price": 3
      }
    },
    {
      "quarter": "Q3 2011",
      "income status": {
        "Net sales": 259928,
        "Cost of goods sold": 235402,
        "Gross Profit": 24526,
        "Financial expenses": 2749,
        "Of which: Interest expense": 2079,
        "Cost of sales": 89,
        "Enterprise cost management": 12868,
        "Total Operating Expenses": 15706,
        "Total revenue financing activities": 4796,
        "Net profit from business activities": 13616,
        "Profit": 218,
        "Profit before tax": 13835,
        "Present corporate income tax expenses": 2251,
        "Deferred income taxes expenses": "N/A",
        "The interests of minority shareholders": 1297,
        "Total Cost of profits": 3548,
        "Profit after tax corporate income": 10286,
        "Volume": 34997600,
        "Close of Quarter": 6.1,
        "EPS": 504.9,
        "Non-adjusted EPS": 2544,
        "PE": 2.4,
        "Book Price": 2.8
      }
    },
    {
      "quarter": "Q2 2011",
      "income status": {
        "Net sales": 349745,
        "Cost of goods sold": 319855,
        "Gross Profit": 29890,
        "Financial expenses": 1577,
        "Of which: Interest expense": 1464,
        "Cost of sales": 64,
        "Enterprise cost management": 9306,
        "Total Operating Expenses": 10947,
        "Total revenue financing activities": 9204,
        "Net profit from business activities": 28147,
        "Profit": 67,
        "Profit before tax": 28213,
        "Present corporate income tax expenses": 5391,
        "Deferred income taxes expenses": "N/A",
        "The interests of minority shareholders": 6241,
        "Total Cost of profits": 11632,
        "Profit after tax corporate income": 16582,
        "Volume": 34997600,
        "Close of Quarter": 5.7,
        "EPS": 514.7,
        "Non-adjusted EPS": 2593,
        "PE": 2.2,
        "Book Price": 2.7
      }
    },
    {
      "quarter": "Q1 2011",
      "income status": {
        "Net sales": 181789,
        "Cost of goods sold": 133680,
        "Gross Profit": 48109,
        "Financial expenses": 985,
        "Of which: Interest expense": 910,
        "Cost of sales": 436,
        "Enterprise cost management": 5506,
        "Total Operating Expenses": 6927,
        "Total revenue financing activities": 5157,
        "Net profit from business activities": 46339,
        "Profit": 59,
        "Profit before tax": 46398,
        "Present corporate income tax expenses": 11235,
        "Deferred income taxes expenses": "N/A",
        "The interests of minority shareholders": 468,
        "Total Cost of profits": 11703,
        "Profit after tax corporate income": 34695,
        "Volume": 34997600,
        "Close of Quarter": 8.5,
        "EPS": 546.6,
        "Non-adjusted EPS": 2754,
        "PE": 3.1,
        "Book Price": 2.7
      }
    }
  ]
}