{
  "ticker": "TST",
  "data": [
    {
      "quarter": "Q4 2016",
      "income status": {
        "Net sales": 60741,
        "Cost of goods sold": 53456,
        "Gross Profit": 7285,
        "Financial expenses": 553,
        "Of which: Interest expense": 425,
        "Cost of sales": -13,
        "Enterprise cost management": 4628,
        "Total Operating Expenses": 5168,
        "Total revenue financing activities": 9,
        "Net profit from business activities": 2785,
        "Profit": 3604,
        "Profit before tax": 6389,
        "Present corporate income tax expenses": 2055,
        "Deferred income taxes expenses": "N/A",
        "The interests of minority shareholders": 1400,
        "Total Cost of profits": 3455,
        "Profit after tax corporate income": 2934,
        "Volume": 4800000,
        "Close of Quarter": 5.2,
        "EPS": 953,
        "Non-adjusted EPS": 953,
        "PE": 5.5,
        "Book Price": 22.5
      }
    },
    {
      "quarter": "Q3 2016",
      "income status": {
        "Net sales": 17511,
        "Cost of goods sold": 13349,
        "Gross Profit": 4162,
        "Financial expenses": 409,
        "Of which: Interest expense": 43,
        "Cost of sales": 886,
        "Enterprise cost management": 3434,
        "Total Operating Expenses": 4729,
        "Total revenue financing activities": -4,
        "Net profit from business activities": 79,
        "Profit": 293,
        "Profit before tax": 372,
        "Present corporate income tax expenses": -20,
        "Deferred income taxes expenses": "N/A",
        "The interests of minority shareholders": -145,
        "Total Cost of profits": -165,
        "Profit after tax corporate income": 537,
        "Volume": 4800000,
        "Close of Quarter": 5.5,
        "EPS": 1133,
        "Non-adjusted EPS": 1133,
        "PE": 4.9,
        "Book Price": 22.1
      }
    },
    {
      "quarter": "Q2 2016",
      "income status": {
        "Net sales": 21132,
        "Cost of goods sold": 16031,
        "Gross Profit": 5101,
        "Financial expenses": 145,
        "Of which: Interest expense": 137,
        "Cost of sales": 122,
        "Enterprise cost management": 2665,
        "Total Operating Expenses": 2932,
        "Total revenue financing activities": 187,
        "Net profit from business activities": 2844,
        "Profit": 416,
        "Profit before tax": 3260,
        "Present corporate income tax expenses": 21,
        "Deferred income taxes expenses": "N/A",
        "The interests of minority shareholders": 240,
        "Total Cost of profits": 261,
        "Profit after tax corporate income": 2998,
        "Volume": 4800000,
        "Close of Quarter": 5.9,
        "EPS": 1066,
        "Non-adjusted EPS": 1066,
        "PE": 5.5,
        "Book Price": 22
      }
    },
    {
      "quarter": "Q1 2016",
      "income status": {
        "Net sales": 16804,
        "Cost of goods sold": 14271,
        "Gross Profit": 2533,
        "Financial expenses": 323,
        "Of which: Interest expense": 323,
        "Cost of sales": 1277,
        "Enterprise cost management": 3225,
        "Total Operating Expenses": 4825,
        "Total revenue financing activities": 143,
        "Net profit from business activities": -2149,
        "Profit": 7,
        "Profit before tax": -2142,
        "Present corporate income tax expenses": "N/A",
        "Deferred income taxes expenses": "N/A",
        "The interests of minority shareholders": -247,
        "Total Cost of profits": -247,
        "Profit after tax corporate income": -1895,
        "Volume": 4800000,
        "Close of Quarter": 5.5,
        "EPS": 1090,
        "Non-adjusted EPS": 1090,
        "PE": 5.1,
        "Book Price": 21.6
      }
    },
    {
      "quarter": "Q4 2015",
      "income status": {
        "Net sales": 37332,
        "Cost of goods sold": 29247,
        "Gross Profit": 8085,
        "Financial expenses": 404,
        "Of which: Interest expense": 155,
        "Cost of sales": 1013,
        "Enterprise cost management": 3909,
        "Total Operating Expenses": 5326,
        "Total revenue financing activities": -32,
        "Net profit from business activities": 2979,
        "Profit": 1081,
        "Profit before tax": 4060,
        "Present corporate income tax expenses": 24,
        "Deferred income taxes expenses": "N/A",
        "The interests of minority shareholders": 237,
        "Total Cost of profits": 261,
        "Profit after tax corporate income": 3799,
        "Volume": 4800000,
        "Close of Quarter": 5.5,
        "EPS": 951,
        "Non-adjusted EPS": 951,
        "PE": 5.8,
        "Book Price": 22.5
      }
    },
    {
      "quarter": "Q3 2015",
      "income status": {
        "Net sales": 18660,
        "Cost of goods sold": 16068,
        "Gross Profit": 2592,
        "Financial expenses": 225,
        "Of which: Interest expense": 235,
        "Cost of sales": 408,
        "Enterprise cost management": 2256,
        "Total Operating Expenses": 2889,
        "Total revenue financing activities": 188,
        "Net profit from business activities": 27,
        "Profit": "N/A",
        "Profit before tax": 27,
        "Present corporate income tax expenses": "N/A",
        "Deferred income taxes expenses": "N/A",
        "The interests of minority shareholders": -190,
        "Total Cost of profits": -190,
        "Profit after tax corporate income": 217,
        "Volume": 4800000,
        "Close of Quarter": 5.3,
        "EPS": 1154,
        "Non-adjusted EPS": 1154,
        "PE": 4.6,
        "Book Price": 22
      }
    },
    {
      "quarter": "Q2 2015",
      "income status": {
        "Net sales": 14581,
        "Cost of goods sold": 10393,
        "Gross Profit": 4188,
        "Financial expenses": 253,
        "Of which: Interest expense": 112,
        "Cost of sales": 25,
        "Enterprise cost management": 2613,
        "Total Operating Expenses": 2891,
        "Total revenue financing activities": 10,
        "Net profit from business activities": 1674,
        "Profit": 1575,
        "Profit before tax": 3249,
        "Present corporate income tax expenses": 3,
        "Deferred income taxes expenses": "N/A",
        "The interests of minority shareholders": 134,
        "Total Cost of profits": 137,
        "Profit after tax corporate income": 3113,
        "Volume": 4800000,
        "Close of Quarter": 5.7,
        "EPS": 1117,
        "Non-adjusted EPS": 1117,
        "PE": 5.1,
        "Book Price": 22
      }
    },
    {
      "quarter": "Q1 2015",
      "income status": {
        "Net sales": 6740,
        "Cost of goods sold": 5675,
        "Gross Profit": 1065,
        "Financial expenses": 142,
        "Of which: Interest expense": 135,
        "Cost of sales": 775,
        "Enterprise cost management": 2847,
        "Total Operating Expenses": 3764,
        "Total revenue financing activities": 10,
        "Net profit from business activities": -2690,
        "Profit": -5,
        "Profit before tax": -2695,
        "Present corporate income tax expenses": "N/A",
        "Deferred income taxes expenses": "N/A",
        "The interests of minority shareholders": -129,
        "Total Cost of profits": -129,
        "Profit after tax corporate income": -2566,
        "Volume": 4800000,
        "Close of Quarter": 5.2,
        "EPS": 773,
        "Non-adjusted EPS": 773,
        "PE": 6.7,
        "Book Price": 21.7
      }
    },
    {
      "quarter": "Q4 2014",
      "income status": {
        "Net sales": 29498,
        "Cost of goods sold": 22416,
        "Gross Profit": 7082,
        "Financial expenses": 203,
        "Of which: Interest expense": 112,
        "Cost of sales": -596,
        "Enterprise cost management": 3532,
        "Total Operating Expenses": 3139,
        "Total revenue financing activities": 195,
        "Net profit from business activities": 4138,
        "Profit": 1919,
        "Profit before tax": 6057,
        "Present corporate income tax expenses": 45,
        "Deferred income taxes expenses": "N/A",
        "The interests of minority shareholders": 1238,
        "Total Cost of profits": 1283,
        "Profit after tax corporate income": 4774,
        "Volume": 4800000,
        "Close of Quarter": 4.8,
        "EPS": 777,
        "Non-adjusted EPS": 777,
        "PE": 6.2,
        "Book Price": 21.9
      }
    },
    {
      "quarter": "Q3 2014",
      "income status": {
        "Net sales": 19910,
        "Cost of goods sold": 16579,
        "Gross Profit": 3331,
        "Financial expenses": 160,
        "Of which: Interest expense": 92,
        "Cost of sales": 629,
        "Enterprise cost management": 2277,
        "Total Operating Expenses": 3066,
        "Total revenue financing activities": 88,
        "Net profit from business activities": 160,
        "Profit": -83,
        "Profit before tax": 77,
        "Present corporate income tax expenses": "N/A",
        "Deferred income taxes expenses": "N/A",
        "The interests of minority shareholders": 38,
        "Total Cost of profits": 38,
        "Profit after tax corporate income": 39,
        "Volume": 4800000,
        "Close of Quarter": 4.7,
        "EPS": 227,
        "Non-adjusted EPS": 227,
        "PE": 20.7,
        "Book Price": 21.1
      }
    },
    {
      "quarter": "Q2 2014",
      "income status": {
        "Net sales": 19238,
        "Cost of goods sold": 15665,
        "Gross Profit": 3573,
        "Financial expenses": 143,
        "Of which: Interest expense": 112,
        "Cost of sales": 589,
        "Enterprise cost management": 3452,
        "Total Operating Expenses": 4184,
        "Total revenue financing activities": 282,
        "Net profit from business activities": -137,
        "Profit": 1097,
        "Profit before tax": 960,
        "Present corporate income tax expenses": "N/A",
        "Deferred income taxes expenses": "N/A",
        "The interests of minority shareholders": -502,
        "Total Cost of profits": -502,
        "Profit after tax corporate income": 1462,
        "Volume": 4800000,
        "Close of Quarter": 4.9,
        "EPS": 316,
        "Non-adjusted EPS": 316,
        "PE": 15.5,
        "Book Price": 21
      }
    },
    {
      "quarter": "Q1 2014",
      "income status": {
        "Net sales": 732,
        "Cost of goods sold": 745,
        "Gross Profit": -13,
        "Financial expenses": 168,
        "Of which: Interest expense": 165,
        "Cost of sales": 145,
        "Enterprise cost management": 2040,
        "Total Operating Expenses": 2353,
        "Total revenue financing activities": 65,
        "Net profit from business activities": -2301,
        "Profit": -1252,
        "Profit before tax": -3553,
        "Present corporate income tax expenses": "N/A",
        "Deferred income taxes expenses": "N/A",
        "The interests of minority shareholders": -1006,
        "Total Cost of profits": -1006,
        "Profit after tax corporate income": -2547,
        "Volume": 4800000,
        "Close of Quarter": 6.6,
        "EPS": 488,
        "Non-adjusted EPS": 488,
        "PE": 13.5,
        "Book Price": 21
      }
    },
    {
      "quarter": "Q4 2013",
      "income status": {
        "Net sales": 22002,
        "Cost of goods sold": 17577,
        "Gross Profit": 4426,
        "Financial expenses": 422,
        "Of which: Interest expense": 197,
        "Cost of sales": 1042,
        "Enterprise cost management": 1839,
        "Total Operating Expenses": 3303,
        "Total revenue financing activities": 941,
        "Net profit from business activities": 2063,
        "Profit": 400,
        "Profit before tax": 2463,
        "Present corporate income tax expenses": 72,
        "Deferred income taxes expenses": "N/A",
        "The interests of minority shareholders": 254,
        "Total Cost of profits": 326,
        "Profit after tax corporate income": 2137,
        "Volume": 4800000,
        "Close of Quarter": 4.6,
        "EPS": 586,
        "Non-adjusted EPS": 586,
        "PE": 7.9,
        "Book Price": 17.3
      }
    },
    {
      "quarter": "Q3 2013",
      "income status": {
        "Net sales": 48072,
        "Cost of goods sold": 39218,
        "Gross Profit": 8853,
        "Financial expenses": 793,
        "Of which: Interest expense": 652,
        "Cost of sales": 490,
        "Enterprise cost management": 6397,
        "Total Operating Expenses": 7680,
        "Total revenue financing activities": 160,
        "Net profit from business activities": 1333,
        "Profit": -749,
        "Profit before tax": 365,
        "Present corporate income tax expenses": 4,
        "Deferred income taxes expenses": "N/A",
        "The interests of minority shareholders": -103,
        "Total Cost of profits": -99,
        "Profit after tax corporate income": 464,
        "Volume": 4800000,
        "Close of Quarter": 2.7,
        "EPS": -1558,
        "Non-adjusted EPS": -1558,
        "PE": -1.7,
        "Book Price": 17.6
      }
    },
    {
      "quarter": "Q2 2013",
      "income status": {
        "Net sales": 6394,
        "Cost of goods sold": 4423,
        "Gross Profit": 1971,
        "Financial expenses": 119,
        "Of which: Interest expense": 578,
        "Cost of sales": -237,
        "Enterprise cost management": 76,
        "Total Operating Expenses": -42,
        "Total revenue financing activities": -18,
        "Net profit from business activities": 1995,
        "Profit": 2411,
        "Profit before tax": 4406,
        "Present corporate income tax expenses": "N/A",
        "Deferred income taxes expenses": "N/A",
        "The interests of minority shareholders": 2120,
        "Total Cost of profits": 2120,
        "Profit after tax corporate income": 2286,
        "Volume": 4800000,
        "Close of Quarter": 3.3,
        "EPS": -1093,
        "Non-adjusted EPS": -1093,
        "PE": -3.0,
        "Book Price": 17.1
      }
    },
    {
      "quarter": "Q1 2013",
      "income status": {
        "Net sales": 5526,
        "Cost of goods sold": 6692,
        "Gross Profit": -1166,
        "Financial expenses": 655,
        "Of which: Interest expense": 168,
        "Cost of sales": 263,
        "Enterprise cost management": 2442,
        "Total Operating Expenses": 3360,
        "Total revenue financing activities": 43,
        "Net profit from business activities": -4484,
        "Profit": 290,
        "Profit before tax": -4194,
        "Present corporate income tax expenses": "N/A",
        "Deferred income taxes expenses": "N/A",
        "The interests of minority shareholders": -2120,
        "Total Cost of profits": -2120,
        "Profit after tax corporate income": -2074,
        "Volume": 4800000,
        "Close of Quarter": 3.4,
        "EPS": -3623,
        "Non-adjusted EPS": -3623,
        "PE": -0.9,
        "Book Price": 17.3
      }
    },
    {
      "quarter": "Q4 2012",
      "income status": {
        "Net sales": 42049,
        "Cost of goods sold": 41511,
        "Gross Profit": 538,
        "Financial expenses": 2935,
        "Of which: Interest expense": 167,
        "Cost of sales": 586,
        "Enterprise cost management": 8444,
        "Total Operating Expenses": 11965,
        "Total revenue financing activities": 44,
        "Net profit from business activities": -11384,
        "Profit": 3259,
        "Profit before tax": -8125,
        "Present corporate income tax expenses": 4,
        "Deferred income taxes expenses": "N/A",
        "The interests of minority shareholders": 26,
        "Total Cost of profits": 30,
        "Profit after tax corporate income": -8155,
        "Volume": 4800000,
        "Close of Quarter": 4.2,
        "EPS": -3186,
        "Non-adjusted EPS": -3186,
        "PE": -1.3,
        "Book Price": 19.9
      }
    },
    {
      "quarter": "Q3 2012",
      "income status": {
        "Net sales": 24668,
        "Cost of goods sold": 18549,
        "Gross Profit": 6119,
        "Financial expenses": 1106,
        "Of which: Interest expense": -792,
        "Cost of sales": -841,
        "Enterprise cost management": 3121,
        "Total Operating Expenses": 3386,
        "Total revenue financing activities": 412,
        "Net profit from business activities": 3145,
        "Profit": -72,
        "Profit before tax": 2996,
        "Present corporate income tax expenses": 29,
        "Deferred income taxes expenses": "N/A",
        "The interests of minority shareholders": 271,
        "Total Cost of profits": 300,
        "Profit after tax corporate income": 2697,
        "Volume": 4800000,
        "Close of Quarter": 3.8,
        "EPS": 25,
        "Non-adjusted EPS": 25,
        "PE": 152,
        "Book Price": 21
      }
    },
    {
      "quarter": "Q2 2012",
      "income status": {
        "Net sales": 17026,
        "Cost of goods sold": 20754,
        "Gross Profit": -3727,
        "Financial expenses": 1568,
        "Of which: Interest expense": 1625,
        "Cost of sales": 1629,
        "Enterprise cost management": 4539,
        "Total Operating Expenses": 7736,
        "Total revenue financing activities": 27,
        "Net profit from business activities": -11436,
        "Profit": 452,
        "Profit before tax": -10907,
        "Present corporate income tax expenses": -164,
        "Deferred income taxes expenses": "N/A",
        "The interests of minority shareholders": -883,
        "Total Cost of profits": -1047,
        "Profit after tax corporate income": -9860,
        "Volume": 4800000,
        "Close of Quarter": 6.5,
        "EPS": -1256,
        "Non-adjusted EPS": -1256,
        "PE": -5.2,
        "Book Price": 20.5
      }
    },
    {
      "quarter": "Q1 2012",
      "income status": {
        "Net sales": 21430,
        "Cost of goods sold": 15465,
        "Gross Profit": 5965,
        "Financial expenses": 663,
        "Of which: Interest expense": 312,
        "Cost of sales": 453,
        "Enterprise cost management": 2177,
        "Total Operating Expenses": 3293,
        "Total revenue financing activities": 40,
        "Net profit from business activities": 2711,
        "Profit": -13,
        "Profit before tax": 2698,
        "Present corporate income tax expenses": 204,
        "Deferred income taxes expenses": "N/A",
        "The interests of minority shareholders": 1234,
        "Total Cost of profits": 1438,
        "Profit after tax corporate income": 27,
        "Volume": 4800000,
        "Close of Quarter": 6.4,
        "EPS": 1178,
        "Non-adjusted EPS": 1178,
        "PE": 5.4,
        "Book Price": 22.9
      }
    },
    {
      "quarter": "Q4 2011",
      "income status": {
        "Net sales": 113605,
        "Cost of goods sold": 97128,
        "Gross Profit": 16477,
        "Financial expenses": -2235,
        "Of which: Interest expense": 797,
        "Cost of sales": 4249,
        "Enterprise cost management": 5923,
        "Total Operating Expenses": 7937,
        "Total revenue financing activities": 2758,
        "Net profit from business activities": 11298,
        "Profit": 2430,
        "Profit before tax": 13727,
        "Present corporate income tax expenses": 865,
        "Deferred income taxes expenses": "N/A",
        "The interests of minority shareholders": 5608,
        "Total Cost of profits": 6473,
        "Profit after tax corporate income": 7254,
        "Volume": 4800000,
        "Close of Quarter": 5.4,
        "EPS": 880,
        "Non-adjusted EPS": 880,
        "PE": 6.1,
        "Book Price": 22.4
      }
    },
    {
      "quarter": "Q3 2011",
      "income status": {
        "Net sales": 91361,
        "Cost of goods sold": 82899,
        "Gross Profit": 8462,
        "Financial expenses": 11896,
        "Of which: Interest expense": -800,
        "Cost of sales": 2449,
        "Enterprise cost management": 3747,
        "Total Operating Expenses": 18092,
        "Total revenue financing activities": 157,
        "Net profit from business activities": -9473,
        "Profit": -114,
        "Profit before tax": -5712,
        "Present corporate income tax expenses": "N/A",
        "Deferred income taxes expenses": "N/A",
        "The interests of minority shareholders": -6209,
        "Total Cost of profits": -6209,
        "Profit after tax corporate income": -3450,
        "Volume": 4800000,
        "Close of Quarter": 8.6,
        "EPS": 2125,
        "Non-adjusted EPS": 2125,
        "PE": 4.1,
        "Book Price": 22.9
      }
    },
    {
      "quarter": "Q2 2011",
      "income status": {
        "Net sales": 72681,
        "Cost of goods sold": 50474,
        "Gross Profit": 22206,
        "Financial expenses": 13845,
        "Of which: Interest expense": "N/A",
        "Cost of sales": 1278,
        "Enterprise cost management": 3644,
        "Total Operating Expenses": 18767,
        "Total revenue financing activities": 71,
        "Net profit from business activities": 3511,
        "Profit": 163,
        "Profit before tax": 3673,
        "Present corporate income tax expenses": 86,
        "Deferred income taxes expenses": "N/A",
        "The interests of minority shareholders": 1762,
        "Total Cost of profits": 1848,
        "Profit after tax corporate income": 1825,
        "Volume": 4800000,
        "Close of Quarter": 10.8,
        "EPS": 3172,
        "Non-adjusted EPS": 3172,
        "PE": 3.4,
        "Book Price": 23.4
      }
    },
    {
      "quarter": "Q1 2011",
      "income status": {
        "Net sales": 10540,
        "Cost of goods sold": 9386,
        "Gross Profit": 1155,
        "Financial expenses": 5838,
        "Of which: Interest expense": 567,
        "Cost of sales": 208,
        "Enterprise cost management": 2884,
        "Total Operating Expenses": 8930,
        "Total revenue financing activities": 5173,
        "Net profit from business activities": -2602,
        "Profit": -159,
        "Profit before tax": -2762,
        "Present corporate income tax expenses": "N/A",
        "Deferred income taxes expenses": "N/A",
        "The interests of minority shareholders": -1357,
        "Total Cost of profits": -1357,
        "Profit after tax corporate income": -1405,
        "Volume": 4800000,
        "Close of Quarter": 13.9,
        "EPS": 4024,
        "Non-adjusted EPS": 4024,
        "PE": 3.5,
        "Book Price": 25
      }
    }
  ]
}