{
  "ticker": "PTH",
  "data": [
    {
      "quarter": "Q3 2015",
      "income status": {
        "Net sales": 191692,
        "Cost of goods sold": 180205,
        "Gross Profit": 11487,
        "Financial expenses": 294,
        "Of which: Interest expense": 287,
        "Cost of sales": 6055,
        "Enterprise cost management": 4168,
        "Total Operating Expenses": 10517,
        "Total revenue financing activities": 74,
        "Net profit from business activities": 1045,
        "Profit": -30,
        "Profit before tax": 1015,
        "Present corporate income tax expenses": 267,
        "Deferred income taxes expenses": "N/A",
        "The interests of minority shareholders": "N/A",
        "Total Cost of profits": 267,
        "Profit after tax corporate income": 748,
        "Volume": 1600000,
        "Close of Quarter": 3.4,
        "EPS": 2082,
        "Non-adjusted EPS": 2082,
        "PE": 1.6,
        "Book Price": 18.4
      }
    },
    {
      "quarter": "Q2 2015",
      "income status": {
        "Net sales": 218449,
        "Cost of goods sold": 204209,
        "Gross Profit": 14240,
        "Financial expenses": 463,
        "Of which: Interest expense": 467,
        "Cost of sales": 6386,
        "Enterprise cost management": 5954,
        "Total Operating Expenses": 12803,
        "Total revenue financing activities": 27,
        "Net profit from business activities": 1464,
        "Profit": 177,
        "Profit before tax": 1641,
        "Present corporate income tax expenses": 369,
        "Deferred income taxes expenses": "N/A",
        "The interests of minority shareholders": "N/A",
        "Total Cost of profits": 369,
        "Profit after tax corporate income": 1272,
        "Volume": 1600000,
        "Close of Quarter": 3.4,
        "EPS": 1729,
        "Non-adjusted EPS": 1729,
        "PE": 1.9,
        "Book Price": 18
      }
    },
    {
      "quarter": "Q1 2015",
      "income status": {
        "Net sales": 198925,
        "Cost of goods sold": 188099,
        "Gross Profit": 10826,
        "Financial expenses": 502,
        "Of which: Interest expense": 299,
        "Cost of sales": 5570,
        "Enterprise cost management": 3780,
        "Total Operating Expenses": 9852,
        "Total revenue financing activities": 11,
        "Net profit from business activities": 985,
        "Profit": "N/A",
        "Profit before tax": 985,
        "Present corporate income tax expenses": 217,
        "Deferred income taxes expenses": "N/A",
        "The interests of minority shareholders": "N/A",
        "Total Cost of profits": 217,
        "Profit after tax corporate income": 768,
        "Volume": 1600000,
        "Close of Quarter": 4.9,
        "EPS": 1154,
        "Non-adjusted EPS": 1154,
        "PE": 4.2,
        "Book Price": 18.2
      }
    },
    {
      "quarter": "Q4 2014",
      "income status": {
        "Net sales": 231657,
        "Cost of goods sold": 221877,
        "Gross Profit": 9780,
        "Financial expenses": 412,
        "Of which: Interest expense": 381,
        "Cost of sales": 4668,
        "Enterprise cost management": 4201,
        "Total Operating Expenses": 9281,
        "Total revenue financing activities": 17,
        "Net profit from business activities": 516,
        "Profit": 185,
        "Profit before tax": 702,
        "Present corporate income tax expenses": 159,
        "Deferred income taxes expenses": "N/A",
        "The interests of minority shareholders": "N/A",
        "Total Cost of profits": 159,
        "Profit after tax corporate income": 543,
        "Volume": 1600000,
        "Close of Quarter": 6.7,
        "EPS": 1036,
        "Non-adjusted EPS": 1036,
        "PE": 6.4,
        "Book Price": 17.5
      }
    },
    {
      "quarter": "Q3 2014",
      "income status": {
        "Net sales": 278736,
        "Cost of goods sold": 270854,
        "Gross Profit": 7882,
        "Financial expenses": 470,
        "Of which: Interest expense": 450,
        "Cost of sales": 4107,
        "Enterprise cost management": 3912,
        "Total Operating Expenses": 8489,
        "Total revenue financing activities": 12,
        "Net profit from business activities": -595,
        "Profit": 836,
        "Profit before tax": 241,
        "Present corporate income tax expenses": 58,
        "Deferred income taxes expenses": "N/A",
        "The interests of minority shareholders": "N/A",
        "Total Cost of profits": 58,
        "Profit after tax corporate income": 183,
        "Volume": 1600000,
        "Close of Quarter": 2.6,
        "EPS": 983,
        "Non-adjusted EPS": 983,
        "PE": 2.6,
        "Book Price": 17.1
      }
    },
    {
      "quarter": "Q2 2014",
      "income status": {
        "Net sales": 333433,
        "Cost of goods sold": 323897,
        "Gross Profit": 9536,
        "Financial expenses": 291,
        "Of which: Interest expense": 285,
        "Cost of sales": 4667,
        "Enterprise cost management": 4071,
        "Total Operating Expenses": 9029,
        "Total revenue financing activities": 21,
        "Net profit from business activities": 529,
        "Profit": -24,
        "Profit before tax": 505,
        "Present corporate income tax expenses": 152,
        "Deferred income taxes expenses": "N/A",
        "The interests of minority shareholders": "N/A",
        "Total Cost of profits": 152,
        "Profit after tax corporate income": 353,
        "Volume": 1600000,
        "Close of Quarter": 1.3,
        "EPS": 1542,
        "Non-adjusted EPS": 1542,
        "PE": 0.9,
        "Book Price": 17
      }
    },
    {
      "quarter": "Q1 2014",
      "income status": {
        "Net sales": 330823,
        "Cost of goods sold": 321758,
        "Gross Profit": 9065,
        "Financial expenses": 747,
        "Of which: Interest expense": 732,
        "Cost of sales": 4788,
        "Enterprise cost management": 2913,
        "Total Operating Expenses": 8448,
        "Total revenue financing activities": 15,
        "Net profit from business activities": 633,
        "Profit": 118,
        "Profit before tax": 751,
        "Present corporate income tax expenses": 172,
        "Deferred income taxes expenses": "N/A",
        "The interests of minority shareholders": "N/A",
        "Total Cost of profits": 172,
        "Profit after tax corporate income": 579,
        "Volume": 1600000,
        "Close of Quarter": 0.8,
        "EPS": 1443,
        "Non-adjusted EPS": 1443,
        "PE": 0.6,
        "Book Price": 17.8
      }
    },
    {
      "quarter": "Q4 2013",
      "income status": {
        "Net sales": 373234,
        "Cost of goods sold": 362924,
        "Gross Profit": 10310,
        "Financial expenses": 563,
        "Of which: Interest expense": 549,
        "Cost of sales": 5602,
        "Enterprise cost management": 3566,
        "Total Operating Expenses": 9731,
        "Total revenue financing activities": 6,
        "Net profit from business activities": 585,
        "Profit": 24,
        "Profit before tax": 609,
        "Present corporate income tax expenses": 152,
        "Deferred income taxes expenses": "N/A",
        "The interests of minority shareholders": "N/A",
        "Total Cost of profits": 152,
        "Profit after tax corporate income": 457,
        "Volume": 1600000,
        "Close of Quarter": 0.4,
        "EPS": 1081,
        "Non-adjusted EPS": 1081,
        "PE": 0.4,
        "Book Price": 17.5
      }
    },
    {
      "quarter": "Q3 2013",
      "income status": {
        "Net sales": 310560,
        "Cost of goods sold": 301579,
        "Gross Profit": 8982,
        "Financial expenses": 479,
        "Of which: Interest expense": 479,
        "Cost of sales": 4094,
        "Enterprise cost management": 3052,
        "Total Operating Expenses": 7625,
        "Total revenue financing activities": 71,
        "Net profit from business activities": 1427,
        "Profit": 10,
        "Profit before tax": 1438,
        "Present corporate income tax expenses": 359,
        "Deferred income taxes expenses": "N/A",
        "The interests of minority shareholders": "N/A",
        "Total Cost of profits": 359,
        "Profit after tax corporate income": 1078,
        "Volume": 1600000,
        "Close of Quarter": 0.4,
        "EPS": 795,
        "Non-adjusted EPS": 795,
        "PE": 0.5,
        "Book Price": 17.3
      }
    },
    {
      "quarter": "Q2 2013",
      "income status": {
        "Net sales": 345743,
        "Cost of goods sold": 337254,
        "Gross Profit": 8489,
        "Financial expenses": 299,
        "Of which: Interest expense": 299,
        "Cost of sales": 5278,
        "Enterprise cost management": 2769,
        "Total Operating Expenses": 8346,
        "Total revenue financing activities": 89,
        "Net profit from business activities": 232,
        "Profit": 27,
        "Profit before tax": 259,
        "Present corporate income tax expenses": 65,
        "Deferred income taxes expenses": "N/A",
        "The interests of minority shareholders": "N/A",
        "Total Cost of profits": 65,
        "Profit after tax corporate income": 194,
        "Volume": 1600000,
        "Close of Quarter": 0.4,
        "EPS": 121,
        "Non-adjusted EPS": 121,
        "PE": 3.1,
        "Book Price": 16.6
      }
    }
  ]
}