{
  "ticker": "DP3",
  "data": [
    {
      "quarter": "Q4 2016",
      "income status": {
        "Net sales": 70772,
        "Cost of goods sold": 33124,
        "Gross Profit": 37648,
        "Financial expenses": 611,
        "Of which: Interest expense": 611,
        "Cost of sales": 14186,
        "Enterprise cost management": 17090,
        "Total Operating Expenses": 31887,
        "Total revenue financing activities": 27,
        "Net profit from business activities": 5788,
        "Profit": -379,
        "Profit before tax": 5409,
        "Present corporate income tax expenses": 1400,
        "Deferred income taxes expenses": "N/A",
        "The interests of minority shareholders": "N/A",
        "Total Cost of profits": 1400,
        "Profit after tax corporate income": 4010,
        "Volume": 6800000,
        "Close of Quarter": 30.4,
        "EPS": 3309,
        "Non-adjusted EPS": 3309,
        "PE": 9.2,
        "Book Price": 19.2
      }
    },
    {
      "quarter": "Q3 2016",
      "income status": {
        "Net sales": 47029,
        "Cost of goods sold": 22271,
        "Gross Profit": 24758,
        "Financial expenses": 664,
        "Of which: Interest expense": 664,
        "Cost of sales": 17812,
        "Enterprise cost management": 3538,
        "Total Operating Expenses": 22014,
        "Total revenue financing activities": 17,
        "Net profit from business activities": 2760,
        "Profit": 1648,
        "Profit before tax": 4409,
        "Present corporate income tax expenses": 882,
        "Deferred income taxes expenses": "N/A",
        "The interests of minority shareholders": "N/A",
        "Total Cost of profits": 882,
        "Profit after tax corporate income": 3527,
        "Volume": 6800000,
        "Close of Quarter": 31.2,
        "EPS": 3052,
        "Non-adjusted EPS": 3052,
        "PE": 10.2,
        "Book Price": 18.6
      }
    },
    {
      "quarter": "Q2 2016",
      "income status": {
        "Net sales": 50926,
        "Cost of goods sold": 27529,
        "Gross Profit": 23397,
        "Financial expenses": 676,
        "Of which: Interest expense": 668,
        "Cost of sales": 10965,
        "Enterprise cost management": 5996,
        "Total Operating Expenses": 17637,
        "Total revenue financing activities": 16,
        "Net profit from business activities": 5775,
        "Profit": 532,
        "Profit before tax": 6306,
        "Present corporate income tax expenses": 1041,
        "Deferred income taxes expenses": "N/A",
        "The interests of minority shareholders": "N/A",
        "Total Cost of profits": 1041,
        "Profit after tax corporate income": 5266,
        "Volume": 6800000,
        "Close of Quarter": 33.2,
        "EPS": 3213,
        "Non-adjusted EPS": 3213,
        "PE": 10.3,
        "Book Price": 18.1
      }
    },
    {
      "quarter": "Q1 2016",
      "income status": {
        "Net sales": 68907,
        "Cost of goods sold": 36107,
        "Gross Profit": 32800,
        "Financial expenses": 829,
        "Of which: Interest expense": 829,
        "Cost of sales": 16124,
        "Enterprise cost management": 3454,
        "Total Operating Expenses": 20407,
        "Total revenue financing activities": 18,
        "Net profit from business activities": 12411,
        "Profit": 26,
        "Profit before tax": 12437,
        "Present corporate income tax expenses": 2736,
        "Deferred income taxes expenses": "N/A",
        "The interests of minority shareholders": "N/A",
        "Total Cost of profits": 2736,
        "Profit after tax corporate income": 9701,
        "Volume": 5250000,
        "Close of Quarter": 16.6,
        "EPS": 2785.6,
        "Non-adjusted EPS": 3608,
        "PE": 4.6,
        "Book Price": 18.8
      }
    },
    {
      "quarter": "Q4 2015",
      "income status": {
        "Net sales": 57888,
        "Cost of goods sold": 29208,
        "Gross Profit": 28680,
        "Financial expenses": 1012,
        "Of which: Interest expense": 971,
        "Cost of sales": 11173,
        "Enterprise cost management": 14144,
        "Total Operating Expenses": 26329,
        "Total revenue financing activities": 17,
        "Net profit from business activities": 2369,
        "Profit": 599,
        "Profit before tax": 2967,
        "Present corporate income tax expenses": 709,
        "Deferred income taxes expenses": "N/A",
        "The interests of minority shareholders": "N/A",
        "Total Cost of profits": 709,
        "Profit after tax corporate income": 2258,
        "Volume": 5250000,
        "Close of Quarter": 14.8,
        "EPS": 1950.2,
        "Non-adjusted EPS": 2526,
        "PE": 5.9,
        "Book Price": 15.1
      }
    },
    {
      "quarter": "Q3 2015",
      "income status": {
        "Net sales": 50595,
        "Cost of goods sold": 27067,
        "Gross Profit": 23528,
        "Financial expenses": 1069,
        "Of which: Interest expense": 1054,
        "Cost of sales": 11857,
        "Enterprise cost management": 5250,
        "Total Operating Expenses": 18176,
        "Total revenue financing activities": 8,
        "Net profit from business activities": 5361,
        "Profit": 606,
        "Profit before tax": 5967,
        "Present corporate income tax expenses": 1342,
        "Deferred income taxes expenses": "N/A",
        "The interests of minority shareholders": "N/A",
        "Total Cost of profits": 1342,
        "Profit after tax corporate income": 4626,
        "Volume": 5250000,
        "Close of Quarter": 18.6,
        "EPS": 2652.0,
        "Non-adjusted EPS": 3435,
        "PE": 5.4,
        "Book Price": 14.8
      }
    },
    {
      "quarter": "Q2 2015",
      "income status": {
        "Net sales": 54890,
        "Cost of goods sold": 30946,
        "Gross Profit": 23944,
        "Financial expenses": 1071,
        "Of which: Interest expense": 1031,
        "Cost of sales": 14659,
        "Enterprise cost management": 5024,
        "Total Operating Expenses": 20754,
        "Total revenue financing activities": 17,
        "Net profit from business activities": 3207,
        "Profit": 252,
        "Profit before tax": 3458,
        "Present corporate income tax expenses": 1100,
        "Deferred income taxes expenses": "N/A",
        "The interests of minority shareholders": "N/A",
        "Total Cost of profits": 1100,
        "Profit after tax corporate income": 2358,
        "Volume": 5250000,
        "Close of Quarter": "N/A",
        "EPS": 1971.8,
        "Non-adjusted EPS": 2554,
        "PE": "N/A",
        "Book Price": 14.1
      }
    },
    {
      "quarter": "Q3 2014",
      "income status": {
        "Net sales": 40731,
        "Cost of goods sold": 24318,
        "Gross Profit": 16413,
        "Financial expenses": 1063,
        "Of which: Interest expense": 1043,
        "Cost of sales": 7400,
        "Enterprise cost management": 2738,
        "Total Operating Expenses": 11201,
        "Total revenue financing activities": 15,
        "Net profit from business activities": 5227,
        "Profit": -215,
        "Profit before tax": 5012,
        "Present corporate income tax expenses": 990,
        "Deferred income taxes expenses": "N/A",
        "The interests of minority shareholders": "N/A",
        "Total Cost of profits": 990,
        "Profit after tax corporate income": 4022,
        "Volume": 5250000,
        "Close of Quarter": "N/A",
        "EPS": 1625.2,
        "Non-adjusted EPS": 2105,
        "PE": "N/A",
        "Book Price": "N/A"
      }
    },
    {
      "quarter": "Q2 2014",
      "income status": {
        "Net sales": 47620,
        "Cost of goods sold": 25412,
        "Gross Profit": 22208,
        "Financial expenses": 551,
        "Of which: Interest expense": 510,
        "Cost of sales": 10546,
        "Enterprise cost management": 3498,
        "Total Operating Expenses": 14595,
        "Total revenue financing activities": 10,
        "Net profit from business activities": 7623,
        "Profit": 176,
        "Profit before tax": 7799,
        "Present corporate income tax expenses": 770,
        "Deferred income taxes expenses": "N/A",
        "The interests of minority shareholders": "N/A",
        "Total Cost of profits": 770,
        "Profit after tax corporate income": 7029,
        "Volume": 5250000,
        "Close of Quarter": "N/A",
        "EPS": 1033.8,
        "Non-adjusted EPS": 1339,
        "PE": "N/A",
        "Book Price": "N/A"
      }
    }
  ]
}