{
  "ticker": "GMX",
  "data": [
    {
      "quarter": "Q4 2016",
      "income status": {
        "Net sales": 54447,
        "Cost of goods sold": 35879,
        "Gross Profit": 18568,
        "Financial expenses": "N/A",
        "Of which: Interest expense": "N/A",
        "Cost of sales": 7647,
        "Enterprise cost management": 3400,
        "Total Operating Expenses": 11047,
        "Total revenue financing activities": 9,
        "Net profit from business activities": 7531,
        "Profit": -202,
        "Profit before tax": 7328,
        "Present corporate income tax expenses": 1181,
        "Deferred income taxes expenses": "N/A",
        "The interests of minority shareholders": "N/A",
        "Total Cost of profits": 1181,
        "Profit after tax corporate income": 6147,
        "Volume": 5320694,
        "Close of Quarter": 24.6,
        "EPS": 3868,
        "Non-adjusted EPS": 3868,
        "PE": 6.4,
        "Book Price": 14.8
      }
    },
    {
      "quarter": "Q3 2016",
      "income status": {
        "Net sales": 56054,
        "Cost of goods sold": 38513,
        "Gross Profit": 17541,
        "Financial expenses": 53,
        "Of which: Interest expense": 51,
        "Cost of sales": 7211,
        "Enterprise cost management": 4098,
        "Total Operating Expenses": 11362,
        "Total revenue financing activities": 249,
        "Net profit from business activities": 6428,
        "Profit": -18,
        "Profit before tax": 6410,
        "Present corporate income tax expenses": 838,
        "Deferred income taxes expenses": "N/A",
        "The interests of minority shareholders": "N/A",
        "Total Cost of profits": 838,
        "Profit after tax corporate income": 5571,
        "Volume": 5320694,
        "Close of Quarter": 21.6,
        "EPS": 3806,
        "Non-adjusted EPS": 3806,
        "PE": 5.7,
        "Book Price": 15.3
      }
    },
    {
      "quarter": "Q2 2016",
      "income status": {
        "Net sales": 59405,
        "Cost of goods sold": 39055,
        "Gross Profit": 20350,
        "Financial expenses": 3,
        "Of which: Interest expense": 3,
        "Cost of sales": 9066,
        "Enterprise cost management": 3747,
        "Total Operating Expenses": 12816,
        "Total revenue financing activities": 117,
        "Net profit from business activities": 7652,
        "Profit": -33,
        "Profit before tax": 7619,
        "Present corporate income tax expenses": 1364,
        "Deferred income taxes expenses": "N/A",
        "The interests of minority shareholders": "N/A",
        "Total Cost of profits": 1364,
        "Profit after tax corporate income": 6254,
        "Volume": 5320694,
        "Close of Quarter": 19.0,
        "EPS": 3639,
        "Non-adjusted EPS": 3639,
        "PE": 5.2,
        "Book Price": 14.5
      }
    },
    {
      "quarter": "Q1 2016",
      "income status": {
        "Net sales": 35100,
        "Cost of goods sold": 22547,
        "Gross Profit": 12553,
        "Financial expenses": 226,
        "Of which: Interest expense": 226,
        "Cost of sales": 5568,
        "Enterprise cost management": 3287,
        "Total Operating Expenses": 9081,
        "Total revenue financing activities": 7,
        "Net profit from business activities": 3478,
        "Profit": -160,
        "Profit before tax": 3318,
        "Present corporate income tax expenses": 708,
        "Deferred income taxes expenses": "N/A",
        "The interests of minority shareholders": "N/A",
        "Total Cost of profits": 708,
        "Profit after tax corporate income": 2610,
        "Volume": 5320694,
        "Close of Quarter": 17.2,
        "EPS": 3304,
        "Non-adjusted EPS": 3304,
        "PE": 5.2,
        "Book Price": 14.6
      }
    },
    {
      "quarter": "Q4 2015",
      "income status": {
        "Net sales": 56218,
        "Cost of goods sold": 39177,
        "Gross Profit": 17041,
        "Financial expenses": 279,
        "Of which: Interest expense": 118,
        "Cost of sales": 6805,
        "Enterprise cost management": 3240,
        "Total Operating Expenses": 10324,
        "Total revenue financing activities": 171,
        "Net profit from business activities": 6887,
        "Profit": -104,
        "Profit before tax": 6783,
        "Present corporate income tax expenses": 965,
        "Deferred income taxes expenses": "N/A",
        "The interests of minority shareholders": "N/A",
        "Total Cost of profits": 965,
        "Profit after tax corporate income": 5818,
        "Volume": 5320694,
        "Close of Quarter": 14.7,
        "EPS": 3208,
        "Non-adjusted EPS": 3208,
        "PE": 4.6,
        "Book Price": 14.3
      }
    },
    {
      "quarter": "Q3 2015",
      "income status": {
        "Net sales": 43369,
        "Cost of goods sold": 28225,
        "Gross Profit": 15144,
        "Financial expenses": 50,
        "Of which: Interest expense": 49,
        "Cost of sales": 6904,
        "Enterprise cost management": 2795,
        "Total Operating Expenses": 9749,
        "Total revenue financing activities": 43,
        "Net profit from business activities": 5437,
        "Profit": -36,
        "Profit before tax": 5401,
        "Present corporate income tax expenses": 721,
        "Deferred income taxes expenses": "N/A",
        "The interests of minority shareholders": "N/A",
        "Total Cost of profits": 721,
        "Profit after tax corporate income": 4679,
        "Volume": 5320694,
        "Close of Quarter": 13.7,
        "EPS": 2799,
        "Non-adjusted EPS": 2799,
        "PE": 4.9,
        "Book Price": 14.5
      }
    },
    {
      "quarter": "Q2 2015",
      "income status": {
        "Net sales": 53806,
        "Cost of goods sold": 37895,
        "Gross Profit": 15911,
        "Financial expenses": 54,
        "Of which: Interest expense": 37,
        "Cost of sales": 7895,
        "Enterprise cost management": 2689,
        "Total Operating Expenses": 10638,
        "Total revenue financing activities": 19,
        "Net profit from business activities": 5292,
        "Profit": -3,
        "Profit before tax": 5289,
        "Present corporate income tax expenses": 817,
        "Deferred income taxes expenses": "N/A",
        "The interests of minority shareholders": "N/A",
        "Total Cost of profits": 817,
        "Profit after tax corporate income": 4473,
        "Volume": 5320694,
        "Close of Quarter": 12.4,
        "EPS": 2576,
        "Non-adjusted EPS": 2576,
        "PE": 4.8,
        "Book Price": 13.8
      }
    },
    {
      "quarter": "Q1 2015",
      "income status": {
        "Net sales": 29345,
        "Cost of goods sold": 19375,
        "Gross Profit": 9970,
        "Financial expenses": 262,
        "Of which: Interest expense": 262,
        "Cost of sales": 4343,
        "Enterprise cost management": 2938,
        "Total Operating Expenses": 7543,
        "Total revenue financing activities": 20,
        "Net profit from business activities": 2448,
        "Profit": -3,
        "Profit before tax": 2446,
        "Present corporate income tax expenses": 346,
        "Deferred income taxes expenses": "N/A",
        "The interests of minority shareholders": "N/A",
        "Total Cost of profits": 346,
        "Profit after tax corporate income": 2099,
        "Volume": 5320694,
        "Close of Quarter": 10.0,
        "EPS": 2354,
        "Non-adjusted EPS": 2354,
        "PE": 4.3,
        "Book Price": 13.6
      }
    },
    {
      "quarter": "Q4 2014",
      "income status": {
        "Net sales": 37263,
        "Cost of goods sold": 24065,
        "Gross Profit": 13198,
        "Financial expenses": 316,
        "Of which: Interest expense": 316,
        "Cost of sales": 5911,
        "Enterprise cost management": 2733,
        "Total Operating Expenses": 8960,
        "Total revenue financing activities": 3,
        "Net profit from business activities": 4242,
        "Profit": -17,
        "Profit before tax": 4225,
        "Present corporate income tax expenses": 585,
        "Deferred income taxes expenses": "N/A",
        "The interests of minority shareholders": "N/A",
        "Total Cost of profits": 585,
        "Profit after tax corporate income": 3640,
        "Volume": 5320694,
        "Close of Quarter": 9.1,
        "EPS": 2123,
        "Non-adjusted EPS": 2123,
        "PE": 4.3,
        "Book Price": 13.4
      }
    },
    {
      "quarter": "Q3 2014",
      "income status": {
        "Net sales": 36868,
        "Cost of goods sold": 23729,
        "Gross Profit": 13139,
        "Financial expenses": 413,
        "Of which: Interest expense": 413,
        "Cost of sales": 6378,
        "Enterprise cost management": 2241,
        "Total Operating Expenses": 9032,
        "Total revenue financing activities": 5,
        "Net profit from business activities": 4112,
        "Profit": 4,
        "Profit before tax": 4116,
        "Present corporate income tax expenses": 622,
        "Deferred income taxes expenses": "N/A",
        "The interests of minority shareholders": "N/A",
        "Total Cost of profits": 622,
        "Profit after tax corporate income": 3494,
        "Volume": 5320694,
        "Close of Quarter": 6.7,
        "EPS": 1724,
        "Non-adjusted EPS": 1724,
        "PE": 3.9,
        "Book Price": 13.8
      }
    },
    {
      "quarter": "Q2 2014",
      "income status": {
        "Net sales": 45001,
        "Cost of goods sold": 30624,
        "Gross Profit": 14377,
        "Financial expenses": 391,
        "Of which: Interest expense": 383,
        "Cost of sales": 7891,
        "Enterprise cost management": 2252,
        "Total Operating Expenses": 10534,
        "Total revenue financing activities": 3,
        "Net profit from business activities": 3846,
        "Profit": -11,
        "Profit before tax": 3835,
        "Present corporate income tax expenses": 545,
        "Deferred income taxes expenses": "N/A",
        "The interests of minority shareholders": "N/A",
        "Total Cost of profits": 545,
        "Profit after tax corporate income": 3290,
        "Volume": 5320694,
        "Close of Quarter": 8.6,
        "EPS": 1578,
        "Non-adjusted EPS": 1578,
        "PE": 5.5,
        "Book Price": 13.3
      }
    },
    {
      "quarter": "Q1 2014",
      "income status": {
        "Net sales": 24376,
        "Cost of goods sold": 16497,
        "Gross Profit": 7879,
        "Financial expenses": 546,
        "Of which: Interest expense": 546,
        "Cost of sales": 4225,
        "Enterprise cost management": 2091,
        "Total Operating Expenses": 6862,
        "Total revenue financing activities": 3,
        "Net profit from business activities": 1020,
        "Profit": 1,
        "Profit before tax": 1022,
        "Present corporate income tax expenses": 149,
        "Deferred income taxes expenses": "N/A",
        "The interests of minority shareholders": "N/A",
        "Total Cost of profits": 149,
        "Profit after tax corporate income": 873,
        "Volume": 5320694,
        "Close of Quarter": 9.6,
        "EPS": 1764,
        "Non-adjusted EPS": 1764,
        "PE": 5.5,
        "Book Price": 13.3
      }
    },
    {
      "quarter": "Q4 2013",
      "income status": {
        "Net sales": 34055,
        "Cost of goods sold": 24071,
        "Gross Profit": 9984,
        "Financial expenses": 471,
        "Of which: Interest expense": 471,
        "Cost of sales": 5379,
        "Enterprise cost management": 2546,
        "Total Operating Expenses": 8396,
        "Total revenue financing activities": 105,
        "Net profit from business activities": 1693,
        "Profit": -7,
        "Profit before tax": 1686,
        "Present corporate income tax expenses": 172,
        "Deferred income taxes expenses": "N/A",
        "The interests of minority shareholders": "N/A",
        "Total Cost of profits": 172,
        "Profit after tax corporate income": 1514,
        "Volume": 5320694,
        "Close of Quarter": 10.3,
        "EPS": 2048,
        "Non-adjusted EPS": 2048,
        "PE": 5.0,
        "Book Price": 13.2
      }
    },
    {
      "quarter": "Q3 2013",
      "income status": {
        "Net sales": 35487,
        "Cost of goods sold": 23804,
        "Gross Profit": 11683,
        "Financial expenses": 417,
        "Of which: Interest expense": 417,
        "Cost of sales": 6020,
        "Enterprise cost management": 2239,
        "Total Operating Expenses": 8676,
        "Total revenue financing activities": 7,
        "Net profit from business activities": 3014,
        "Profit": -5,
        "Profit before tax": 3009,
        "Present corporate income tax expenses": 289,
        "Deferred income taxes expenses": "N/A",
        "The interests of minority shareholders": "N/A",
        "Total Cost of profits": 289,
        "Profit after tax corporate income": 2721,
        "Volume": 5320694,
        "Close of Quarter": 6.7,
        "EPS": 2236,
        "Non-adjusted EPS": 2236,
        "PE": 3.0,
        "Book Price": 14
      }
    },
    {
      "quarter": "Q2 2013",
      "income status": {
        "Net sales": 48878,
        "Cost of goods sold": 34217,
        "Gross Profit": 14661,
        "Financial expenses": 494,
        "Of which: Interest expense": 494,
        "Cost of sales": 7090,
        "Enterprise cost management": 2282,
        "Total Operating Expenses": 9866,
        "Total revenue financing activities": 5,
        "Net profit from business activities": 4800,
        "Profit": -19,
        "Profit before tax": 4781,
        "Present corporate income tax expenses": 501,
        "Deferred income taxes expenses": "N/A",
        "The interests of minority shareholders": "N/A",
        "Total Cost of profits": 501,
        "Profit after tax corporate income": 4280,
        "Volume": 5320694,
        "Close of Quarter": 6.9,
        "EPS": 2560,
        "Non-adjusted EPS": 2560,
        "PE": 2.7,
        "Book Price": 14.6
      }
    },
    {
      "quarter": "Q1 2013",
      "income status": {
        "Net sales": 33760,
        "Cost of goods sold": 23967,
        "Gross Profit": 9793,
        "Financial expenses": 773,
        "Of which: Interest expense": 773,
        "Cost of sales": 4059,
        "Enterprise cost management": 2237,
        "Total Operating Expenses": 7069,
        "Total revenue financing activities": 3,
        "Net profit from business activities": 2727,
        "Profit": -30,
        "Profit before tax": 2696,
        "Present corporate income tax expenses": 315,
        "Deferred income taxes expenses": "N/A",
        "The interests of minority shareholders": "N/A",
        "Total Cost of profits": 315,
        "Profit after tax corporate income": 2382,
        "Volume": 5320694,
        "Close of Quarter": 7.3,
        "EPS": 2776,
        "Non-adjusted EPS": 2776,
        "PE": 2.6,
        "Book Price": 13.9
      }
    },
    {
      "quarter": "Q4 2012",
      "income status": {
        "Net sales": 31280,
        "Cost of goods sold": 20794,
        "Gross Profit": 10485,
        "Financial expenses": 681,
        "Of which: Interest expense": 681,
        "Cost of sales": 5039,
        "Enterprise cost management": 2288,
        "Total Operating Expenses": 8008,
        "Total revenue financing activities": 305,
        "Net profit from business activities": 2781,
        "Profit": -71,
        "Profit before tax": 2710,
        "Present corporate income tax expenses": 199,
        "Deferred income taxes expenses": "N/A",
        "The interests of minority shareholders": "N/A",
        "Total Cost of profits": 199,
        "Profit after tax corporate income": 2512,
        "Volume": 5320694,
        "Close of Quarter": 7.7,
        "EPS": 2550,
        "Non-adjusted EPS": 2550,
        "PE": 3.0,
        "Book Price": 13.6
      }
    },
    {
      "quarter": "Q3 2012",
      "income status": {
        "Net sales": 34877,
        "Cost of goods sold": 22606,
        "Gross Profit": 12272,
        "Financial expenses": 828,
        "Of which: Interest expense": 828,
        "Cost of sales": 4447,
        "Enterprise cost management": 2013,
        "Total Operating Expenses": 7288,
        "Total revenue financing activities": 4,
        "Net profit from business activities": 4988,
        "Profit": -21,
        "Profit before tax": 4967,
        "Present corporate income tax expenses": 519,
        "Deferred income taxes expenses": "N/A",
        "The interests of minority shareholders": "N/A",
        "Total Cost of profits": 519,
        "Profit after tax corporate income": 4448,
        "Volume": 5320694,
        "Close of Quarter": 6.0,
        "EPS": 2586,
        "Non-adjusted EPS": 2586,
        "PE": 2.3,
        "Book Price": 14.2
      }
    },
    {
      "quarter": "Q2 2012",
      "income status": {
        "Net sales": 47549,
        "Cost of goods sold": 32745,
        "Gross Profit": 14804,
        "Financial expenses": 919,
        "Of which: Interest expense": 919,
        "Cost of sales": 5738,
        "Enterprise cost management": 2524,
        "Total Operating Expenses": 9181,
        "Total revenue financing activities": 220,
        "Net profit from business activities": 5844,
        "Profit": 139,
        "Profit before tax": 5983,
        "Present corporate income tax expenses": 554,
        "Deferred income taxes expenses": "N/A",
        "The interests of minority shareholders": "N/A",
        "Total Cost of profits": 554,
        "Profit after tax corporate income": 5429,
        "Volume": 5320694,
        "Close of Quarter": 6.2,
        "EPS": 2553,
        "Non-adjusted EPS": 2553,
        "PE": 2.4,
        "Book Price": 13.4
      }
    },
    {
      "quarter": "Q1 2012",
      "income status": {
        "Net sales": 24096,
        "Cost of goods sold": 15315,
        "Gross Profit": 8781,
        "Financial expenses": 1083,
        "Of which: Interest expense": 1083,
        "Cost of sales": 3821,
        "Enterprise cost management": 2653,
        "Total Operating Expenses": 7557,
        "Total revenue financing activities": 13,
        "Net profit from business activities": 1237,
        "Profit": 46,
        "Profit before tax": 1283,
        "Present corporate income tax expenses": 106,
        "Deferred income taxes expenses": "N/A",
        "The interests of minority shareholders": "N/A",
        "Total Cost of profits": 106,
        "Profit after tax corporate income": 1177,
        "Volume": 5320694,
        "Close of Quarter": 5.9,
        "EPS": 2525,
        "Non-adjusted EPS": 2525,
        "PE": 2.3,
        "Book Price": 13.6
      }
    },
    {
      "quarter": "Q4 2011",
      "income status": {
        "Net sales": 29593,
        "Cost of goods sold": 19161,
        "Gross Profit": 10432,
        "Financial expenses": 486,
        "Of which: Interest expense": 486,
        "Cost of sales": 4806,
        "Enterprise cost management": 2200,
        "Total Operating Expenses": 7492,
        "Total revenue financing activities": 7,
        "Net profit from business activities": 2946,
        "Profit": -7,
        "Profit before tax": 2938,
        "Present corporate income tax expenses": 232,
        "Deferred income taxes expenses": "N/A",
        "The interests of minority shareholders": "N/A",
        "Total Cost of profits": 232,
        "Profit after tax corporate income": 2707,
        "Volume": 5320694,
        "Close of Quarter": 5.8,
        "EPS": 2776,
        "Non-adjusted EPS": 2776,
        "PE": 2.1,
        "Book Price": 14.4
      }
    },
    {
      "quarter": "Q3 2011",
      "income status": {
        "Net sales": 29834,
        "Cost of goods sold": 17838,
        "Gross Profit": 11996,
        "Financial expenses": 276,
        "Of which: Interest expense": 276,
        "Cost of sales": 4957,
        "Enterprise cost management": 2285,
        "Total Operating Expenses": 7518,
        "Total revenue financing activities": 233,
        "Net profit from business activities": 4711,
        "Profit": -100,
        "Profit before tax": 4611,
        "Present corporate income tax expenses": 343,
        "Deferred income taxes expenses": "N/A",
        "The interests of minority shareholders": "N/A",
        "Total Cost of profits": 343,
        "Profit after tax corporate income": 4269,
        "Volume": 5320694,
        "Close of Quarter": 6.3,
        "EPS": 2918,
        "Non-adjusted EPS": 2918,
        "PE": 2.2,
        "Book Price": 14
      }
    },
    {
      "quarter": "Q2 2011",
      "income status": {
        "Net sales": 36710,
        "Cost of goods sold": 23352,
        "Gross Profit": 13358,
        "Financial expenses": 123,
        "Of which: Interest expense": 123,
        "Cost of sales": 5973,
        "Enterprise cost management": 1525,
        "Total Operating Expenses": 7621,
        "Total revenue financing activities": 33,
        "Net profit from business activities": 5770,
        "Profit": -46,
        "Profit before tax": 5725,
        "Present corporate income tax expenses": 442,
        "Deferred income taxes expenses": "N/A",
        "The interests of minority shareholders": "N/A",
        "Total Cost of profits": 442,
        "Profit after tax corporate income": 5283,
        "Volume": 5320694,
        "Close of Quarter": "N/A",
        "EPS": 3935,
        "Non-adjusted EPS": 3935,
        "PE": "N/A",
        "Book Price": 13.3
      }
    },
    {
      "quarter": "Q1 2011",
      "income status": {
        "Net sales": 25348,
        "Cost of goods sold": 15668,
        "Gross Profit": 9681,
        "Financial expenses": 200,
        "Of which: Interest expense": 200,
        "Cost of sales": 4143,
        "Enterprise cost management": 2609,
        "Total Operating Expenses": 6952,
        "Total revenue financing activities": 20,
        "Net profit from business activities": 2748,
        "Profit": -23,
        "Profit before tax": 2725,
        "Present corporate income tax expenses": 216,
        "Deferred income taxes expenses": "N/A",
        "The interests of minority shareholders": "N/A",
        "Total Cost of profits": 216,
        "Profit after tax corporate income": 2509,
        "Volume": 5320694,
        "Close of Quarter": "N/A",
        "EPS": 2942,
        "Non-adjusted EPS": 2942,
        "PE": "N/A",
        "Book Price": 13.5
      }
    }
  ]
}