{
  "ticker": "TNA",
  "data": [
    {
      "quarter": "Q4 2016",
      "income status": {
        "Net sales": 1115071,
        "Cost of goods sold": 1038879,
        "Gross Profit": 76191,
        "Financial expenses": 12996,
        "Of which: Interest expense": 12233,
        "Cost of sales": 13530,
        "Enterprise cost management": 29552,
        "Total Operating Expenses": 56078,
        "Total revenue financing activities": 508,
        "Net profit from business activities": 20622,
        "Profit": -4808,
        "Profit before tax": 15814,
        "Present corporate income tax expenses": 4307,
        "Deferred income taxes expenses": -54,
        "The interests of minority shareholders": 807,
        "Total Cost of profits": 5060,
        "Profit after tax corporate income": 10754,
        "Volume": 10104777,
        "Close of Quarter": 46.9,
        "EPS": 11008,
        "Non-adjusted EPS": 11008,
        "PE": 4.3,
        "Book Price": 37.2
      }
    },
    {
      "quarter": "Q3 2016",
      "income status": {
        "Net sales": 688714,
        "Cost of goods sold": 638019,
        "Gross Profit": 50695,
        "Financial expenses": 8914,
        "Of which: Interest expense": 8910,
        "Cost of sales": 8599,
        "Enterprise cost management": 16835,
        "Total Operating Expenses": 34348,
        "Total revenue financing activities": 43839,
        "Net profit from business activities": 60186,
        "Profit": -182,
        "Profit before tax": 60003,
        "Present corporate income tax expenses": -1,
        "Deferred income taxes expenses": 11959,
        "The interests of minority shareholders": 361,
        "Total Cost of profits": 12319,
        "Profit after tax corporate income": 47684,
        "Volume": 10104777,
        "Close of Quarter": 61.8,
        "EPS": 11478,
        "Non-adjusted EPS": 11478,
        "PE": 5.4,
        "Book Price": 37.2
      }
    },
    {
      "quarter": "Q2 2016",
      "income status": {
        "Net sales": 832204,
        "Cost of goods sold": 764783,
        "Gross Profit": 67421,
        "Financial expenses": 11211,
        "Of which: Interest expense": 11207,
        "Cost of sales": 7715,
        "Enterprise cost management": 10472,
        "Total Operating Expenses": 29398,
        "Total revenue financing activities": -8967,
        "Net profit from business activities": 29056,
        "Profit": -161,
        "Profit before tax": 28895,
        "Present corporate income tax expenses": 5781,
        "Deferred income taxes expenses": 219,
        "The interests of minority shareholders": 180,
        "Total Cost of profits": 6180,
        "Profit after tax corporate income": 22715,
        "Volume": 8000000,
        "Close of Quarter": 51.4,
        "EPS": 8130.8,
        "Non-adjusted EPS": 10270,
        "PE": 5.0,
        "Book Price": 32.4
      }
    },
    {
      "quarter": "Q1 2016",
      "income status": {
        "Net sales": 846093,
        "Cost of goods sold": 787880,
        "Gross Profit": 58213,
        "Financial expenses": 9776,
        "Of which: Interest expense": 9770,
        "Cost of sales": 8226,
        "Enterprise cost management": 13881,
        "Total Operating Expenses": 31883,
        "Total revenue financing activities": 10052,
        "Net profit from business activities": 36382,
        "Profit": 2013,
        "Profit before tax": 38395,
        "Present corporate income tax expenses": 7676,
        "Deferred income taxes expenses": 36,
        "The interests of minority shareholders": 602,
        "Total Cost of profits": 8314,
        "Profit after tax corporate income": 30081,
        "Volume": 8000000,
        "Close of Quarter": 32.9,
        "EPS": 6971.8,
        "Non-adjusted EPS": 8806,
        "PE": 3.7,
        "Book Price": 30.9
      }
    },
    {
      "quarter": "Q4 2015",
      "income status": {
        "Net sales": 706947,
        "Cost of goods sold": 666367,
        "Gross Profit": 40580,
        "Financial expenses": 12222,
        "Of which: Interest expense": 12150,
        "Cost of sales": 9905,
        "Enterprise cost management": 15247,
        "Total Operating Expenses": 37374,
        "Total revenue financing activities": 17217,
        "Net profit from business activities": 20424,
        "Profit": -1,
        "Profit before tax": 20424,
        "Present corporate income tax expenses": 4842,
        "Deferred income taxes expenses": -245,
        "The interests of minority shareholders": 327,
        "Total Cost of profits": 4924,
        "Profit after tax corporate income": 15499,
        "Volume": 8000000,
        "Close of Quarter": 22.7,
        "EPS": 5414.5,
        "Non-adjusted EPS": 6839,
        "PE": 3.3,
        "Book Price": 29.5
      }
    },
    {
      "quarter": "Q3 2015",
      "income status": {
        "Net sales": 593152,
        "Cost of goods sold": 552100,
        "Gross Profit": 41052,
        "Financial expenses": 10369,
        "Of which: Interest expense": 10348,
        "Cost of sales": 6532,
        "Enterprise cost management": 6709,
        "Total Operating Expenses": 23610,
        "Total revenue financing activities": 622,
        "Net profit from business activities": 18064,
        "Profit": 57,
        "Profit before tax": 18121,
        "Present corporate income tax expenses": 4000,
        "Deferred income taxes expenses": 63,
        "The interests of minority shareholders": 189,
        "Total Cost of profits": 4252,
        "Profit after tax corporate income": 13868,
        "Volume": 8000000,
        "Close of Quarter": 21.4,
        "EPS": 4881.7,
        "Non-adjusted EPS": 6166,
        "PE": 3.5,
        "Book Price": 30.0
      }
    },
    {
      "quarter": "Q2 2015",
      "income status": {
        "Net sales": 542630,
        "Cost of goods sold": 507314,
        "Gross Profit": 35316,
        "Financial expenses": 12947,
        "Of which: Interest expense": 12752,
        "Cost of sales": 5925,
        "Enterprise cost management": 4931,
        "Total Operating Expenses": 23803,
        "Total revenue financing activities": 2861,
        "Net profit from business activities": 14374,
        "Profit": -228,
        "Profit before tax": 14146,
        "Present corporate income tax expenses": 2893,
        "Deferred income taxes expenses": 92,
        "The interests of minority shareholders": 158,
        "Total Cost of profits": 3143,
        "Profit after tax corporate income": 11003,
        "Volume": 8000000,
        "Close of Quarter": 18.4,
        "EPS": 4595.9,
        "Non-adjusted EPS": 5805,
        "PE": 3.2,
        "Book Price": 28.7
      }
    },
    {
      "quarter": "Q1 2015",
      "income status": {
        "Net sales": 468868,
        "Cost of goods sold": 424153,
        "Gross Profit": 44714,
        "Financial expenses": 10170,
        "Of which: Interest expense": 10145,
        "Cost of sales": 8422,
        "Enterprise cost management": 8791,
        "Total Operating Expenses": 27383,
        "Total revenue financing activities": 1514,
        "Net profit from business activities": 18846,
        "Profit": 304,
        "Profit before tax": 19150,
        "Present corporate income tax expenses": 4442,
        "Deferred income taxes expenses": -47,
        "The interests of minority shareholders": 414,
        "Total Cost of profits": 4809,
        "Profit after tax corporate income": 14341,
        "Volume": 8000000,
        "Close of Quarter": 15.9,
        "EPS": 4343.3,
        "Non-adjusted EPS": 5486,
        "PE": 2.9,
        "Book Price": 27.6
      }
    },
    {
      "quarter": "Q4 2014",
      "income status": {
        "Net sales": 519632,
        "Cost of goods sold": 479636,
        "Gross Profit": 39996,
        "Financial expenses": 11134,
        "Of which: Interest expense": 10731,
        "Cost of sales": 10484,
        "Enterprise cost management": 9319,
        "Total Operating Expenses": 30937,
        "Total revenue financing activities": 4293,
        "Net profit from business activities": 13350,
        "Profit": "N/A",
        "Profit before tax": 13350,
        "Present corporate income tax expenses": 3035,
        "Deferred income taxes expenses": -50,
        "The interests of minority shareholders": 249,
        "Total Cost of profits": 3234,
        "Profit after tax corporate income": 10116,
        "Volume": 8000000,
        "Close of Quarter": 14.8,
        "EPS": 3820.8,
        "Non-adjusted EPS": 4826,
        "PE": 3.1,
        "Book Price": 27.6
      }
    },
    {
      "quarter": "Q3 2014",
      "income status": {
        "Net sales": 399606,
        "Cost of goods sold": 366581,
        "Gross Profit": 33025,
        "Financial expenses": 8707,
        "Of which: Interest expense": 8698,
        "Cost of sales": 6585,
        "Enterprise cost management": 6096,
        "Total Operating Expenses": 21388,
        "Total revenue financing activities": 2565,
        "Net profit from business activities": 14202,
        "Profit": 9,
        "Profit before tax": 14212,
        "Present corporate income tax expenses": 3128,
        "Deferred income taxes expenses": -6,
        "The interests of minority shareholders": 107,
        "Total Cost of profits": 3229,
        "Profit after tax corporate income": 10982,
        "Volume": 8000000,
        "Close of Quarter": 16.3,
        "EPS": 3735.3,
        "Non-adjusted EPS": 4718,
        "PE": 3.5,
        "Book Price": 27.4
      }
    },
    {
      "quarter": "Q2 2014",
      "income status": {
        "Net sales": 394579,
        "Cost of goods sold": 363627,
        "Gross Profit": 30952,
        "Financial expenses": 9794,
        "Of which: Interest expense": 9520,
        "Cost of sales": 7528,
        "Enterprise cost management": 4519,
        "Total Operating Expenses": 21841,
        "Total revenue financing activities": 1920,
        "Net profit from business activities": 11032,
        "Profit": "N/A",
        "Profit before tax": 11032,
        "Present corporate income tax expenses": 2427,
        "Deferred income taxes expenses": 6,
        "The interests of minority shareholders": 148,
        "Total Cost of profits": 2581,
        "Profit after tax corporate income": 8450,
        "Volume": 8000000,
        "Close of Quarter": 14.5,
        "EPS": 3269.7,
        "Non-adjusted EPS": 4130,
        "PE": 3.5,
        "Book Price": 26.3
      }
    },
    {
      "quarter": "Q1 2014",
      "income status": {
        "Net sales": 320083,
        "Cost of goods sold": 290585,
        "Gross Profit": 29498,
        "Financial expenses": 7650,
        "Of which: Interest expense": 7614,
        "Cost of sales": 5737,
        "Enterprise cost management": 5853,
        "Total Operating Expenses": 19240,
        "Total revenue financing activities": 1242,
        "Net profit from business activities": 11501,
        "Profit": 662,
        "Profit before tax": 12163,
        "Present corporate income tax expenses": 2478,
        "Deferred income taxes expenses": 244,
        "The interests of minority shareholders": 378,
        "Total Cost of profits": 3100,
        "Profit after tax corporate income": 9063,
        "Volume": 8000000,
        "Close of Quarter": 14.9,
        "EPS": 3116.9,
        "Non-adjusted EPS": 3937,
        "PE": 3.8,
        "Book Price": 25.5
      }
    },
    {
      "quarter": "Q4 2013",
      "income status": {
        "Net sales": 464171,
        "Cost of goods sold": 426317,
        "Gross Profit": 37855,
        "Financial expenses": 8412,
        "Of which: Interest expense": 8418,
        "Cost of sales": 9345,
        "Enterprise cost management": 9561,
        "Total Operating Expenses": 27318,
        "Total revenue financing activities": 2282,
        "Net profit from business activities": 12819,
        "Profit": -97,
        "Profit before tax": 12721,
        "Present corporate income tax expenses": 3466,
        "Deferred income taxes expenses": -243,
        "The interests of minority shareholders": 249,
        "Total Cost of profits": 3472,
        "Profit after tax corporate income": 9249,
        "Volume": 8000000,
        "Close of Quarter": 12.7,
        "EPS": 3288.0,
        "Non-adjusted EPS": 4153,
        "PE": 3.1,
        "Book Price": 25.7
      }
    },
    {
      "quarter": "Q3 2013",
      "income status": {
        "Net sales": 407338,
        "Cost of goods sold": 382553,
        "Gross Profit": 24785,
        "Financial expenses": 7418,
        "Of which: Interest expense": 6948,
        "Cost of sales": 7583,
        "Enterprise cost management": 3192,
        "Total Operating Expenses": 18193,
        "Total revenue financing activities": 1968,
        "Net profit from business activities": 8560,
        "Profit": -43,
        "Profit before tax": 8517,
        "Present corporate income tax expenses": 2153,
        "Deferred income taxes expenses": "N/A",
        "The interests of minority shareholders": 89,
        "Total Cost of profits": 2242,
        "Profit after tax corporate income": 6275,
        "Volume": 8000000,
        "Close of Quarter": 11.2,
        "EPS": 3358.4,
        "Non-adjusted EPS": 4242,
        "PE": 2.7,
        "Book Price": 25.7
      }
    },
    {
      "quarter": "Q2 2013",
      "income status": {
        "Net sales": 381712,
        "Cost of goods sold": 357928,
        "Gross Profit": 23784,
        "Financial expenses": 7586,
        "Of which: Interest expense": 6139,
        "Cost of sales": 4308,
        "Enterprise cost management": 1825,
        "Total Operating Expenses": 13719,
        "Total revenue financing activities": -1137,
        "Net profit from business activities": 8928,
        "Profit": -92,
        "Profit before tax": 8837,
        "Present corporate income tax expenses": 2208,
        "Deferred income taxes expenses": -19,
        "The interests of minority shareholders": -264,
        "Total Cost of profits": 1925,
        "Profit after tax corporate income": 6912,
        "Volume": 8000000,
        "Close of Quarter": 10.1,
        "EPS": 3799.4,
        "Non-adjusted EPS": 4799,
        "PE": 2.1,
        "Book Price": 24.8
      }
    },
    {
      "quarter": "Q1 2013",
      "income status": {
        "Net sales": 321043,
        "Cost of goods sold": 292378,
        "Gross Profit": 28665,
        "Financial expenses": 4496,
        "Of which: Interest expense": 4393,
        "Cost of sales": 6314,
        "Enterprise cost management": 6318,
        "Total Operating Expenses": 17128,
        "Total revenue financing activities": 3007,
        "Net profit from business activities": 14545,
        "Profit": 221,
        "Profit before tax": 14766,
        "Present corporate income tax expenses": 3578,
        "Deferred income taxes expenses": 134,
        "The interests of minority shareholders": 264,
        "Total Cost of profits": 3976,
        "Profit after tax corporate income": 10790,
        "Volume": 8000000,
        "Close of Quarter": 10.6,
        "EPS": 4063.8,
        "Non-adjusted EPS": 5133,
        "PE": 2.1,
        "Book Price": 24.8
      }
    },
    {
      "quarter": "Q4 2012",
      "income status": {
        "Net sales": 278560,
        "Cost of goods sold": 254760,
        "Gross Profit": 23800,
        "Financial expenses": 9217,
        "Of which: Interest expense": 9070,
        "Cost of sales": 6626,
        "Enterprise cost management": 5324,
        "Total Operating Expenses": 21167,
        "Total revenue financing activities": 8265,
        "Net profit from business activities": 10898,
        "Profit": 139,
        "Profit before tax": 11037,
        "Present corporate income tax expenses": 952,
        "Deferred income taxes expenses": -123,
        "The interests of minority shareholders": 248,
        "Total Cost of profits": 1077,
        "Profit after tax corporate income": 9960,
        "Volume": 8000000,
        "Close of Quarter": 7.2,
        "EPS": 3973.6,
        "Non-adjusted EPS": 5019,
        "PE": 1.4,
        "Book Price": 24.7
      }
    },
    {
      "quarter": "Q3 2012",
      "income status": {
        "Net sales": 338882,
        "Cost of goods sold": 313685,
        "Gross Profit": 25197,
        "Financial expenses": 9177,
        "Of which: Interest expense": 8968,
        "Cost of sales": 5403,
        "Enterprise cost management": 4159,
        "Total Operating Expenses": 18739,
        "Total revenue financing activities": 6954,
        "Net profit from business activities": 13413,
        "Profit": -92,
        "Profit before tax": 13321,
        "Present corporate income tax expenses": 2473,
        "Deferred income taxes expenses": -9,
        "The interests of minority shareholders": 129,
        "Total Cost of profits": 2593,
        "Profit after tax corporate income": 10728,
        "Volume": 8000000,
        "Close of Quarter": 8.2,
        "EPS": 3833.4,
        "Non-adjusted EPS": 4842,
        "PE": 1.7,
        "Book Price": 24.5
      }
    },
    {
      "quarter": "Q2 2012",
      "income status": {
        "Net sales": 343495,
        "Cost of goods sold": 314307,
        "Gross Profit": 29188,
        "Financial expenses": 12188,
        "Of which: Interest expense": 12109,
        "Cost of sales": 4370,
        "Enterprise cost management": 3704,
        "Total Operating Expenses": 20262,
        "Total revenue financing activities": 3929,
        "Net profit from business activities": 12855,
        "Profit": 50,
        "Profit before tax": 12905,
        "Present corporate income tax expenses": 3239,
        "Deferred income taxes expenses": -3,
        "The interests of minority shareholders": 81,
        "Total Cost of profits": 3317,
        "Profit after tax corporate income": 9588,
        "Volume": 8000000,
        "Close of Quarter": 7.2,
        "EPS": 3555.6,
        "Non-adjusted EPS": 4491,
        "PE": 1.6,
        "Book Price": 23.5
      }
    },
    {
      "quarter": "Q1 2012",
      "income status": {
        "Net sales": 241441,
        "Cost of goods sold": 219650,
        "Gross Profit": 21791,
        "Financial expenses": 9035,
        "Of which: Interest expense": 9035,
        "Cost of sales": 3431,
        "Enterprise cost management": 4465,
        "Total Operating Expenses": 16931,
        "Total revenue financing activities": 8297,
        "Net profit from business activities": 13159,
        "Profit": 195,
        "Profit before tax": 13353,
        "Present corporate income tax expenses": 3323,
        "Deferred income taxes expenses": 25,
        "The interests of minority shareholders": 131,
        "Total Cost of profits": 3479,
        "Profit after tax corporate income": 9874,
        "Volume": 8000000,
        "Close of Quarter": 8.8,
        "EPS": 3595.1,
        "Non-adjusted EPS": 4541,
        "PE": 1.9,
        "Book Price": 23.2
      }
    },
    {
      "quarter": "Q4 2011",
      "income status": {
        "Net sales": 296320,
        "Cost of goods sold": 271639,
        "Gross Profit": 24681,
        "Financial expenses": 10067,
        "Of which: Interest expense": 9833,
        "Cost of sales": 5402,
        "Enterprise cost management": 5825,
        "Total Operating Expenses": 21294,
        "Total revenue financing activities": 4245,
        "Net profit from business activities": 7632,
        "Profit": 125,
        "Profit before tax": 7757,
        "Present corporate income tax expenses": -959,
        "Deferred income taxes expenses": -4,
        "The interests of minority shareholders": 176,
        "Total Cost of profits": -787,
        "Profit after tax corporate income": 8544,
        "Volume": 8000000,
        "Close of Quarter": 9,
        "EPS": 3971.2,
        "Non-adjusted EPS": 5016,
        "PE": 1.8,
        "Book Price": 23.0
      }
    },
    {
      "quarter": "Q3 2011",
      "income status": {
        "Net sales": 252316,
        "Cost of goods sold": 225750,
        "Gross Profit": 26566,
        "Financial expenses": 9465,
        "Of which: Interest expense": 9390,
        "Cost of sales": 3929,
        "Enterprise cost management": 3302,
        "Total Operating Expenses": 16696,
        "Total revenue financing activities": 751,
        "Net profit from business activities": 10622,
        "Profit": 47,
        "Profit before tax": 10669,
        "Present corporate income tax expenses": 2694,
        "Deferred income taxes expenses": -14,
        "The interests of minority shareholders": 68,
        "Total Cost of profits": 2748,
        "Profit after tax corporate income": 7921,
        "Volume": 8000000,
        "Close of Quarter": 10.5,
        "EPS": 7574.2,
        "Non-adjusted EPS": 9567,
        "PE": 1.1,
        "Book Price": 22.6
      }
    },
    {
      "quarter": "Q2 2011",
      "income status": {
        "Net sales": 210142,
        "Cost of goods sold": 187964,
        "Gross Profit": 22179,
        "Financial expenses": 11703,
        "Of which: Interest expense": 11766,
        "Cost of sales": 3655,
        "Enterprise cost management": 3984,
        "Total Operating Expenses": 19342,
        "Total revenue financing activities": 10477,
        "Net profit from business activities": 13314,
        "Profit": 117,
        "Profit before tax": 13431,
        "Present corporate income tax expenses": 3385,
        "Deferred income taxes expenses": -14,
        "The interests of minority shareholders": 68,
        "Total Cost of profits": 3439,
        "Profit after tax corporate income": 9992,
        "Volume": 8000000,
        "Close of Quarter": 7.8,
        "EPS": 7665.3,
        "Non-adjusted EPS": 9682,
        "PE": 0.8,
        "Book Price": 22.2
      }
    },
    {
      "quarter": "Q1 2011",
      "income status": {
        "Net sales": 305155,
        "Cost of goods sold": 271554,
        "Gross Profit": 33601,
        "Financial expenses": 8970,
        "Of which: Interest expense": 7987,
        "Cost of sales": 3723,
        "Enterprise cost management": 5686,
        "Total Operating Expenses": 18379,
        "Total revenue financing activities": 3048,
        "Net profit from business activities": 18270,
        "Profit": 130,
        "Profit before tax": 18400,
        "Present corporate income tax expenses": 4566,
        "Deferred income taxes expenses": 37,
        "The interests of minority shareholders": 129,
        "Total Cost of profits": 4732,
        "Profit after tax corporate income": 13668,
        "Volume": 8000000,
        "Close of Quarter": 10.2,
        "EPS": 7502.2,
        "Non-adjusted EPS": 9476,
        "PE": 1.1,
        "Book Price": 21.2
      }
    }
  ]
}