{
  "ticker": "KTS",
  "data": [
    {
      "quarter": "Q4 2016",
      "income status": {
        "Net sales": 33639,
        "Cost of goods sold": 26208,
        "Gross Profit": 7430,
        "Financial expenses": 64,
        "Of which: Interest expense": 64,
        "Cost of sales": 34,
        "Enterprise cost management": 1375,
        "Total Operating Expenses": 1473,
        "Total revenue financing activities": 1509,
        "Net profit from business activities": 7465,
        "Profit": -627,
        "Profit before tax": 6838,
        "Present corporate income tax expenses": 168,
        "Deferred income taxes expenses": "N/A",
        "The interests of minority shareholders": "N/A",
        "Total Cost of profits": 168,
        "Profit after tax corporate income": 6670,
        "Volume": 5070000,
        "Close of Quarter": 42.5,
        "EPS": 7812,
        "Non-adjusted EPS": 7812,
        "PE": 5.4,
        "Book Price": 23.2
      }
    },
    {
      "quarter": "Q3 2016",
      "income status": {
        "Net sales": 410,
        "Cost of goods sold": 350,
        "Gross Profit": 60,
        "Financial expenses": "N/A",
        "Of which: Interest expense": "N/A",
        "Cost of sales": 113,
        "Enterprise cost management": 416,
        "Total Operating Expenses": 529,
        "Total revenue financing activities": 705,
        "Net profit from business activities": 236,
        "Profit": -287,
        "Profit before tax": -51,
        "Present corporate income tax expenses": 69,
        "Deferred income taxes expenses": "N/A",
        "The interests of minority shareholders": "N/A",
        "Total Cost of profits": 69,
        "Profit after tax corporate income": -119,
        "Volume": 5070000,
        "Close of Quarter": 57.3,
        "EPS": 8323,
        "Non-adjusted EPS": 8323,
        "PE": 6.9,
        "Book Price": 27.6
      }
    },
    {
      "quarter": "Q2 2016",
      "income status": {
        "Net sales": 64378,
        "Cost of goods sold": 53881,
        "Gross Profit": 10497,
        "Financial expenses": 18,
        "Of which: Interest expense": 18,
        "Cost of sales": 315,
        "Enterprise cost management": 870,
        "Total Operating Expenses": 1203,
        "Total revenue financing activities": 1032,
        "Net profit from business activities": 10327,
        "Profit": -979,
        "Profit before tax": 9348,
        "Present corporate income tax expenses": 171,
        "Deferred income taxes expenses": "N/A",
        "The interests of minority shareholders": "N/A",
        "Total Cost of profits": 171,
        "Profit after tax corporate income": 9177,
        "Volume": 5070000,
        "Close of Quarter": 64.6,
        "EPS": 7903,
        "Non-adjusted EPS": 7903,
        "PE": 8.2,
        "Book Price": 27.6
      }
    },
    {
      "quarter": "Q1 2016",
      "income status": {
        "Net sales": 136661,
        "Cost of goods sold": 109836,
        "Gross Profit": 26825,
        "Financial expenses": 46,
        "Of which: Interest expense": 46,
        "Cost of sales": 462,
        "Enterprise cost management": 2480,
        "Total Operating Expenses": 2988,
        "Total revenue financing activities": 580,
        "Net profit from business activities": 24416,
        "Profit": -472,
        "Profit before tax": 23944,
        "Present corporate income tax expenses": 66,
        "Deferred income taxes expenses": "N/A",
        "The interests of minority shareholders": "N/A",
        "Total Cost of profits": 66,
        "Profit after tax corporate income": 23877,
        "Volume": 5070000,
        "Close of Quarter": 18.7,
        "EPS": 8816,
        "Non-adjusted EPS": 8816,
        "PE": 2.1,
        "Book Price": 30.3
      }
    },
    {
      "quarter": "Q4 2015",
      "income status": {
        "Net sales": 89902,
        "Cost of goods sold": 79168,
        "Gross Profit": 10734,
        "Financial expenses": 37,
        "Of which: Interest expense": 37,
        "Cost of sales": 334,
        "Enterprise cost management": 2928,
        "Total Operating Expenses": 3299,
        "Total revenue financing activities": 2890,
        "Net profit from business activities": 10325,
        "Profit": -1054,
        "Profit before tax": 9271,
        "Present corporate income tax expenses": 10,
        "Deferred income taxes expenses": "N/A",
        "The interests of minority shareholders": "N/A",
        "Total Cost of profits": 10,
        "Profit after tax corporate income": 9261,
        "Volume": 5070000,
        "Close of Quarter": 13.2,
        "EPS": 4281,
        "Non-adjusted EPS": 4281,
        "PE": 3.1,
        "Book Price": 25.3
      }
    },
    {
      "quarter": "Q3 2015",
      "income status": {
        "Net sales": 138,
        "Cost of goods sold": 90,
        "Gross Profit": 48,
        "Financial expenses": 463,
        "Of which: Interest expense": 463,
        "Cost of sales": 411,
        "Enterprise cost management": 1344,
        "Total Operating Expenses": 2218,
        "Total revenue financing activities": 21,
        "Net profit from business activities": -2150,
        "Profit": -99,
        "Profit before tax": -2249,
        "Present corporate income tax expenses": "N/A",
        "Deferred income taxes expenses": "N/A",
        "The interests of minority shareholders": "N/A",
        "Total Cost of profits": 0,
        "Profit after tax corporate income": -2249,
        "Volume": 5070000,
        "Close of Quarter": 13.5,
        "EPS": 2469,
        "Non-adjusted EPS": 2469,
        "PE": 5.5,
        "Book Price": 25
      }
    },
    {
      "quarter": "Q2 2015",
      "income status": {
        "Net sales": 135814,
        "Cost of goods sold": 114913,
        "Gross Profit": 20902,
        "Financial expenses": 844,
        "Of which: Interest expense": 844,
        "Cost of sales": 802,
        "Enterprise cost management": 5439,
        "Total Operating Expenses": 7085,
        "Total revenue financing activities": 1,
        "Net profit from business activities": 13817,
        "Profit": -9,
        "Profit before tax": 13808,
        "Present corporate income tax expenses": "N/A",
        "Deferred income taxes expenses": "N/A",
        "The interests of minority shareholders": "N/A",
        "Total Cost of profits": 0,
        "Profit after tax corporate income": 13808,
        "Volume": 5070000,
        "Close of Quarter": 11.9,
        "EPS": 2716,
        "Non-adjusted EPS": 2716,
        "PE": 4.4,
        "Book Price": 25.6
      }
    },
    {
      "quarter": "Q1 2015",
      "income status": {
        "Net sales": 67396,
        "Cost of goods sold": 62250,
        "Gross Profit": 5146,
        "Financial expenses": 581,
        "Of which: Interest expense": 581,
        "Cost of sales": 1079,
        "Enterprise cost management": 2538,
        "Total Operating Expenses": 4198,
        "Total revenue financing activities": 22,
        "Net profit from business activities": 969,
        "Profit": -84,
        "Profit before tax": 885,
        "Present corporate income tax expenses": "N/A",
        "Deferred income taxes expenses": "N/A",
        "The interests of minority shareholders": "N/A",
        "Total Cost of profits": 0,
        "Profit after tax corporate income": 885,
        "Volume": 5070000,
        "Close of Quarter": 10.7,
        "EPS": -513,
        "Non-adjusted EPS": -513,
        "PE": -20.9,
        "Book Price": 22.9
      }
    },
    {
      "quarter": "Q4 2014",
      "income status": {
        "Net sales": 75252,
        "Cost of goods sold": 72661,
        "Gross Profit": 2591,
        "Financial expenses": 82,
        "Of which: Interest expense": 82,
        "Cost of sales": 475,
        "Enterprise cost management": 2042,
        "Total Operating Expenses": 2599,
        "Total revenue financing activities": 109,
        "Net profit from business activities": 101,
        "Profit": -26,
        "Profit before tax": 75,
        "Present corporate income tax expenses": "N/A",
        "Deferred income taxes expenses": "N/A",
        "The interests of minority shareholders": "N/A",
        "Total Cost of profits": 0,
        "Profit after tax corporate income": 75,
        "Volume": 5070000,
        "Close of Quarter": 10.4,
        "EPS": -647,
        "Non-adjusted EPS": -647,
        "PE": -16.1,
        "Book Price": 22.7
      }
    },
    {
      "quarter": "Q3 2014",
      "income status": {
        "Net sales": 27101,
        "Cost of goods sold": 26392,
        "Gross Profit": 708,
        "Financial expenses": 598,
        "Of which: Interest expense": 598,
        "Cost of sales": 313,
        "Enterprise cost management": 1452,
        "Total Operating Expenses": 2363,
        "Total revenue financing activities": 12,
        "Net profit from business activities": -1643,
        "Profit": 657,
        "Profit before tax": -986,
        "Present corporate income tax expenses": 12,
        "Deferred income taxes expenses": "N/A",
        "The interests of minority shareholders": "N/A",
        "Total Cost of profits": 12,
        "Profit after tax corporate income": -998,
        "Volume": 5070000,
        "Close of Quarter": 12.9,
        "EPS": 606,
        "Non-adjusted EPS": 606,
        "PE": 21.3,
        "Book Price": 22.7
      }
    },
    {
      "quarter": "Q2 2014",
      "income status": {
        "Net sales": 39439,
        "Cost of goods sold": 37110,
        "Gross Profit": 2330,
        "Financial expenses": 1206,
        "Of which: Interest expense": 1206,
        "Cost of sales": 603,
        "Enterprise cost management": 2918,
        "Total Operating Expenses": 4727,
        "Total revenue financing activities": 42,
        "Net profit from business activities": -2355,
        "Profit": -284,
        "Profit before tax": -2640,
        "Present corporate income tax expenses": -78,
        "Deferred income taxes expenses": "N/A",
        "The interests of minority shareholders": "N/A",
        "Total Cost of profits": -78,
        "Profit after tax corporate income": -2562,
        "Volume": 5070000,
        "Close of Quarter": 12.1,
        "EPS": 1349,
        "Non-adjusted EPS": 1349,
        "PE": 9.0,
        "Book Price": 22.9
      }
    },
    {
      "quarter": "Q1 2014",
      "income status": {
        "Net sales": 49063,
        "Cost of goods sold": 46675,
        "Gross Profit": 2388,
        "Financial expenses": 171,
        "Of which: Interest expense": 171,
        "Cost of sales": 704,
        "Enterprise cost management": 1568,
        "Total Operating Expenses": 2443,
        "Total revenue financing activities": 97,
        "Net profit from business activities": 42,
        "Profit": 241,
        "Profit before tax": 283,
        "Present corporate income tax expenses": 78,
        "Deferred income taxes expenses": "N/A",
        "The interests of minority shareholders": "N/A",
        "Total Cost of profits": 78,
        "Profit after tax corporate income": 205,
        "Volume": 5070000,
        "Close of Quarter": 11.8,
        "EPS": 2096,
        "Non-adjusted EPS": 2096,
        "PE": 5.6,
        "Book Price": 25.2
      }
    },
    {
      "quarter": "Q4 2013",
      "income status": {
        "Net sales": 86690,
        "Cost of goods sold": 75711,
        "Gross Profit": 10978,
        "Financial expenses": 7,
        "Of which: Interest expense": 7,
        "Cost of sales": 2047,
        "Enterprise cost management": 626,
        "Total Operating Expenses": 2680,
        "Total revenue financing activities": 557,
        "Net profit from business activities": 8855,
        "Profit": -214,
        "Profit before tax": 8640,
        "Present corporate income tax expenses": 2212,
        "Deferred income taxes expenses": "N/A",
        "The interests of minority shareholders": "N/A",
        "Total Cost of profits": 2212,
        "Profit after tax corporate income": 6429,
        "Volume": 5070000,
        "Close of Quarter": 11.4,
        "EPS": 2600,
        "Non-adjusted EPS": 2600,
        "PE": 4.4,
        "Book Price": 25.2
      }
    },
    {
      "quarter": "Q3 2013",
      "income status": {
        "Net sales": 36953,
        "Cost of goods sold": 30861,
        "Gross Profit": 6092,
        "Financial expenses": 91,
        "Of which: Interest expense": 91,
        "Cost of sales": 319,
        "Enterprise cost management": 2574,
        "Total Operating Expenses": 2984,
        "Total revenue financing activities": 196,
        "Net profit from business activities": 3303,
        "Profit": 422,
        "Profit before tax": 3725,
        "Present corporate income tax expenses": 957,
        "Deferred income taxes expenses": "N/A",
        "The interests of minority shareholders": "N/A",
        "Total Cost of profits": 957,
        "Profit after tax corporate income": 2768,
        "Volume": 5070000,
        "Close of Quarter": 9.5,
        "EPS": 2624,
        "Non-adjusted EPS": 2624,
        "PE": 3.6,
        "Book Price": 25.9
      }
    },
    {
      "quarter": "Q2 2013",
      "income status": {
        "Net sales": 59910,
        "Cost of goods sold": 53462,
        "Gross Profit": 6448,
        "Financial expenses": 1075,
        "Of which: Interest expense": 1075,
        "Cost of sales": 1034,
        "Enterprise cost management": 2883,
        "Total Operating Expenses": 4992,
        "Total revenue financing activities": 167,
        "Net profit from business activities": 1622,
        "Profit": 78,
        "Profit before tax": 1700,
        "Present corporate income tax expenses": 474,
        "Deferred income taxes expenses": "N/A",
        "The interests of minority shareholders": "N/A",
        "Total Cost of profits": 474,
        "Profit after tax corporate income": 1226,
        "Volume": 5070000,
        "Close of Quarter": 10.8,
        "EPS": 1995,
        "Non-adjusted EPS": 1995,
        "PE": 5.4,
        "Book Price": 25.4
      }
    },
    {
      "quarter": "Q1 2013",
      "income status": {
        "Net sales": 111927,
        "Cost of goods sold": 101483,
        "Gross Profit": 10445,
        "Financial expenses": 1508,
        "Of which: Interest expense": 1508,
        "Cost of sales": 1881,
        "Enterprise cost management": 3496,
        "Total Operating Expenses": 6885,
        "Total revenue financing activities": 187,
        "Net profit from business activities": 3747,
        "Profit": -35,
        "Profit before tax": 3712,
        "Present corporate income tax expenses": 951,
        "Deferred income taxes expenses": "N/A",
        "The interests of minority shareholders": "N/A",
        "Total Cost of profits": 951,
        "Profit after tax corporate income": 2761,
        "Volume": 5070000,
        "Close of Quarter": 11.3,
        "EPS": 2846,
        "Non-adjusted EPS": 2846,
        "PE": 4.0,
        "Book Price": 25.3
      }
    },
    {
      "quarter": "Q4 2012",
      "income status": {
        "Net sales": 95751,
        "Cost of goods sold": 82559,
        "Gross Profit": 13192,
        "Financial expenses": 186,
        "Of which: Interest expense": 186,
        "Cost of sales": 1134,
        "Enterprise cost management": 5901,
        "Total Operating Expenses": 7221,
        "Total revenue financing activities": 197,
        "Net profit from business activities": 6168,
        "Profit": -191,
        "Profit before tax": 5977,
        "Present corporate income tax expenses": -571,
        "Deferred income taxes expenses": "N/A",
        "The interests of minority shareholders": "N/A",
        "Total Cost of profits": -571,
        "Profit after tax corporate income": 6548,
        "Volume": 3900000,
        "Close of Quarter": 11,
        "EPS": 5497.7,
        "Non-adjusted EPS": 7147,
        "PE": 1.5,
        "Book Price": 24.8
      }
    },
    {
      "quarter": "Q3 2012",
      "income status": {
        "Net sales": 29353,
        "Cost of goods sold": 24129,
        "Gross Profit": 5224,
        "Financial expenses": 308,
        "Of which: Interest expense": 308,
        "Cost of sales": 210,
        "Enterprise cost management": 3125,
        "Total Operating Expenses": 3643,
        "Total revenue financing activities": -1,
        "Net profit from business activities": 1580,
        "Profit": -70,
        "Profit before tax": 1510,
        "Present corporate income tax expenses": 1931,
        "Deferred income taxes expenses": "N/A",
        "The interests of minority shareholders": "N/A",
        "Total Cost of profits": 1931,
        "Profit after tax corporate income": -421,
        "Volume": 3900000,
        "Close of Quarter": 16.7,
        "EPS": 5104.6,
        "Non-adjusted EPS": 6636,
        "PE": 2.5,
        "Book Price": 23.5
      }
    },
    {
      "quarter": "Q2 2012",
      "income status": {
        "Net sales": 41945,
        "Cost of goods sold": 36855,
        "Gross Profit": 5090,
        "Financial expenses": 369,
        "Of which: Interest expense": 369,
        "Cost of sales": 843,
        "Enterprise cost management": 3375,
        "Total Operating Expenses": 4587,
        "Total revenue financing activities": 317,
        "Net profit from business activities": 820,
        "Profit": -170,
        "Profit before tax": 650,
        "Present corporate income tax expenses": -4894,
        "Deferred income taxes expenses": "N/A",
        "The interests of minority shareholders": "N/A",
        "Total Cost of profits": -4894,
        "Profit after tax corporate income": 5543,
        "Volume": 3900000,
        "Close of Quarter": 18.4,
        "EPS": 7483.9,
        "Non-adjusted EPS": 9729,
        "PE": 1.9,
        "Book Price": 23.8
      }
    },
    {
      "quarter": "Q1 2012",
      "income status": {
        "Net sales": 146664,
        "Cost of goods sold": 116347,
        "Gross Profit": 30317,
        "Financial expenses": 980,
        "Of which: Interest expense": 980,
        "Cost of sales": 442,
        "Enterprise cost management": 3624,
        "Total Operating Expenses": 5046,
        "Total revenue financing activities": 546,
        "Net profit from business activities": 25816,
        "Profit": -57,
        "Profit before tax": 25759,
        "Present corporate income tax expenses": 9557,
        "Deferred income taxes expenses": "N/A",
        "The interests of minority shareholders": "N/A",
        "Total Cost of profits": 9557,
        "Profit after tax corporate income": 16202,
        "Volume": 3900000,
        "Close of Quarter": 14.6,
        "EPS": 12920,
        "Non-adjusted EPS": 16796,
        "PE": 0.9,
        "Book Price": 24.8
      }
    },
    {
      "quarter": "Q4 2011",
      "income status": {
        "Net sales": 42412,
        "Cost of goods sold": 38625,
        "Gross Profit": 3787,
        "Financial expenses": 184,
        "Of which: Interest expense": 184,
        "Cost of sales": 429,
        "Enterprise cost management": 6494,
        "Total Operating Expenses": 7107,
        "Total revenue financing activities": 3016,
        "Net profit from business activities": -305,
        "Profit": 204,
        "Profit before tax": -100,
        "Present corporate income tax expenses": -4656,
        "Deferred income taxes expenses": "N/A",
        "The interests of minority shareholders": "N/A",
        "Total Cost of profits": -4656,
        "Profit after tax corporate income": 4555,
        "Volume": 3900000,
        "Close of Quarter": 18.3,
        "EPS": 13193.1,
        "Non-adjusted EPS": 17151,
        "PE": 1.1,
        "Book Price": 21.8
      }
    },
    {
      "quarter": "Q3 2011",
      "income status": {
        "Net sales": 43782,
        "Cost of goods sold": 29016,
        "Gross Profit": 14766,
        "Financial expenses": 179,
        "Of which: Interest expense": 179,
        "Cost of sales": 452,
        "Enterprise cost management": 2289,
        "Total Operating Expenses": 2920,
        "Total revenue financing activities": 2242,
        "Net profit from business activities": 14087,
        "Profit": -65,
        "Profit before tax": 14022,
        "Present corporate income tax expenses": 2379,
        "Deferred income taxes expenses": "N/A",
        "The interests of minority shareholders": "N/A",
        "Total Cost of profits": 2379,
        "Profit after tax corporate income": 11643,
        "Volume": 3000000,
        "Close of Quarter": 4.7,
        "EPS": 14505.3,
        "Non-adjusted EPS": 24514,
        "PE": 0.2,
        "Book Price": 22.8
      }
    },
    {
      "quarter": "Q2 2011",
      "income status": {
        "Net sales": 152970,
        "Cost of goods sold": 104023,
        "Gross Profit": 48948,
        "Financial expenses": 750,
        "Of which: Interest expense": 750,
        "Cost of sales": 885,
        "Enterprise cost management": 3083,
        "Total Operating Expenses": 4718,
        "Total revenue financing activities": 744,
        "Net profit from business activities": 44973,
        "Profit": -298,
        "Profit before tax": 44675,
        "Present corporate income tax expenses": 11570,
        "Deferred income taxes expenses": "N/A",
        "The interests of minority shareholders": "N/A",
        "Total Cost of profits": 11570,
        "Profit after tax corporate income": 33104,
        "Volume": 3000000,
        "Close of Quarter": 4.1,
        "EPS": 14205.9,
        "Non-adjusted EPS": 24008,
        "PE": 0.2,
        "Book Price": 20.6
      }
    },
    {
      "quarter": "Q1 2011",
      "income status": {
        "Net sales": 75331,
        "Cost of goods sold": 48745,
        "Gross Profit": 26586,
        "Financial expenses": 192,
        "Of which: Interest expense": 192,
        "Cost of sales": 342,
        "Enterprise cost management": 3181,
        "Total Operating Expenses": 3715,
        "Total revenue financing activities": 322,
        "Net profit from business activities": 23193,
        "Profit": -135,
        "Profit before tax": 23059,
        "Present corporate income tax expenses": 5471,
        "Deferred income taxes expenses": "N/A",
        "The interests of minority shareholders": "N/A",
        "Total Cost of profits": 5471,
        "Profit after tax corporate income": 17588,
        "Volume": 3000000,
        "Close of Quarter": 4.4,
        "EPS": 7832.0,
        "Non-adjusted EPS": 13236,
        "PE": 0.3,
        "Book Price": 16.9
      }
    }
  ]
}