{
  "ticker": "SAS",
  "data": [
    {
      "quarter": "Q4 2016",
      "income status": {
        "Net sales": 548680,
        "Cost of goods sold": 301087,
        "Gross Profit": 247593,
        "Financial expenses": 37834,
        "Of which: Interest expense": 419,
        "Cost of sales": 112701,
        "Enterprise cost management": 61764,
        "Total Operating Expenses": 212299,
        "Total revenue financing activities": 120272,
        "Net profit from business activities": 155566,
        "Profit": -42786,
        "Profit before tax": 112780,
        "Present corporate income tax expenses": 26537,
        "Deferred income taxes expenses": -7457,
        "The interests of minority shareholders": "N/A",
        "Total Cost of profits": 19080,
        "Profit after tax corporate income": 93699,
        "Volume": 131500000,
        "Close of Quarter": 26.9,
        "EPS": 1779,
        "Non-adjusted EPS": 1779,
        "PE": 15.1,
        "Book Price": 11.1
      }
    },
    {
      "quarter": "Q3 2016",
      "income status": {
        "Net sales": 489541,
        "Cost of goods sold": 283473,
        "Gross Profit": 206068,
        "Financial expenses": 619,
        "Of which: Interest expense": 378,
        "Cost of sales": 119009,
        "Enterprise cost management": 50503,
        "Total Operating Expenses": 170131,
        "Total revenue financing activities": 19319,
        "Net profit from business activities": 55256,
        "Profit": 4171,
        "Profit before tax": 59428,
        "Present corporate income tax expenses": 11886,
        "Deferred income taxes expenses": "N/A",
        "The interests of minority shareholders": "N/A",
        "Total Cost of profits": 11886,
        "Profit after tax corporate income": 47542,
        "Volume": 131500000,
        "Close of Quarter": 20.7,
        "EPS": 195,
        "Non-adjusted EPS": 195,
        "PE": 106.0,
        "Book Price": 11.1
      }
    },
    {
      "quarter": "Q2 2016",
      "income status": {
        "Net sales": 499448,
        "Cost of goods sold": 283141,
        "Gross Profit": 216307,
        "Financial expenses": 16848,
        "Of which: Interest expense": 446,
        "Cost of sales": 116858,
        "Enterprise cost management": 53494,
        "Total Operating Expenses": 187200,
        "Total revenue financing activities": 27116,
        "Net profit from business activities": 56222,
        "Profit": 898,
        "Profit before tax": 57121,
        "Present corporate income tax expenses": 10340,
        "Deferred income taxes expenses": -3147,
        "The interests of minority shareholders": "N/A",
        "Total Cost of profits": 7193,
        "Profit after tax corporate income": 49929,
        "Volume": 131500000,
        "Close of Quarter": 25.3,
        "EPS": 101,
        "Non-adjusted EPS": 101,
        "PE": 250.4,
        "Book Price": 10.7
      }
    },
    {
      "quarter": "Q1 2016",
      "income status": {
        "Net sales": 551406,
        "Cost of goods sold": 334343,
        "Gross Profit": 217063,
        "Financial expenses": 686,
        "Of which: Interest expense": 338,
        "Cost of sales": 124838,
        "Enterprise cost management": 46954,
        "Total Operating Expenses": 172478,
        "Total revenue financing activities": 7925,
        "Net profit from business activities": 52510,
        "Profit": 424,
        "Profit before tax": 52934,
        "Present corporate income tax expenses": 10213,
        "Deferred income taxes expenses": "N/A",
        "The interests of minority shareholders": "N/A",
        "Total Cost of profits": 10213,
        "Profit after tax corporate income": 42721,
        "Volume": 131500000,
        "Close of Quarter": 22.7,
        "EPS": 29,
        "Non-adjusted EPS": 29,
        "PE": 781.7,
        "Book Price": 10.4
      }
    },
    {
      "quarter": "Q4 2015",
      "income status": {
        "Net sales": 516837,
        "Cost of goods sold": 293298,
        "Gross Profit": 223538,
        "Financial expenses": 38207,
        "Of which: Interest expense": 419,
        "Cost of sales": 94878,
        "Enterprise cost management": 331756,
        "Total Operating Expenses": 464841,
        "Total revenue financing activities": 12632,
        "Net profit from business activities": -228670,
        "Profit": 161854,
        "Profit before tax": -66816,
        "Present corporate income tax expenses": 47498,
        "Deferred income taxes expenses": 256,
        "The interests of minority shareholders": "N/A",
        "Total Cost of profits": 47754,
        "Profit after tax corporate income": -114569,
        "Volume": 131500000,
        "Close of Quarter": 29.0,
        "EPS": -1,
        "Non-adjusted EPS": -1,
        "PE": -29040,
        "Book Price": 10.1
      }
    },
    {
      "quarter": "Q3 2015",
      "income status": {
        "Net sales": 481736,
        "Cost of goods sold": 312263,
        "Gross Profit": 169473,
        "Financial expenses": 5996,
        "Of which: Interest expense": 538,
        "Cost of sales": 102670,
        "Enterprise cost management": 44924,
        "Total Operating Expenses": 153590,
        "Total revenue financing activities": 17824,
        "Net profit from business activities": 32951,
        "Profit": 8941,
        "Profit before tax": 41892,
        "Present corporate income tax expenses": 7679,
        "Deferred income taxes expenses": "N/A",
        "The interests of minority shareholders": -1006,
        "Total Cost of profits": 6673,
        "Profit after tax corporate income": 35219,
        "Volume": 131500000,
        "Close of Quarter": 27.7,
        "EPS": 1134,
        "Non-adjusted EPS": 1134,
        "PE": 24.5,
        "Book Price": 11.6
      }
    },
    {
      "quarter": "Q2 2015",
      "income status": {
        "Net sales": 489229,
        "Cost of goods sold": 306790,
        "Gross Profit": 182439,
        "Financial expenses": 11657,
        "Of which: Interest expense": 486,
        "Cost of sales": 97267,
        "Enterprise cost management": 46182,
        "Total Operating Expenses": 155106,
        "Total revenue financing activities": 20406,
        "Net profit from business activities": 47260,
        "Profit": -259,
        "Profit before tax": 47001,
        "Present corporate income tax expenses": 9226,
        "Deferred income taxes expenses": "N/A",
        "The interests of minority shareholders": -2720,
        "Total Cost of profits": 6506,
        "Profit after tax corporate income": 40495,
        "Volume": 131500000,
        "Close of Quarter": 25.2,
        "EPS": 866,
        "Non-adjusted EPS": 866,
        "PE": 29.1,
        "Book Price": 11.2
      }
    },
    {
      "quarter": "Q1 2015",
      "income status": {
        "Net sales": 508211,
        "Cost of goods sold": 342513,
        "Gross Profit": 165698,
        "Financial expenses": 1088,
        "Of which: Interest expense": 290,
        "Cost of sales": 97517,
        "Enterprise cost management": 42928,
        "Total Operating Expenses": 141533,
        "Total revenue financing activities": 14235,
        "Net profit from business activities": 38462,
        "Profit": 7702,
        "Profit before tax": 46163,
        "Present corporate income tax expenses": 7988,
        "Deferred income taxes expenses": "N/A",
        "The interests of minority shareholders": -524,
        "Total Cost of profits": 7464,
        "Profit after tax corporate income": 38700,
        "Volume": 131500000,
        "Close of Quarter": "N/A",
        "EPS": 558,
        "Non-adjusted EPS": 558,
        "PE": "N/A",
        "Book Price": 10.3
      }
    },
    {
      "quarter": "Q1 2014",
      "income status": {
        "Net sales": 552354,
        "Cost of goods sold": 377095,
        "Gross Profit": 175258,
        "Financial expenses": 924,
        "Of which: Interest expense": 433,
        "Cost of sales": 87764,
        "Enterprise cost management": 44736,
        "Total Operating Expenses": 133424,
        "Total revenue financing activities": 3283,
        "Net profit from business activities": 45117,
        "Profit": -299,
        "Profit before tax": 44818,
        "Present corporate income tax expenses": 10099,
        "Deferred income taxes expenses": "N/A",
        "The interests of minority shareholders": "N/A",
        "Total Cost of profits": 10099,
        "Profit after tax corporate income": 34719,
        "Volume": 131500000,
        "Close of Quarter": "N/A",
        "EPS": 264,
        "Non-adjusted EPS": 264,
        "PE": "N/A",
        "Book Price": "N/A"
      }
    }
  ]
}