{
  "ticker": "KSS",
  "data": [
    {
      "quarter": "Q1 2016",
      "income status": {
        "Net sales": 15846,
        "Cost of goods sold": 2356,
        "Gross Profit": 13490,
        "Financial expenses": 24510,
        "Of which: Interest expense": 24510,
        "Cost of sales": "N/A",
        "Enterprise cost management": 828,
        "Total Operating Expenses": 25338,
        "Total revenue financing activities": "N/A",
        "Net profit from business activities": -11848,
        "Profit": 3,
        "Profit before tax": -11845,
        "Present corporate income tax expenses": "N/A",
        "Deferred income taxes expenses": "N/A",
        "The interests of minority shareholders": "N/A",
        "Total Cost of profits": 0,
        "Profit after tax corporate income": -11845,
        "Volume": 49432500,
        "Close of Quarter": 1.6,
        "EPS": -3044,
        "Non-adjusted EPS": -3044,
        "PE": -0.5,
        "Book Price": 3.5
      }
    },
    {
      "quarter": "Q4 2015",
      "income status": {
        "Net sales": 3589,
        "Cost of goods sold": 2338,
        "Gross Profit": 1251,
        "Financial expenses": 123795,
        "Of which: Interest expense": 123795,
        "Cost of sales": "N/A",
        "Enterprise cost management": 1313,
        "Total Operating Expenses": 125108,
        "Total revenue financing activities": "N/A",
        "Net profit from business activities": -123857,
        "Profit": 43,
        "Profit before tax": -123814,
        "Present corporate income tax expenses": "N/A",
        "Deferred income taxes expenses": "N/A",
        "The interests of minority shareholders": "N/A",
        "Total Cost of profits": 0,
        "Profit after tax corporate income": -123814,
        "Volume": 49432500,
        "Close of Quarter": 1,
        "EPS": -2785,
        "Non-adjusted EPS": -2785,
        "PE": -0.4,
        "Book Price": 6.3
      }
    },
    {
      "quarter": "Q3 2015",
      "income status": {
        "Net sales": "N/A",
        "Cost of goods sold": "N/A",
        "Gross Profit": "N/A",
        "Financial expenses": 2310,
        "Of which: Interest expense": 2310,
        "Cost of sales": "N/A",
        "Enterprise cost management": 1674,
        "Total Operating Expenses": 3984,
        "Total revenue financing activities": "N/A",
        "Net profit from business activities": -3985,
        "Profit": -8,
        "Profit before tax": -3992,
        "Present corporate income tax expenses": 2669,
        "Deferred income taxes expenses": "N/A",
        "The interests of minority shareholders": "N/A",
        "Total Cost of profits": 2669,
        "Profit after tax corporate income": -6661,
        "Volume": 49432500,
        "Close of Quarter": 1,
        "EPS": -264,
        "Non-adjusted EPS": -264,
        "PE": -3.8,
        "Book Price": 9.2
      }
    },
    {
      "quarter": "Q2 2015",
      "income status": {
        "Net sales": 2149,
        "Cost of goods sold": 1460,
        "Gross Profit": 689,
        "Financial expenses": 5000,
        "Of which: Interest expense": 5000,
        "Cost of sales": "N/A",
        "Enterprise cost management": 5755,
        "Total Operating Expenses": 10755,
        "Total revenue financing activities": "N/A",
        "Net profit from business activities": -10066,
        "Profit": 1897,
        "Profit before tax": -8169,
        "Present corporate income tax expenses": "N/A",
        "Deferred income taxes expenses": "N/A",
        "The interests of minority shareholders": "N/A",
        "Total Cost of profits": 0,
        "Profit after tax corporate income": -8169,
        "Volume": 49432500,
        "Close of Quarter": 1.3,
        "EPS": -114,
        "Non-adjusted EPS": -114,
        "PE": -11.4,
        "Book Price": 9.6
      }
    },
    {
      "quarter": "Q1 2015",
      "income status": {
        "Net sales": 27231,
        "Cost of goods sold": 18877,
        "Gross Profit": 8354,
        "Financial expenses": 8030,
        "Of which: Interest expense": 8030,
        "Cost of sales": 130,
        "Enterprise cost management": 983,
        "Total Operating Expenses": 9143,
        "Total revenue financing activities": 2430,
        "Net profit from business activities": 1642,
        "Profit": -400,
        "Profit before tax": 1242,
        "Present corporate income tax expenses": 273,
        "Deferred income taxes expenses": "N/A",
        "The interests of minority shareholders": "N/A",
        "Total Cost of profits": 273,
        "Profit after tax corporate income": 969,
        "Volume": 39432500,
        "Close of Quarter": 4.1,
        "EPS": 82.2,
        "Non-adjusted EPS": 103,
        "PE": 39.8,
        "Book Price": 9.6
      }
    },
    {
      "quarter": "Q4 2014",
      "income status": {
        "Net sales": 80284,
        "Cost of goods sold": 69937,
        "Gross Profit": 10347,
        "Financial expenses": 9286,
        "Of which: Interest expense": 9286,
        "Cost of sales": 125,
        "Enterprise cost management": 919,
        "Total Operating Expenses": 10330,
        "Total revenue financing activities": 2001,
        "Net profit from business activities": 2018,
        "Profit": -947,
        "Profit before tax": 1071,
        "Present corporate income tax expenses": 236,
        "Deferred income taxes expenses": "N/A",
        "The interests of minority shareholders": "N/A",
        "Total Cost of profits": 236,
        "Profit after tax corporate income": 835,
        "Volume": 39432500,
        "Close of Quarter": 5.3,
        "EPS": 98.1,
        "Non-adjusted EPS": 123,
        "PE": 43.1,
        "Book Price": 9.6
      }
    },
    {
      "quarter": "Q3 2014",
      "income status": {
        "Net sales": 46959,
        "Cost of goods sold": 43240,
        "Gross Profit": 3719,
        "Financial expenses": 3090,
        "Of which: Interest expense": 3090,
        "Cost of sales": 130,
        "Enterprise cost management": 1003,
        "Total Operating Expenses": 4223,
        "Total revenue financing activities": 2930,
        "Net profit from business activities": 2426,
        "Profit": -1494,
        "Profit before tax": 932,
        "Present corporate income tax expenses": 205,
        "Deferred income taxes expenses": "N/A",
        "The interests of minority shareholders": "N/A",
        "Total Cost of profits": 205,
        "Profit after tax corporate income": 727,
        "Volume": 39432500,
        "Close of Quarter": 5.9,
        "EPS": 91.7,
        "Non-adjusted EPS": 115,
        "PE": 51.3,
        "Book Price": 9.6
      }
    },
    {
      "quarter": "Q2 2014",
      "income status": {
        "Net sales": 105992,
        "Cost of goods sold": 64737,
        "Gross Profit": 41254,
        "Financial expenses": 40402,
        "Of which: Interest expense": 40411,
        "Cost of sales": "N/A",
        "Enterprise cost management": 1505,
        "Total Operating Expenses": 41907,
        "Total revenue financing activities": 3115,
        "Net profit from business activities": 2462,
        "Profit": 694,
        "Profit before tax": 3156,
        "Present corporate income tax expenses": 1645,
        "Deferred income taxes expenses": "N/A",
        "The interests of minority shareholders": "N/A",
        "Total Cost of profits": 1645,
        "Profit after tax corporate income": 1511,
        "Volume": 39432500,
        "Close of Quarter": 6,
        "EPS": 104.5,
        "Non-adjusted EPS": 131,
        "PE": 45.8,
        "Book Price": 9.6
      }
    },
    {
      "quarter": "Q1 2014",
      "income status": {
        "Net sales": 51526,
        "Cost of goods sold": 30547,
        "Gross Profit": 20980,
        "Financial expenses": 11350,
        "Of which: Interest expense": 11350,
        "Cost of sales": "N/A",
        "Enterprise cost management": 754,
        "Total Operating Expenses": 12104,
        "Total revenue financing activities": "N/A",
        "Net profit from business activities": 8876,
        "Profit": -6485,
        "Profit before tax": 2391,
        "Present corporate income tax expenses": 598,
        "Deferred income taxes expenses": "N/A",
        "The interests of minority shareholders": "N/A",
        "Total Cost of profits": 598,
        "Profit after tax corporate income": 1793,
        "Volume": 24190000,
        "Close of Quarter": 7.7,
        "EPS": 141.9,
        "Non-adjusted EPS": 290,
        "PE": 26.6,
        "Book Price": 9.5
      }
    },
    {
      "quarter": "Q4 2013",
      "income status": {
        "Net sales": 62798,
        "Cost of goods sold": 15880,
        "Gross Profit": 46917,
        "Financial expenses": 45055,
        "Of which: Interest expense": 45055,
        "Cost of sales": "N/A",
        "Enterprise cost management": 1077,
        "Total Operating Expenses": 46132,
        "Total revenue financing activities": 2,
        "Net profit from business activities": 788,
        "Profit": -97,
        "Profit before tax": 691,
        "Present corporate income tax expenses": 184,
        "Deferred income taxes expenses": "N/A",
        "The interests of minority shareholders": "N/A",
        "Total Cost of profits": 184,
        "Profit after tax corporate income": 507,
        "Volume": 24190000,
        "Close of Quarter": 5.6,
        "EPS": 224.6,
        "Non-adjusted EPS": 459,
        "PE": 12.2,
        "Book Price": 7.6
      }
    },
    {
      "quarter": "Q3 2013",
      "income status": {
        "Net sales": 28943,
        "Cost of goods sold": 20321,
        "Gross Profit": 8622,
        "Financial expenses": 4988,
        "Of which: Interest expense": 4988,
        "Cost of sales": -265,
        "Enterprise cost management": 1273,
        "Total Operating Expenses": 5996,
        "Total revenue financing activities": 1,
        "Net profit from business activities": 2626,
        "Profit": -1000,
        "Profit before tax": 1626,
        "Present corporate income tax expenses": 277,
        "Deferred income taxes expenses": "N/A",
        "The interests of minority shareholders": "N/A",
        "Total Cost of profits": 277,
        "Profit after tax corporate income": 1349,
        "Volume": 24190000,
        "Close of Quarter": 4.2,
        "EPS": 232.9,
        "Non-adjusted EPS": 476,
        "PE": 8.7,
        "Book Price": 7.6
      }
    },
    {
      "quarter": "Q2 2013",
      "income status": {
        "Net sales": 133041,
        "Cost of goods sold": 98963,
        "Gross Profit": 34078,
        "Financial expenses": 27964,
        "Of which: Interest expense": 27964,
        "Cost of sales": -265,
        "Enterprise cost management": 2358,
        "Total Operating Expenses": 30057,
        "Total revenue financing activities": 3,
        "Net profit from business activities": 4025,
        "Profit": -189,
        "Profit before tax": 3836,
        "Present corporate income tax expenses": 461,
        "Deferred income taxes expenses": "N/A",
        "The interests of minority shareholders": "N/A",
        "Total Cost of profits": 461,
        "Profit after tax corporate income": 3375,
        "Volume": 24190000,
        "Close of Quarter": 5.1,
        "EPS": 371.9,
        "Non-adjusted EPS": 760,
        "PE": 6.7,
        "Book Price": 7.6
      }
    },
    {
      "quarter": "Q1 2013",
      "income status": {
        "Net sales": 22115,
        "Cost of goods sold": 9786,
        "Gross Profit": 12329,
        "Financial expenses": 3530,
        "Of which: Interest expense": 3530,
        "Cost of sales": 265,
        "Enterprise cost management": 710,
        "Total Operating Expenses": 4505,
        "Total revenue financing activities": 4,
        "Net profit from business activities": 7829,
        "Profit": "N/A",
        "Profit before tax": 7829,
        "Present corporate income tax expenses": 1957,
        "Deferred income taxes expenses": "N/A",
        "The interests of minority shareholders": "N/A",
        "Total Cost of profits": 1957,
        "Profit after tax corporate income": 5872,
        "Volume": 24190000,
        "Close of Quarter": 5.3,
        "EPS": 78.3,
        "Non-adjusted EPS": 160,
        "PE": 33,
        "Book Price": 7.5
      }
    },
    {
      "quarter": "Q4 2012",
      "income status": {
        "Net sales": 186956,
        "Cost of goods sold": 166099,
        "Gross Profit": 20857,
        "Financial expenses": 17937,
        "Of which: Interest expense": 17937,
        "Cost of sales": 325,
        "Enterprise cost management": 1370,
        "Total Operating Expenses": 19632,
        "Total revenue financing activities": 2,
        "Net profit from business activities": 1226,
        "Profit": -5,
        "Profit before tax": 1221,
        "Present corporate income tax expenses": 305,
        "Deferred income taxes expenses": "N/A",
        "The interests of minority shareholders": "N/A",
        "Total Cost of profits": 305,
        "Profit after tax corporate income": 916,
        "Volume": 24190000,
        "Close of Quarter": 5.7,
        "EPS": -14.2,
        "Non-adjusted EPS": -29,
        "PE": -195.9,
        "Book Price": 7.4
      }
    },
    {
      "quarter": "Q3 2012",
      "income status": {
        "Net sales": 93489,
        "Cost of goods sold": 57806,
        "Gross Profit": 35683,
        "Financial expenses": 25840,
        "Of which: Interest expense": 25840,
        "Cost of sales": 326,
        "Enterprise cost management": 1250,
        "Total Operating Expenses": 27416,
        "Total revenue financing activities": 2,
        "Net profit from business activities": 8270,
        "Profit": -59,
        "Profit before tax": 8211,
        "Present corporate income tax expenses": "N/A",
        "Deferred income taxes expenses": "N/A",
        "The interests of minority shareholders": "N/A",
        "Total Cost of profits": 0,
        "Profit after tax corporate income": 8211,
        "Volume": 24190000,
        "Close of Quarter": 4.9,
        "EPS": -304.4,
        "Non-adjusted EPS": -622,
        "PE": -7.9,
        "Book Price": 7.3
      }
    },
    {
      "quarter": "Q2 2012",
      "income status": {
        "Net sales": 146232,
        "Cost of goods sold": 124692,
        "Gross Profit": 21540,
        "Financial expenses": 29642,
        "Of which: Interest expense": 29642,
        "Cost of sales": "N/A",
        "Enterprise cost management": 1683,
        "Total Operating Expenses": 31325,
        "Total revenue financing activities": 1,
        "Net profit from business activities": -9784,
        "Profit": -1824,
        "Profit before tax": -11608,
        "Present corporate income tax expenses": -474,
        "Deferred income taxes expenses": "N/A",
        "The interests of minority shareholders": "N/A",
        "Total Cost of profits": -474,
        "Profit after tax corporate income": -11135,
        "Volume": 24190000,
        "Close of Quarter": 7.4,
        "EPS": -371.9,
        "Non-adjusted EPS": -760,
        "PE": -9.8,
        "Book Price": 7.2
      }
    },
    {
      "quarter": "Q1 2012",
      "income status": {
        "Net sales": 15571,
        "Cost of goods sold": 10460,
        "Gross Profit": 5111,
        "Financial expenses": 1137,
        "Of which: Interest expense": 1137,
        "Cost of sales": "N/A",
        "Enterprise cost management": 2199,
        "Total Operating Expenses": 3336,
        "Total revenue financing activities": 7,
        "Net profit from business activities": 1783,
        "Profit": "N/A",
        "Profit before tax": 1782,
        "Present corporate income tax expenses": 474,
        "Deferred income taxes expenses": "N/A",
        "The interests of minority shareholders": "N/A",
        "Total Cost of profits": 474,
        "Profit after tax corporate income": 1309,
        "Volume": 24190000,
        "Close of Quarter": 6.4,
        "EPS": 193.8,
        "Non-adjusted EPS": 396,
        "PE": 16.2,
        "Book Price": 7.4
      }
    },
    {
      "quarter": "Q4 2011",
      "income status": {
        "Net sales": 65390,
        "Cost of goods sold": 73062,
        "Gross Profit": -7673,
        "Financial expenses": 2038,
        "Of which: Interest expense": 2038,
        "Cost of sales": "N/A",
        "Enterprise cost management": 7166,
        "Total Operating Expenses": 9204,
        "Total revenue financing activities": 329,
        "Net profit from business activities": -16547,
        "Profit": 3106,
        "Profit before tax": -13441,
        "Present corporate income tax expenses": "N/A",
        "Deferred income taxes expenses": "N/A",
        "The interests of minority shareholders": "N/A",
        "Total Cost of profits": 0,
        "Profit after tax corporate income": -13441,
        "Volume": 24190000,
        "Close of Quarter": 5.3,
        "EPS": 191.8,
        "Non-adjusted EPS": 392,
        "PE": 13.5,
        "Book Price": 7.5
      }
    },
    {
      "quarter": "Q3 2011",
      "income status": {
        "Net sales": 92471,
        "Cost of goods sold": 75534,
        "Gross Profit": 16937,
        "Financial expenses": 7227,
        "Of which: Interest expense": 7227,
        "Cost of sales": "N/A",
        "Enterprise cost management": 3208,
        "Total Operating Expenses": 10435,
        "Total revenue financing activities": 3,
        "Net profit from business activities": 6504,
        "Profit": "N/A",
        "Profit before tax": 6504,
        "Present corporate income tax expenses": 1626,
        "Deferred income taxes expenses": "N/A",
        "The interests of minority shareholders": "N/A",
        "Total Cost of profits": 1626,
        "Profit after tax corporate income": 4878,
        "Volume": 24190000,
        "Close of Quarter": 12,
        "EPS": 552.0,
        "Non-adjusted EPS": 1128,
        "PE": 10.6,
        "Book Price": 7.7
      }
    },
    {
      "quarter": "Q2 2011",
      "income status": {
        "Net sales": 144542,
        "Cost of goods sold": 114240,
        "Gross Profit": 30303,
        "Financial expenses": 2673,
        "Of which: Interest expense": 2673,
        "Cost of sales": 32,
        "Enterprise cost management": 5155,
        "Total Operating Expenses": 7860,
        "Total revenue financing activities": 8,
        "Net profit from business activities": 22450,
        "Profit": "N/A",
        "Profit before tax": 22450,
        "Present corporate income tax expenses": 5612,
        "Deferred income taxes expenses": "N/A",
        "The interests of minority shareholders": "N/A",
        "Total Cost of profits": 5612,
        "Profit after tax corporate income": 16837,
        "Volume": 24190000,
        "Close of Quarter": 11.3,
        "EPS": 806.5,
        "Non-adjusted EPS": 1648,
        "PE": 6.8,
        "Book Price": 7.6
      }
    },
    {
      "quarter": "Q1 2011",
      "income status": {
        "Net sales": 70078,
        "Cost of goods sold": 65320,
        "Gross Profit": 4759,
        "Financial expenses": 893,
        "Of which: Interest expense": "N/A",
        "Cost of sales": "N/A",
        "Enterprise cost management": 1626,
        "Total Operating Expenses": 2519,
        "Total revenue financing activities": 7,
        "Net profit from business activities": 2246,
        "Profit": -636,
        "Profit before tax": 1611,
        "Present corporate income tax expenses": 403,
        "Deferred income taxes expenses": "N/A",
        "The interests of minority shareholders": "N/A",
        "Total Cost of profits": 403,
        "Profit after tax corporate income": 1208,
        "Volume": 24190000,
        "Close of Quarter": 18.3,
        "EPS": 617.1,
        "Non-adjusted EPS": 1261,
        "PE": 14.5,
        "Book Price": 7.2
      }
    }
  ]
}