{
  "ticker": "VCX",
  "data": [
    {
      "quarter": "Q4 2016",
      "income status": {
        "Net sales": 188461,
        "Cost of goods sold": 148980,
        "Gross Profit": 39481,
        "Financial expenses": -14442,
        "Of which: Interest expense": 14505,
        "Cost of sales": 1937,
        "Enterprise cost management": 4122,
        "Total Operating Expenses": -8383,
        "Total revenue financing activities": "N/A",
        "Net profit from business activities": 47864,
        "Profit": 98,
        "Profit before tax": 47962,
        "Present corporate income tax expenses": "N/A",
        "Deferred income taxes expenses": "N/A",
        "The interests of minority shareholders": "N/A",
        "Total Cost of profits": 0,
        "Profit after tax corporate income": 47962,
        "Volume": 26530000,
        "Close of Quarter": 2.6,
        "EPS": 1758,
        "Non-adjusted EPS": 1758,
        "PE": 1.5,
        "Book Price": 4.4
      }
    },
    {
      "quarter": "Q3 2016",
      "income status": {
        "Net sales": 154543,
        "Cost of goods sold": 128723,
        "Gross Profit": 25820,
        "Financial expenses": 15368,
        "Of which: Interest expense": 15368,
        "Cost of sales": 23,
        "Enterprise cost management": 4541,
        "Total Operating Expenses": 19932,
        "Total revenue financing activities": 7,
        "Net profit from business activities": 5895,
        "Profit": 121,
        "Profit before tax": 6017,
        "Present corporate income tax expenses": "N/A",
        "Deferred income taxes expenses": "N/A",
        "The interests of minority shareholders": -201,
        "Total Cost of profits": -201,
        "Profit after tax corporate income": 6218,
        "Volume": 26530000,
        "Close of Quarter": 2.6,
        "EPS": 997,
        "Non-adjusted EPS": 997,
        "PE": 2.6,
        "Book Price": 4.1
      }
    },
    {
      "quarter": "Q2 2016",
      "income status": {
        "Net sales": 183046,
        "Cost of goods sold": 161577,
        "Gross Profit": 21469,
        "Financial expenses": 24391,
        "Of which: Interest expense": 15728,
        "Cost of sales": 31,
        "Enterprise cost management": 6032,
        "Total Operating Expenses": 30454,
        "Total revenue financing activities": -12,
        "Net profit from business activities": -8998,
        "Profit": 19,
        "Profit before tax": -8979,
        "Present corporate income tax expenses": "N/A",
        "Deferred income taxes expenses": "N/A",
        "The interests of minority shareholders": -50,
        "Total Cost of profits": -50,
        "Profit after tax corporate income": -8929,
        "Volume": 26530000,
        "Close of Quarter": 3.3,
        "EPS": 305,
        "Non-adjusted EPS": 305,
        "PE": 10.8,
        "Book Price": 3.8
      }
    },
    {
      "quarter": "Q1 2016",
      "income status": {
        "Net sales": 150603,
        "Cost of goods sold": 131309,
        "Gross Profit": 19294,
        "Financial expenses": 14681,
        "Of which: Interest expense": 14663,
        "Cost of sales": "N/A",
        "Enterprise cost management": 3158,
        "Total Operating Expenses": 17839,
        "Total revenue financing activities": 97,
        "Net profit from business activities": 1553,
        "Profit": -161,
        "Profit before tax": 1392,
        "Present corporate income tax expenses": "N/A",
        "Deferred income taxes expenses": "N/A",
        "The interests of minority shareholders": "N/A",
        "Total Cost of profits": 0,
        "Profit after tax corporate income": 1392,
        "Volume": 26530000,
        "Close of Quarter": 2.7,
        "EPS": 542,
        "Non-adjusted EPS": 542,
        "PE": 5.0,
        "Book Price": 3.8
      }
    },
    {
      "quarter": "Q4 2015",
      "income status": {
        "Net sales": 213559,
        "Cost of goods sold": 167068,
        "Gross Profit": 46492,
        "Financial expenses": 18967,
        "Of which: Interest expense": 14143,
        "Cost of sales": 38,
        "Enterprise cost management": 3346,
        "Total Operating Expenses": 22351,
        "Total revenue financing activities": 243,
        "Net profit from business activities": 24384,
        "Profit": 3380,
        "Profit before tax": 27764,
        "Present corporate income tax expenses": "N/A",
        "Deferred income taxes expenses": "N/A",
        "The interests of minority shareholders": "N/A",
        "Total Cost of profits": 0,
        "Profit after tax corporate income": 27764,
        "Volume": 26530000,
        "Close of Quarter": 2.7,
        "EPS": 466,
        "Non-adjusted EPS": 466,
        "PE": 5.8,
        "Book Price": 3.8
      }
    },
    {
      "quarter": "Q3 2015",
      "income status": {
        "Net sales": 140763,
        "Cost of goods sold": 127044,
        "Gross Profit": 13719,
        "Financial expenses": 23142,
        "Of which: Interest expense": 12127,
        "Cost of sales": 42,
        "Enterprise cost management": 3129,
        "Total Operating Expenses": 26313,
        "Total revenue financing activities": 681,
        "Net profit from business activities": -11912,
        "Profit": -232,
        "Profit before tax": -12144,
        "Present corporate income tax expenses": "N/A",
        "Deferred income taxes expenses": "N/A",
        "The interests of minority shareholders": "N/A",
        "Total Cost of profits": 0,
        "Profit after tax corporate income": -12144,
        "Volume": 26530000,
        "Close of Quarter": 2.6,
        "EPS": -158,
        "Non-adjusted EPS": -158,
        "PE": -16.5,
        "Book Price": 2.7
      }
    },
    {
      "quarter": "Q2 2015",
      "income status": {
        "Net sales": 148320,
        "Cost of goods sold": 127955,
        "Gross Profit": 20364,
        "Financial expenses": 19360,
        "Of which: Interest expense": 12446,
        "Cost of sales": 22,
        "Enterprise cost management": 3444,
        "Total Operating Expenses": 22826,
        "Total revenue financing activities": 1,
        "Net profit from business activities": -2461,
        "Profit": -175,
        "Profit before tax": -2636,
        "Present corporate income tax expenses": "N/A",
        "Deferred income taxes expenses": "N/A",
        "The interests of minority shareholders": "N/A",
        "Total Cost of profits": 0,
        "Profit after tax corporate income": -2636,
        "Volume": 26530000,
        "Close of Quarter": 3.5,
        "EPS": 360,
        "Non-adjusted EPS": 360,
        "PE": 9.7,
        "Book Price": 3.2
      }
    },
    {
      "quarter": "Q1 2015",
      "income status": {
        "Net sales": 127474,
        "Cost of goods sold": 106828,
        "Gross Profit": 20646,
        "Financial expenses": 18810,
        "Of which: Interest expense": 11931,
        "Cost of sales": "N/A",
        "Enterprise cost management": 3019,
        "Total Operating Expenses": 21829,
        "Total revenue financing activities": 351,
        "Net profit from business activities": -832,
        "Profit": 208,
        "Profit before tax": -624,
        "Present corporate income tax expenses": "N/A",
        "Deferred income taxes expenses": "N/A",
        "The interests of minority shareholders": "N/A",
        "Total Cost of profits": 0,
        "Profit after tax corporate income": -624,
        "Volume": 26530000,
        "Close of Quarter": 4.2,
        "EPS": 894,
        "Non-adjusted EPS": 894,
        "PE": 4.7,
        "Book Price": 3.3
      }
    },
    {
      "quarter": "Q4 2014",
      "income status": {
        "Net sales": 198215,
        "Cost of goods sold": 161987,
        "Gross Profit": 36228,
        "Financial expenses": 20802,
        "Of which: Interest expense": 13407,
        "Cost of sales": 37,
        "Enterprise cost management": 4417,
        "Total Operating Expenses": 25256,
        "Total revenue financing activities": 39,
        "Net profit from business activities": 11011,
        "Profit": 197,
        "Profit before tax": 11208,
        "Present corporate income tax expenses": "N/A",
        "Deferred income taxes expenses": "N/A",
        "The interests of minority shareholders": "N/A",
        "Total Cost of profits": 0,
        "Profit after tax corporate income": 11208,
        "Volume": 26530000,
        "Close of Quarter": 2.4,
        "EPS": 920,
        "Non-adjusted EPS": 920,
        "PE": 2.6,
        "Book Price": 3.3
      }
    },
    {
      "quarter": "Q3 2014",
      "income status": {
        "Net sales": 142945,
        "Cost of goods sold": 122555,
        "Gross Profit": 20390,
        "Financial expenses": 16811,
        "Of which: Interest expense": 12903,
        "Cost of sales": 1,
        "Enterprise cost management": 3456,
        "Total Operating Expenses": 20268,
        "Total revenue financing activities": 1449,
        "Net profit from business activities": 1571,
        "Profit": 45,
        "Profit before tax": 1616,
        "Present corporate income tax expenses": "N/A",
        "Deferred income taxes expenses": "N/A",
        "The interests of minority shareholders": "N/A",
        "Total Cost of profits": 0,
        "Profit after tax corporate income": 1616,
        "Volume": 25600000,
        "Close of Quarter": 2.4,
        "EPS": 1468.7,
        "Non-adjusted EPS": 1522,
        "PE": 1.6,
        "Book Price": 2.9
      }
    },
    {
      "quarter": "Q2 2014",
      "income status": {
        "Net sales": 156224,
        "Cost of goods sold": 129368,
        "Gross Profit": 26856,
        "Financial expenses": 22040,
        "Of which: Interest expense": 14008,
        "Cost of sales": 73,
        "Enterprise cost management": 3270,
        "Total Operating Expenses": 25383,
        "Total revenue financing activities": 8,
        "Net profit from business activities": 1482,
        "Profit": 10038,
        "Profit before tax": 11520,
        "Present corporate income tax expenses": "N/A",
        "Deferred income taxes expenses": "N/A",
        "The interests of minority shareholders": "N/A",
        "Total Cost of profits": 0,
        "Profit after tax corporate income": 11520,
        "Volume": 25600000,
        "Close of Quarter": 4,
        "EPS": 1096.2,
        "Non-adjusted EPS": 1136,
        "PE": 3.5,
        "Book Price": 2.4
      }
    },
    {
      "quarter": "Q1 2014",
      "income status": {
        "Net sales": 170025,
        "Cost of goods sold": 149328,
        "Gross Profit": 20696,
        "Financial expenses": 17162,
        "Of which: Interest expense": 14489,
        "Cost of sales": 160,
        "Enterprise cost management": 3235,
        "Total Operating Expenses": 20557,
        "Total revenue financing activities": 6,
        "Net profit from business activities": 146,
        "Profit": -92,
        "Profit before tax": 54,
        "Present corporate income tax expenses": "N/A",
        "Deferred income taxes expenses": "N/A",
        "The interests of minority shareholders": "N/A",
        "Total Cost of profits": 0,
        "Profit after tax corporate income": 54,
        "Volume": 25600000,
        "Close of Quarter": "N/A",
        "EPS": 662.0,
        "Non-adjusted EPS": 686,
        "PE": "N/A",
        "Book Price": 2.0
      }
    },
    {
      "quarter": "Q4 2013",
      "income status": {
        "Net sales": 196743,
        "Cost of goods sold": 145582,
        "Gross Profit": 51161,
        "Financial expenses": 20094,
        "Of which: Interest expense": 16152,
        "Cost of sales": 414,
        "Enterprise cost management": 3762,
        "Total Operating Expenses": 24270,
        "Total revenue financing activities": 115,
        "Net profit from business activities": 27006,
        "Profit": -1225,
        "Profit before tax": 25780,
        "Present corporate income tax expenses": "N/A",
        "Deferred income taxes expenses": "N/A",
        "The interests of minority shareholders": "N/A",
        "Total Cost of profits": 0,
        "Profit after tax corporate income": 25780,
        "Volume": 25600000,
        "Close of Quarter": "N/A",
        "EPS": 660.0,
        "Non-adjusted EPS": 684,
        "PE": "N/A",
        "Book Price": 2.0
      }
    },
    {
      "quarter": "Q3 2013",
      "income status": {
        "Net sales": 164693,
        "Cost of goods sold": 151294,
        "Gross Profit": 13399,
        "Financial expenses": 19722,
        "Of which: Interest expense": 16444,
        "Cost of sales": 65,
        "Enterprise cost management": 3023,
        "Total Operating Expenses": 22810,
        "Total revenue financing activities": 879,
        "Net profit from business activities": -8532,
        "Profit": 254,
        "Profit before tax": -8278,
        "Present corporate income tax expenses": "N/A",
        "Deferred income taxes expenses": "N/A",
        "The interests of minority shareholders": "N/A",
        "Total Cost of profits": 0,
        "Profit after tax corporate income": -8278,
        "Volume": 25600000,
        "Close of Quarter": "N/A",
        "EPS": -311.7,
        "Non-adjusted EPS": -323,
        "PE": "N/A",
        "Book Price": 1.1
      }
    }
  ]
}