{
  "ticker": "LDG",
  "data": [
    {
      "quarter": "Q4 2016",
      "income status": {
        "Net sales": 201709,
        "Cost of goods sold": 64570,
        "Gross Profit": 137139,
        "Financial expenses": 809,
        "Of which: Interest expense": 809,
        "Cost of sales": 3849,
        "Enterprise cost management": 16694,
        "Total Operating Expenses": 21352,
        "Total revenue financing activities": 123,
        "Net profit from business activities": 115910,
        "Profit": -1831,
        "Profit before tax": 114078,
        "Present corporate income tax expenses": 23895,
        "Deferred income taxes expenses": -1,
        "The interests of minority shareholders": -301,
        "Total Cost of profits": 23593,
        "Profit after tax corporate income": 90486,
        "Volume": 88499755,
        "Close of Quarter": 5.7,
        "EPS": 1794,
        "Non-adjusted EPS": 1794,
        "PE": 3.2,
        "Book Price": 13.3
      }
    },
    {
      "quarter": "Q3 2016",
      "income status": {
        "Net sales": 49446,
        "Cost of goods sold": 57647,
        "Gross Profit": -8200,
        "Financial expenses": 709,
        "Of which: Interest expense": 709,
        "Cost of sales": 4351,
        "Enterprise cost management": 14605,
        "Total Operating Expenses": 19665,
        "Total revenue financing activities": 54,
        "Net profit from business activities": -27811,
        "Profit": 237,
        "Profit before tax": -27575,
        "Present corporate income tax expenses": -6903,
        "Deferred income taxes expenses": 17,
        "The interests of minority shareholders": -2880,
        "Total Cost of profits": -9766,
        "Profit after tax corporate income": -17809,
        "Volume": 75000000,
        "Close of Quarter": 6.8,
        "EPS": 1441.5,
        "Non-adjusted EPS": 1701,
        "PE": 4,
        "Book Price": 12.4
      }
    },
    {
      "quarter": "Q2 2016",
      "income status": {
        "Net sales": 97028,
        "Cost of goods sold": 761,
        "Gross Profit": 96267,
        "Financial expenses": 21,
        "Of which: Interest expense": 21,
        "Cost of sales": 4174,
        "Enterprise cost management": 12394,
        "Total Operating Expenses": 16589,
        "Total revenue financing activities": 27,
        "Net profit from business activities": 79705,
        "Profit": -4335,
        "Profit before tax": 75370,
        "Present corporate income tax expenses": 18400,
        "Deferred income taxes expenses": -113,
        "The interests of minority shareholders": 6023,
        "Total Cost of profits": 24310,
        "Profit after tax corporate income": 51061,
        "Volume": 75000000,
        "Close of Quarter": 9.0,
        "EPS": 2099.2,
        "Non-adjusted EPS": 2477,
        "PE": 3.6,
        "Book Price": 12.4
      }
    },
    {
      "quarter": "Q1 2016",
      "income status": {
        "Net sales": 148377,
        "Cost of goods sold": 78337,
        "Gross Profit": 70040,
        "Financial expenses": 26,
        "Of which: Interest expense": 26,
        "Cost of sales": 7642,
        "Enterprise cost management": 12888,
        "Total Operating Expenses": 20556,
        "Total revenue financing activities": 37,
        "Net profit from business activities": 49520,
        "Profit": 229,
        "Profit before tax": 49749,
        "Present corporate income tax expenses": 10213,
        "Deferred income taxes expenses": -158,
        "The interests of minority shareholders": 4692,
        "Total Cost of profits": 14747,
        "Profit after tax corporate income": 35002,
        "Volume": 75000000,
        "Close of Quarter": 7.5,
        "EPS": 2026.3,
        "Non-adjusted EPS": 2391,
        "PE": 3.1,
        "Book Price": 11.8
      }
    },
    {
      "quarter": "Q4 2015",
      "income status": {
        "Net sales": 162611,
        "Cost of goods sold": 59800,
        "Gross Profit": 102811,
        "Financial expenses": 62,
        "Of which: Interest expense": 62,
        "Cost of sales": 10760,
        "Enterprise cost management": 13918,
        "Total Operating Expenses": 24740,
        "Total revenue financing activities": 51,
        "Net profit from business activities": 78078,
        "Profit": 266,
        "Profit before tax": 78344,
        "Present corporate income tax expenses": 18118,
        "Deferred income taxes expenses": -218,
        "The interests of minority shareholders": 1108,
        "Total Cost of profits": 19008,
        "Profit after tax corporate income": 59336,
        "Volume": 75000000,
        "Close of Quarter": 9.9,
        "EPS": 1744.1,
        "Non-adjusted EPS": 2058,
        "PE": 4.8,
        "Book Price": 11.4
      }
    },
    {
      "quarter": "Q3 2015",
      "income status": {
        "Net sales": 123592,
        "Cost of goods sold": 52083,
        "Gross Profit": 71508,
        "Financial expenses": 38,
        "Of which: Interest expense": 38,
        "Cost of sales": 7564,
        "Enterprise cost management": 11641,
        "Total Operating Expenses": 19243,
        "Total revenue financing activities": 146,
        "Net profit from business activities": 52412,
        "Profit": 179,
        "Profit before tax": 52591,
        "Present corporate income tax expenses": 12152,
        "Deferred income taxes expenses": "N/A",
        "The interests of minority shareholders": 81,
        "Total Cost of profits": 12233,
        "Profit after tax corporate income": 40357,
        "Volume": 75000000,
        "Close of Quarter": 11.9,
        "EPS": 1047.5,
        "Non-adjusted EPS": 1236,
        "PE": 9.6,
        "Book Price": 10.8
      }
    },
    {
      "quarter": "Q2 2015",
      "income status": {
        "Net sales": 185821,
        "Cost of goods sold": 100680,
        "Gross Profit": 85141,
        "Financial expenses": 45,
        "Of which: Interest expense": 45,
        "Cost of sales": 11339,
        "Enterprise cost management": 9309,
        "Total Operating Expenses": 20693,
        "Total revenue financing activities": 292,
        "Net profit from business activities": 64742,
        "Profit": 407,
        "Profit before tax": 65149,
        "Present corporate income tax expenses": 14793,
        "Deferred income taxes expenses": "N/A",
        "The interests of minority shareholders": 5758,
        "Total Cost of profits": 20551,
        "Profit after tax corporate income": 44598,
        "Volume": 75000000,
        "Close of Quarter": "N/A",
        "EPS": 606.8,
        "Non-adjusted EPS": 716,
        "PE": "N/A",
        "Book Price": 11.1
      }
    },
    {
      "quarter": "Q1 2015",
      "income status": {
        "Net sales": 47838,
        "Cost of goods sold": 24703,
        "Gross Profit": 23135,
        "Financial expenses": 20,
        "Of which: Interest expense": 20,
        "Cost of sales": 1829,
        "Enterprise cost management": 6570,
        "Total Operating Expenses": 8419,
        "Total revenue financing activities": 309,
        "Net profit from business activities": 15025,
        "Profit": 21,
        "Profit before tax": 15046,
        "Present corporate income tax expenses": 3792,
        "Deferred income taxes expenses": "N/A",
        "The interests of minority shareholders": 1227,
        "Total Cost of profits": 5019,
        "Profit after tax corporate income": 10027,
        "Volume": 75000000,
        "Close of Quarter": "N/A",
        "EPS": 103.4,
        "Non-adjusted EPS": 122,
        "PE": "N/A",
        "Book Price": 9.8
      }
    },
    {
      "quarter": "Q3 2014",
      "income status": {
        "Net sales": 31114,
        "Cost of goods sold": 23021,
        "Gross Profit": 8093,
        "Financial expenses": 37,
        "Of which: Interest expense": 37,
        "Cost of sales": 1199,
        "Enterprise cost management": 9810,
        "Total Operating Expenses": 11046,
        "Total revenue financing activities": 10,
        "Net profit from business activities": -2943,
        "Profit": 628,
        "Profit before tax": -2315,
        "Present corporate income tax expenses": "N/A",
        "Deferred income taxes expenses": "N/A",
        "The interests of minority shareholders": "N/A",
        "Total Cost of profits": 0,
        "Profit after tax corporate income": -2315,
        "Volume": 75000000,
        "Close of Quarter": "N/A",
        "EPS": -10.2,
        "Non-adjusted EPS": -12,
        "PE": "N/A",
        "Book Price": "N/A"
      }
    },
    {
      "quarter": "Q2 2014",
      "income status": {
        "Net sales": 18572,
        "Cost of goods sold": 12101,
        "Gross Profit": 6471,
        "Financial expenses": 3,
        "Of which: Interest expense": 3,
        "Cost of sales": 194,
        "Enterprise cost management": 3766,
        "Total Operating Expenses": 3963,
        "Total revenue financing activities": -213,
        "Net profit from business activities": 2344,
        "Profit": -4,
        "Profit before tax": 2341,
        "Present corporate income tax expenses": 934,
        "Deferred income taxes expenses": "N/A",
        "The interests of minority shareholders": "N/A",
        "Total Cost of profits": 934,
        "Profit after tax corporate income": 1407,
        "Volume": 75000000,
        "Close of Quarter": "N/A",
        "EPS": 16.1,
        "Non-adjusted EPS": 19,
        "PE": "N/A",
        "Book Price": "N/A"
      }
    }
  ]
}