{
  "ticker": "S12",
  "data": [
    {
      "quarter": "Q1 2016",
      "income status": {
        "Net sales": 10296,
        "Cost of goods sold": 9279,
        "Gross Profit": 1017,
        "Financial expenses": 549,
        "Of which: Interest expense": 549,
        "Cost of sales": "N/A",
        "Enterprise cost management": 1889,
        "Total Operating Expenses": 2438,
        "Total revenue financing activities": 1710,
        "Net profit from business activities": 289,
        "Profit": -209,
        "Profit before tax": 80,
        "Present corporate income tax expenses": "N/A",
        "Deferred income taxes expenses": "N/A",
        "The interests of minority shareholders": "N/A",
        "Total Cost of profits": 0,
        "Profit after tax corporate income": 80,
        "Volume": 5000000,
        "Close of Quarter": 5.1,
        "EPS": -6746,
        "Non-adjusted EPS": -6746,
        "PE": -0.8,
        "Book Price": 0.5
      }
    },
    {
      "quarter": "Q4 2015",
      "income status": {
        "Net sales": 9896,
        "Cost of goods sold": 20765,
        "Gross Profit": -10869,
        "Financial expenses": 2501,
        "Of which: Interest expense": 1296,
        "Cost of sales": "N/A",
        "Enterprise cost management": 7873,
        "Total Operating Expenses": 10374,
        "Total revenue financing activities": 1936,
        "Net profit from business activities": -19307,
        "Profit": 235,
        "Profit before tax": -19072,
        "Present corporate income tax expenses": "N/A",
        "Deferred income taxes expenses": "N/A",
        "The interests of minority shareholders": "N/A",
        "Total Cost of profits": 0,
        "Profit after tax corporate income": -19072,
        "Volume": 5000000,
        "Close of Quarter": 2.5,
        "EPS": -7287,
        "Non-adjusted EPS": -7287,
        "PE": -0.3,
        "Book Price": 2.8
      }
    },
    {
      "quarter": "Q3 2015",
      "income status": {
        "Net sales": 13425,
        "Cost of goods sold": 12285,
        "Gross Profit": 1141,
        "Financial expenses": -1535,
        "Of which: Interest expense": -1535,
        "Cost of sales": "N/A",
        "Enterprise cost management": 3483,
        "Total Operating Expenses": 1948,
        "Total revenue financing activities": 580,
        "Net profit from business activities": -227,
        "Profit": -200,
        "Profit before tax": -427,
        "Present corporate income tax expenses": "N/A",
        "Deferred income taxes expenses": "N/A",
        "The interests of minority shareholders": "N/A",
        "Total Cost of profits": 0,
        "Profit after tax corporate income": -427,
        "Volume": 5000000,
        "Close of Quarter": 3.1,
        "EPS": -3422,
        "Non-adjusted EPS": -3422,
        "PE": -0.9,
        "Book Price": 6.6
      }
    },
    {
      "quarter": "Q2 2015",
      "income status": {
        "Net sales": 10567,
        "Cost of goods sold": 15909,
        "Gross Profit": -5342,
        "Financial expenses": 5252,
        "Of which: Interest expense": 5431,
        "Cost of sales": "N/A",
        "Enterprise cost management": 3353,
        "Total Operating Expenses": 8605,
        "Total revenue financing activities": 1459,
        "Net profit from business activities": -12489,
        "Profit": -1824,
        "Profit before tax": -14313,
        "Present corporate income tax expenses": "N/A",
        "Deferred income taxes expenses": "N/A",
        "The interests of minority shareholders": "N/A",
        "Total Cost of profits": 0,
        "Profit after tax corporate income": -14313,
        "Volume": 5000000,
        "Close of Quarter": 2.9,
        "EPS": -4365,
        "Non-adjusted EPS": -4365,
        "PE": -0.7,
        "Book Price": 6.7
      }
    },
    {
      "quarter": "Q1 2015",
      "income status": {
        "Net sales": 16600,
        "Cost of goods sold": 14879,
        "Gross Profit": 1721,
        "Financial expenses": 1513,
        "Of which: Interest expense": 1513,
        "Cost of sales": 21,
        "Enterprise cost management": 3234,
        "Total Operating Expenses": 4768,
        "Total revenue financing activities": 592,
        "Net profit from business activities": -2456,
        "Profit": -168,
        "Profit before tax": -2623,
        "Present corporate income tax expenses": "N/A",
        "Deferred income taxes expenses": "N/A",
        "The interests of minority shareholders": "N/A",
        "Total Cost of profits": 0,
        "Profit after tax corporate income": -2623,
        "Volume": 5000000,
        "Close of Quarter": 6.7,
        "EPS": -2441,
        "Non-adjusted EPS": -2441,
        "PE": -2.7,
        "Book Price": 9.6
      }
    },
    {
      "quarter": "Q4 2014",
      "income status": {
        "Net sales": 34164,
        "Cost of goods sold": 30447,
        "Gross Profit": 3717,
        "Financial expenses": 1431,
        "Of which: Interest expense": 1431,
        "Cost of sales": "N/A",
        "Enterprise cost management": 3855,
        "Total Operating Expenses": 5286,
        "Total revenue financing activities": 1305,
        "Net profit from business activities": -264,
        "Profit": 517,
        "Profit before tax": 254,
        "Present corporate income tax expenses": "N/A",
        "Deferred income taxes expenses": "N/A",
        "The interests of minority shareholders": "N/A",
        "Total Cost of profits": 0,
        "Profit after tax corporate income": 254,
        "Volume": 5000000,
        "Close of Quarter": 4.9,
        "EPS": -2714,
        "Non-adjusted EPS": -2714,
        "PE": -1.8,
        "Book Price": 10.4
      }
    },
    {
      "quarter": "Q3 2014",
      "income status": {
        "Net sales": 18369,
        "Cost of goods sold": 19257,
        "Gross Profit": -888,
        "Financial expenses": 1006,
        "Of which: Interest expense": 1006,
        "Cost of sales": "N/A",
        "Enterprise cost management": 3820,
        "Total Operating Expenses": 4826,
        "Total revenue financing activities": 737,
        "Net profit from business activities": -4978,
        "Profit": -167,
        "Profit before tax": -5145,
        "Present corporate income tax expenses": "N/A",
        "Deferred income taxes expenses": "N/A",
        "The interests of minority shareholders": "N/A",
        "Total Cost of profits": 0,
        "Profit after tax corporate income": -5145,
        "Volume": 5000000,
        "Close of Quarter": 7.3,
        "EPS": -2679,
        "Non-adjusted EPS": -2679,
        "PE": -2.7,
        "Book Price": 10.4
      }
    },
    {
      "quarter": "Q2 2014",
      "income status": {
        "Net sales": 59459,
        "Cost of goods sold": 55822,
        "Gross Profit": 3637,
        "Financial expenses": 1285,
        "Of which: Interest expense": 1132,
        "Cost of sales": 477,
        "Enterprise cost management": 5602,
        "Total Operating Expenses": 7364,
        "Total revenue financing activities": 902,
        "Net profit from business activities": -2824,
        "Profit": -1866,
        "Profit before tax": -4691,
        "Present corporate income tax expenses": "N/A",
        "Deferred income taxes expenses": "N/A",
        "The interests of minority shareholders": "N/A",
        "Total Cost of profits": 0,
        "Profit after tax corporate income": -4691,
        "Volume": 5000000,
        "Close of Quarter": 6.2,
        "EPS": -1214,
        "Non-adjusted EPS": -1214,
        "PE": -5.1,
        "Book Price": 11.4
      }
    },
    {
      "quarter": "Q1 2014",
      "income status": {
        "Net sales": 41105,
        "Cost of goods sold": 41674,
        "Gross Profit": -569,
        "Financial expenses": 816,
        "Of which: Interest expense": 816,
        "Cost of sales": "N/A",
        "Enterprise cost management": 3305,
        "Total Operating Expenses": 4121,
        "Total revenue financing activities": 867,
        "Net profit from business activities": -3824,
        "Profit": -166,
        "Profit before tax": -3990,
        "Present corporate income tax expenses": "N/A",
        "Deferred income taxes expenses": "N/A",
        "The interests of minority shareholders": "N/A",
        "Total Cost of profits": 0,
        "Profit after tax corporate income": -3990,
        "Volume": 5000000,
        "Close of Quarter": 7.7,
        "EPS": -720,
        "Non-adjusted EPS": -720,
        "PE": -10.7,
        "Book Price": 12.4
      }
    },
    {
      "quarter": "Q4 2013",
      "income status": {
        "Net sales": 57492,
        "Cost of goods sold": 46602,
        "Gross Profit": 10890,
        "Financial expenses": 4071,
        "Of which: Interest expense": 4404,
        "Cost of sales": "N/A",
        "Enterprise cost management": 6273,
        "Total Operating Expenses": 10344,
        "Total revenue financing activities": 2935,
        "Net profit from business activities": 3481,
        "Profit": -1694,
        "Profit before tax": 1787,
        "Present corporate income tax expenses": 1356,
        "Deferred income taxes expenses": "N/A",
        "The interests of minority shareholders": "N/A",
        "Total Cost of profits": 1356,
        "Profit after tax corporate income": 432,
        "Volume": 5000000,
        "Close of Quarter": 4.1,
        "EPS": 115,
        "Non-adjusted EPS": 115,
        "PE": 36,
        "Book Price": 13.2
      }
    },
    {
      "quarter": "Q3 2013",
      "income status": {
        "Net sales": 35159,
        "Cost of goods sold": 31697,
        "Gross Profit": 3462,
        "Financial expenses": 386,
        "Of which: Interest expense": 1950,
        "Cost of sales": "N/A",
        "Enterprise cost management": 1743,
        "Total Operating Expenses": 2129,
        "Total revenue financing activities": 1062,
        "Net profit from business activities": 2395,
        "Profit": -213,
        "Profit before tax": 2182,
        "Present corporate income tax expenses": 5,
        "Deferred income taxes expenses": "N/A",
        "The interests of minority shareholders": "N/A",
        "Total Cost of profits": 5,
        "Profit after tax corporate income": 2177,
        "Volume": 5000000,
        "Close of Quarter": 2.9,
        "EPS": 273,
        "Non-adjusted EPS": 273,
        "PE": 10.7,
        "Book Price": 13.2
      }
    },
    {
      "quarter": "Q2 2013",
      "income status": {
        "Net sales": 25569,
        "Cost of goods sold": 20883,
        "Gross Profit": 4686,
        "Financial expenses": 3946,
        "Of which: Interest expense": 5272,
        "Cost of sales": "N/A",
        "Enterprise cost management": 3291,
        "Total Operating Expenses": 7237,
        "Total revenue financing activities": 1243,
        "Net profit from business activities": -1308,
        "Profit": -1135,
        "Profit before tax": -2443,
        "Present corporate income tax expenses": -223,
        "Deferred income taxes expenses": "N/A",
        "The interests of minority shareholders": "N/A",
        "Total Cost of profits": -223,
        "Profit after tax corporate income": -2220,
        "Volume": 5000000,
        "Close of Quarter": 3.3,
        "EPS": 53,
        "Non-adjusted EPS": 53,
        "PE": 62.1,
        "Book Price": 12.7
      }
    },
    {
      "quarter": "Q1 2013",
      "income status": {
        "Net sales": 36249,
        "Cost of goods sold": 31803,
        "Gross Profit": 4446,
        "Financial expenses": 1023,
        "Of which: Interest expense": 1023,
        "Cost of sales": "N/A",
        "Enterprise cost management": 3905,
        "Total Operating Expenses": 4928,
        "Total revenue financing activities": 900,
        "Net profit from business activities": 418,
        "Profit": -6,
        "Profit before tax": 411,
        "Present corporate income tax expenses": 223,
        "Deferred income taxes expenses": "N/A",
        "The interests of minority shareholders": "N/A",
        "Total Cost of profits": 223,
        "Profit after tax corporate income": 188,
        "Volume": 5000000,
        "Close of Quarter": 3.9,
        "EPS": 810,
        "Non-adjusted EPS": 810,
        "PE": 4.8,
        "Book Price": 13.2
      }
    },
    {
      "quarter": "Q4 2012",
      "income status": {
        "Net sales": 49593,
        "Cost of goods sold": 38387,
        "Gross Profit": 11206,
        "Financial expenses": 5263,
        "Of which: Interest expense": 4895,
        "Cost of sales": "N/A",
        "Enterprise cost management": 6637,
        "Total Operating Expenses": 11900,
        "Total revenue financing activities": 1660,
        "Net profit from business activities": 966,
        "Profit": 1607,
        "Profit before tax": 2573,
        "Present corporate income tax expenses": 1354,
        "Deferred income taxes expenses": "N/A",
        "The interests of minority shareholders": "N/A",
        "Total Cost of profits": 1354,
        "Profit after tax corporate income": 1218,
        "Volume": 5000000,
        "Close of Quarter": 2.8,
        "EPS": 258,
        "Non-adjusted EPS": 258,
        "PE": 10.9,
        "Book Price": 13.2
      }
    },
    {
      "quarter": "Q3 2012",
      "income status": {
        "Net sales": 30684,
        "Cost of goods sold": 27629,
        "Gross Profit": 3055,
        "Financial expenses": 1218,
        "Of which: Interest expense": 1218,
        "Cost of sales": 6,
        "Enterprise cost management": 2207,
        "Total Operating Expenses": 3431,
        "Total revenue financing activities": 1950,
        "Net profit from business activities": 1574,
        "Profit": 67,
        "Profit before tax": 1641,
        "Present corporate income tax expenses": 564,
        "Deferred income taxes expenses": "N/A",
        "The interests of minority shareholders": "N/A",
        "Total Cost of profits": 564,
        "Profit after tax corporate income": 1077,
        "Volume": 5000000,
        "Close of Quarter": 3.8,
        "EPS": -298,
        "Non-adjusted EPS": -298,
        "PE": -12.6,
        "Book Price": 12.9
      }
    },
    {
      "quarter": "Q2 2012",
      "income status": {
        "Net sales": 13131,
        "Cost of goods sold": 9900,
        "Gross Profit": 3231,
        "Financial expenses": 1071,
        "Of which: Interest expense": 1216,
        "Cost of sales": 61,
        "Enterprise cost management": 3840,
        "Total Operating Expenses": 4972,
        "Total revenue financing activities": 4302,
        "Net profit from business activities": 2560,
        "Profit": -522,
        "Profit before tax": 2038,
        "Present corporate income tax expenses": "N/A",
        "Deferred income taxes expenses": 469,
        "The interests of minority shareholders": "N/A",
        "Total Cost of profits": 469,
        "Profit after tax corporate income": 1569,
        "Volume": 5000000,
        "Close of Quarter": 3.9,
        "EPS": -432,
        "Non-adjusted EPS": -432,
        "PE": -8.9,
        "Book Price": 12.7
      }
    },
    {
      "quarter": "Q1 2012",
      "income status": {
        "Net sales": 10672,
        "Cost of goods sold": 11191,
        "Gross Profit": -519,
        "Financial expenses": 3072,
        "Of which: Interest expense": 3072,
        "Cost of sales": 80,
        "Enterprise cost management": 3521,
        "Total Operating Expenses": 6673,
        "Total revenue financing activities": 3631,
        "Net profit from business activities": -3561,
        "Profit": 989,
        "Profit before tax": -2572,
        "Present corporate income tax expenses": "N/A",
        "Deferred income taxes expenses": "N/A",
        "The interests of minority shareholders": "N/A",
        "Total Cost of profits": 0,
        "Profit after tax corporate income": -2572,
        "Volume": 5000000,
        "Close of Quarter": 4.7,
        "EPS": 904,
        "Non-adjusted EPS": 904,
        "PE": 5.2,
        "Book Price": 12.8
      }
    },
    {
      "quarter": "Q4 2011",
      "income status": {
        "Net sales": 80151,
        "Cost of goods sold": 76879,
        "Gross Profit": 3272,
        "Financial expenses": 5700,
        "Of which: Interest expense": 5700,
        "Cost of sales": 132,
        "Enterprise cost management": 3836,
        "Total Operating Expenses": 9668,
        "Total revenue financing activities": 3147,
        "Net profit from business activities": -3249,
        "Profit": 1731,
        "Profit before tax": -1518,
        "Present corporate income tax expenses": 47,
        "Deferred income taxes expenses": "N/A",
        "The interests of minority shareholders": "N/A",
        "Total Cost of profits": 47,
        "Profit after tax corporate income": -1565,
        "Volume": 5000000,
        "Close of Quarter": 4.7,
        "EPS": 591,
        "Non-adjusted EPS": 591,
        "PE": 8.0,
        "Book Price": 13.4
      }
    },
    {
      "quarter": "Q3 2011",
      "income status": {
        "Net sales": 48305,
        "Cost of goods sold": 42599,
        "Gross Profit": 5706,
        "Financial expenses": 3267,
        "Of which: Interest expense": 3267,
        "Cost of sales": 308,
        "Enterprise cost management": 3258,
        "Total Operating Expenses": 6833,
        "Total revenue financing activities": 2211,
        "Net profit from business activities": 1084,
        "Profit": -465,
        "Profit before tax": 618,
        "Present corporate income tax expenses": 208,
        "Deferred income taxes expenses": "N/A",
        "The interests of minority shareholders": "N/A",
        "Total Cost of profits": 208,
        "Profit after tax corporate income": 410,
        "Volume": 5000000,
        "Close of Quarter": 5.2,
        "EPS": 1645,
        "Non-adjusted EPS": 1645,
        "PE": 3.2,
        "Book Price": 13.7
      }
    },
    {
      "quarter": "Q2 2011",
      "income status": {
        "Net sales": 48024,
        "Cost of goods sold": 45268,
        "Gross Profit": 2757,
        "Financial expenses": 2081,
        "Of which: Interest expense": "N/A",
        "Cost of sales": 133,
        "Enterprise cost management": 10635,
        "Total Operating Expenses": 12849,
        "Total revenue financing activities": 2598,
        "Net profit from business activities": -7494,
        "Profit": 17040,
        "Profit before tax": 9547,
        "Present corporate income tax expenses": 1302,
        "Deferred income taxes expenses": "N/A",
        "The interests of minority shareholders": "N/A",
        "Total Cost of profits": 1302,
        "Profit after tax corporate income": 8245,
        "Volume": 5000000,
        "Close of Quarter": 5.4,
        "EPS": 1669,
        "Non-adjusted EPS": 1669,
        "PE": 3.2,
        "Book Price": 13.6
      }
    },
    {
      "quarter": "Q1 2011",
      "income status": {
        "Net sales": 24698,
        "Cost of goods sold": 21808,
        "Gross Profit": 2890,
        "Financial expenses": 2798,
        "Of which: Interest expense": "N/A",
        "Cost of sales": 168,
        "Enterprise cost management": 5063,
        "Total Operating Expenses": 8029,
        "Total revenue financing activities": 1424,
        "Net profit from business activities": -3715,
        "Profit": -419,
        "Profit before tax": -4134,
        "Present corporate income tax expenses": "N/A",
        "Deferred income taxes expenses": "N/A",
        "The interests of minority shareholders": "N/A",
        "Total Cost of profits": 0,
        "Profit after tax corporate income": -4134,
        "Volume": 5000000,
        "Close of Quarter": 8.7,
        "EPS": 291,
        "Non-adjusted EPS": 291,
        "PE": 29.8,
        "Book Price": 13.2
      }
    }
  ]
}