{
  "ticker": "SJD",
  "data": [
    {
      "quarter": "Q4 2016",
      "income status": {
        "Net sales": 108679,
        "Cost of goods sold": 46347,
        "Gross Profit": 62331,
        "Financial expenses": 7470,
        "Of which: Interest expense": 5251,
        "Cost of sales": "N/A",
        "Enterprise cost management": 8516,
        "Total Operating Expenses": 15986,
        "Total revenue financing activities": 1171,
        "Net profit from business activities": 47516,
        "Profit": 536,
        "Profit before tax": 48052,
        "Present corporate income tax expenses": 2723,
        "Deferred income taxes expenses": 659,
        "The interests of minority shareholders": 62,
        "Total Cost of profits": 3444,
        "Profit after tax corporate income": 44608,
        "Volume": 45999150,
        "Close of Quarter": 17,
        "EPS": 3139,
        "Non-adjusted EPS": 3139,
        "PE": 5.4,
        "Book Price": 23.4
      }
    },
    {
      "quarter": "Q3 2016",
      "income status": {
        "Net sales": 128137,
        "Cost of goods sold": 53446,
        "Gross Profit": 74691,
        "Financial expenses": 4473,
        "Of which: Interest expense": 4473,
        "Cost of sales": "N/A",
        "Enterprise cost management": 28743,
        "Total Operating Expenses": 33216,
        "Total revenue financing activities": 603,
        "Net profit from business activities": 42078,
        "Profit": 9,
        "Profit before tax": 42087,
        "Present corporate income tax expenses": 3740,
        "Deferred income taxes expenses": "N/A",
        "The interests of minority shareholders": -1336,
        "Total Cost of profits": 2404,
        "Profit after tax corporate income": 39683,
        "Volume": 45999150,
        "Close of Quarter": 17.6,
        "EPS": 2668,
        "Non-adjusted EPS": 2668,
        "PE": 6.6,
        "Book Price": 24.9
      }
    },
    {
      "quarter": "Q2 2016",
      "income status": {
        "Net sales": 89303,
        "Cost of goods sold": 33298,
        "Gross Profit": 56005,
        "Financial expenses": 3252,
        "Of which: Interest expense": 3252,
        "Cost of sales": "N/A",
        "Enterprise cost management": 7331,
        "Total Operating Expenses": 10583,
        "Total revenue financing activities": 2828,
        "Net profit from business activities": 48249,
        "Profit": -31,
        "Profit before tax": 48218,
        "Present corporate income tax expenses": 3415,
        "Deferred income taxes expenses": "N/A",
        "The interests of minority shareholders": -282,
        "Total Cost of profits": 3133,
        "Profit after tax corporate income": 45086,
        "Volume": 45999150,
        "Close of Quarter": 16.4,
        "EPS": 3489,
        "Non-adjusted EPS": 3489,
        "PE": 4.7,
        "Book Price": 24.1
      }
    },
    {
      "quarter": "Q1 2016",
      "income status": {
        "Net sales": 47408,
        "Cost of goods sold": 20762,
        "Gross Profit": 26645,
        "Financial expenses": 3073,
        "Of which: Interest expense": 3073,
        "Cost of sales": "N/A",
        "Enterprise cost management": 7862,
        "Total Operating Expenses": 10935,
        "Total revenue financing activities": 330,
        "Net profit from business activities": 16040,
        "Profit": "N/A",
        "Profit before tax": 16040,
        "Present corporate income tax expenses": 1756,
        "Deferred income taxes expenses": "N/A",
        "The interests of minority shareholders": -726,
        "Total Cost of profits": 1030,
        "Profit after tax corporate income": 15010,
        "Volume": 45999150,
        "Close of Quarter": 15.1,
        "EPS": 3533,
        "Non-adjusted EPS": 3533,
        "PE": 4.3,
        "Book Price": 23.4
      }
    },
    {
      "quarter": "Q4 2015",
      "income status": {
        "Net sales": 76531,
        "Cost of goods sold": 35896,
        "Gross Profit": 40634,
        "Financial expenses": 8114,
        "Of which: Interest expense": 4622,
        "Cost of sales": "N/A",
        "Enterprise cost management": 9189,
        "Total Operating Expenses": 17303,
        "Total revenue financing activities": 1876,
        "Net profit from business activities": 25208,
        "Profit": -472,
        "Profit before tax": 24736,
        "Present corporate income tax expenses": 1801,
        "Deferred income taxes expenses": "N/A",
        "The interests of minority shareholders": "N/A",
        "Total Cost of profits": 1801,
        "Profit after tax corporate income": 22936,
        "Volume": 45999150,
        "Close of Quarter": 15.8,
        "EPS": 3882,
        "Non-adjusted EPS": 3882,
        "PE": 4.1,
        "Book Price": 23.1
      }
    },
    {
      "quarter": "Q3 2015",
      "income status": {
        "Net sales": 146949,
        "Cost of goods sold": 53725,
        "Gross Profit": 93224,
        "Financial expenses": 3555,
        "Of which: Interest expense": 3545,
        "Cost of sales": "N/A",
        "Enterprise cost management": 16899,
        "Total Operating Expenses": 20454,
        "Total revenue financing activities": 1367,
        "Net profit from business activities": 74137,
        "Profit": 10038,
        "Profit before tax": 84174,
        "Present corporate income tax expenses": 6733,
        "Deferred income taxes expenses": "N/A",
        "The interests of minority shareholders": "N/A",
        "Total Cost of profits": 6733,
        "Profit after tax corporate income": 77442,
        "Volume": 45999150,
        "Close of Quarter": 15.7,
        "EPS": 4186,
        "Non-adjusted EPS": 4186,
        "PE": 3.8,
        "Book Price": 22.6
      }
    },
    {
      "quarter": "Q2 2015",
      "income status": {
        "Net sales": 88749,
        "Cost of goods sold": 33309,
        "Gross Profit": 55440,
        "Financial expenses": 3129,
        "Of which: Interest expense": 900,
        "Cost of sales": "N/A",
        "Enterprise cost management": 5460,
        "Total Operating Expenses": 8589,
        "Total revenue financing activities": 3278,
        "Net profit from business activities": 50129,
        "Profit": 42,
        "Profit before tax": 50171,
        "Present corporate income tax expenses": 3042,
        "Deferred income taxes expenses": "N/A",
        "The interests of minority shareholders": "N/A",
        "Total Cost of profits": 3042,
        "Profit after tax corporate income": 47129,
        "Volume": 45999150,
        "Close of Quarter": 16.3,
        "EPS": 4173,
        "Non-adjusted EPS": 4173,
        "PE": 3.9,
        "Book Price": 23.3
      }
    },
    {
      "quarter": "Q1 2015",
      "income status": {
        "Net sales": 69832,
        "Cost of goods sold": 31715,
        "Gross Profit": 38117,
        "Financial expenses": "N/A",
        "Of which: Interest expense": "N/A",
        "Cost of sales": "N/A",
        "Enterprise cost management": 5528,
        "Total Operating Expenses": 5528,
        "Total revenue financing activities": 209,
        "Net profit from business activities": 32798,
        "Profit": -28,
        "Profit before tax": 32770,
        "Present corporate income tax expenses": 1693,
        "Deferred income taxes expenses": "N/A",
        "The interests of minority shareholders": "N/A",
        "Total Cost of profits": 1693,
        "Profit after tax corporate income": 31077,
        "Volume": 45999150,
        "Close of Quarter": 16.8,
        "EPS": 4193,
        "Non-adjusted EPS": 4193,
        "PE": 4.0,
        "Book Price": 22.6
      }
    },
    {
      "quarter": "Q4 2014",
      "income status": {
        "Net sales": 74624,
        "Cost of goods sold": 39900,
        "Gross Profit": 34724,
        "Financial expenses": 683,
        "Of which: Interest expense": 320,
        "Cost of sales": "N/A",
        "Enterprise cost management": 4528,
        "Total Operating Expenses": 5211,
        "Total revenue financing activities": 9194,
        "Net profit from business activities": 38708,
        "Profit": 214,
        "Profit before tax": 38922,
        "Present corporate income tax expenses": 2027,
        "Deferred income taxes expenses": "N/A",
        "The interests of minority shareholders": "N/A",
        "Total Cost of profits": 2027,
        "Profit after tax corporate income": 36894,
        "Volume": 45999150,
        "Close of Quarter": 17.5,
        "EPS": 3983,
        "Non-adjusted EPS": 3983,
        "PE": 4.4,
        "Book Price": 21.9
      }
    },
    {
      "quarter": "Q3 2014",
      "income status": {
        "Net sales": 162337,
        "Cost of goods sold": 66821,
        "Gross Profit": 95516,
        "Financial expenses": 4450,
        "Of which: Interest expense": 4450,
        "Cost of sales": "N/A",
        "Enterprise cost management": 10173,
        "Total Operating Expenses": 14623,
        "Total revenue financing activities": 124,
        "Net profit from business activities": 81018,
        "Profit": -104,
        "Profit before tax": 80914,
        "Present corporate income tax expenses": 4053,
        "Deferred income taxes expenses": "N/A",
        "The interests of minority shareholders": "N/A",
        "Total Cost of profits": 4053,
        "Profit after tax corporate income": 76861,
        "Volume": 40999150,
        "Close of Quarter": 15.3,
        "EPS": 3581.3,
        "Non-adjusted EPS": 4018,
        "PE": 3.8,
        "Book Price": 20.9
      }
    },
    {
      "quarter": "Q2 2014",
      "income status": {
        "Net sales": 98306,
        "Cost of goods sold": 33581,
        "Gross Profit": 64725,
        "Financial expenses": 6266,
        "Of which: Interest expense": 5191,
        "Cost of sales": "N/A",
        "Enterprise cost management": 7888,
        "Total Operating Expenses": 14154,
        "Total revenue financing activities": 26,
        "Net profit from business activities": 50597,
        "Profit": -38,
        "Profit before tax": 50560,
        "Present corporate income tax expenses": 2534,
        "Deferred income taxes expenses": "N/A",
        "The interests of minority shareholders": "N/A",
        "Total Cost of profits": 2534,
        "Profit after tax corporate income": 48026,
        "Volume": 40999150,
        "Close of Quarter": 12.0,
        "EPS": 3513.5,
        "Non-adjusted EPS": 3942,
        "PE": 3.0,
        "Book Price": 19.2
      }
    },
    {
      "quarter": "Q1 2014",
      "income status": {
        "Net sales": 55587,
        "Cost of goods sold": 22641,
        "Gross Profit": 32946,
        "Financial expenses": 3598,
        "Of which: Interest expense": 3598,
        "Cost of sales": "N/A",
        "Enterprise cost management": 6910,
        "Total Operating Expenses": 10508,
        "Total revenue financing activities": 133,
        "Net profit from business activities": 22571,
        "Profit": "N/A",
        "Profit before tax": 22571,
        "Present corporate income tax expenses": 1129,
        "Deferred income taxes expenses": "N/A",
        "The interests of minority shareholders": "N/A",
        "Total Cost of profits": 1129,
        "Profit after tax corporate income": 21442,
        "Volume": 35879150,
        "Close of Quarter": 11.7,
        "EPS": 3440.6,
        "Non-adjusted EPS": 4411,
        "PE": 2.7,
        "Book Price": 19.4
      }
    },
    {
      "quarter": "Q4 2013",
      "income status": {
        "Net sales": 68491,
        "Cost of goods sold": 37762,
        "Gross Profit": 30730,
        "Financial expenses": 2979,
        "Of which: Interest expense": 3679,
        "Cost of sales": "N/A",
        "Enterprise cost management": 10701,
        "Total Operating Expenses": 13680,
        "Total revenue financing activities": 1598,
        "Net profit from business activities": 18647,
        "Profit": 886,
        "Profit before tax": 19533,
        "Present corporate income tax expenses": 1112,
        "Deferred income taxes expenses": "N/A",
        "The interests of minority shareholders": "N/A",
        "Total Cost of profits": 1112,
        "Profit after tax corporate income": 18421,
        "Volume": 35879150,
        "Close of Quarter": 10.4,
        "EPS": 3368.8,
        "Non-adjusted EPS": 4319,
        "PE": 2.4,
        "Book Price": 17.6
      }
    },
    {
      "quarter": "Q3 2013",
      "income status": {
        "Net sales": 138037,
        "Cost of goods sold": 46189,
        "Gross Profit": 91848,
        "Financial expenses": 6550,
        "Of which: Interest expense": 6550,
        "Cost of sales": "N/A",
        "Enterprise cost management": 7704,
        "Total Operating Expenses": 14254,
        "Total revenue financing activities": 14,
        "Net profit from business activities": 77608,
        "Profit": "N/A",
        "Profit before tax": 77608,
        "Present corporate income tax expenses": 3880,
        "Deferred income taxes expenses": "N/A",
        "The interests of minority shareholders": "N/A",
        "Total Cost of profits": 3880,
        "Profit after tax corporate income": 73727,
        "Volume": 35879150,
        "Close of Quarter": 8.6,
        "EPS": 3764.3,
        "Non-adjusted EPS": 4826,
        "PE": 1.8,
        "Book Price": 15.5
      }
    },
    {
      "quarter": "Q2 2013",
      "income status": {
        "Net sales": 75554,
        "Cost of goods sold": 22993,
        "Gross Profit": 52561,
        "Financial expenses": 8771,
        "Of which: Interest expense": 6931,
        "Cost of sales": "N/A",
        "Enterprise cost management": 3995,
        "Total Operating Expenses": 12766,
        "Total revenue financing activities": 7232,
        "Net profit from business activities": 47027,
        "Profit": "N/A",
        "Profit before tax": 47027,
        "Present corporate income tax expenses": 2351,
        "Deferred income taxes expenses": "N/A",
        "The interests of minority shareholders": "N/A",
        "Total Cost of profits": 2351,
        "Profit after tax corporate income": 44675,
        "Volume": 35879150,
        "Close of Quarter": 7.8,
        "EPS": 3495.9,
        "Non-adjusted EPS": 4482,
        "PE": 1.7,
        "Book Price": 14.0
      }
    },
    {
      "quarter": "Q1 2013",
      "income status": {
        "Net sales": 46449,
        "Cost of goods sold": 16798,
        "Gross Profit": 29651,
        "Financial expenses": 6577,
        "Of which: Interest expense": 6577,
        "Cost of sales": "N/A",
        "Enterprise cost management": 4008,
        "Total Operating Expenses": 10585,
        "Total revenue financing activities": 14,
        "Net profit from business activities": 19080,
        "Profit": 5,
        "Profit before tax": 19085,
        "Present corporate income tax expenses": 955,
        "Deferred income taxes expenses": "N/A",
        "The interests of minority shareholders": "N/A",
        "Total Cost of profits": 955,
        "Profit after tax corporate income": 18130,
        "Volume": 35879150,
        "Close of Quarter": 7.2,
        "EPS": 3354.0,
        "Non-adjusted EPS": 4300,
        "PE": 1.7,
        "Book Price": 14.7
      }
    },
    {
      "quarter": "Q4 2012",
      "income status": {
        "Net sales": 54912,
        "Cost of goods sold": 40480,
        "Gross Profit": 14433,
        "Financial expenses": -26635,
        "Of which: Interest expense": -26780,
        "Cost of sales": "N/A",
        "Enterprise cost management": 5530,
        "Total Operating Expenses": -21105,
        "Total revenue financing activities": 11,
        "Net profit from business activities": 35549,
        "Profit": 31,
        "Profit before tax": 35580,
        "Present corporate income tax expenses": -1036,
        "Deferred income taxes expenses": "N/A",
        "The interests of minority shareholders": "N/A",
        "Total Cost of profits": -1036,
        "Profit after tax corporate income": 36616,
        "Volume": 35879150,
        "Close of Quarter": 5.9,
        "EPS": 3238.5,
        "Non-adjusted EPS": 4152,
        "PE": 1.4,
        "Book Price": 14.1
      }
    },
    {
      "quarter": "Q3 2012",
      "income status": {
        "Net sales": 136613,
        "Cost of goods sold": 45335,
        "Gross Profit": 91279,
        "Financial expenses": 20504,
        "Of which: Interest expense": 20504,
        "Cost of sales": "N/A",
        "Enterprise cost management": 6205,
        "Total Operating Expenses": 26709,
        "Total revenue financing activities": 26,
        "Net profit from business activities": 64596,
        "Profit": 26,
        "Profit before tax": 64622,
        "Present corporate income tax expenses": 3236,
        "Deferred income taxes expenses": "N/A",
        "The interests of minority shareholders": "N/A",
        "Total Cost of profits": 3236,
        "Profit after tax corporate income": 61385,
        "Volume": 35879150,
        "Close of Quarter": 5.7,
        "EPS": 3003.0,
        "Non-adjusted EPS": 3850,
        "PE": 1.5,
        "Book Price": 13.3
      }
    },
    {
      "quarter": "Q2 2012",
      "income status": {
        "Net sales": 100387,
        "Cost of goods sold": 38379,
        "Gross Profit": 62009,
        "Financial expenses": 15236,
        "Of which: Interest expense": 15236,
        "Cost of sales": "N/A",
        "Enterprise cost management": 4433,
        "Total Operating Expenses": 19669,
        "Total revenue financing activities": 30,
        "Net profit from business activities": 42370,
        "Profit": "N/A",
        "Profit before tax": 42370,
        "Present corporate income tax expenses": 4237,
        "Deferred income taxes expenses": "N/A",
        "The interests of minority shareholders": "N/A",
        "Total Cost of profits": 4237,
        "Profit after tax corporate income": 38133,
        "Volume": 35879150,
        "Close of Quarter": 5.5,
        "EPS": 2786.9,
        "Non-adjusted EPS": 3573,
        "PE": 1.5,
        "Book Price": 11.9
      }
    },
    {
      "quarter": "Q1 2012",
      "income status": {
        "Net sales": 52912,
        "Cost of goods sold": 18809,
        "Gross Profit": 34103,
        "Financial expenses": 15772,
        "Of which: Interest expense": 15772,
        "Cost of sales": "N/A",
        "Enterprise cost management": 3936,
        "Total Operating Expenses": 19708,
        "Total revenue financing activities": 6,
        "Net profit from business activities": 14401,
        "Profit": "N/A",
        "Profit before tax": 14401,
        "Present corporate income tax expenses": 1555,
        "Deferred income taxes expenses": "N/A",
        "The interests of minority shareholders": "N/A",
        "Total Cost of profits": 1555,
        "Profit after tax corporate income": 12846,
        "Volume": 35879150,
        "Close of Quarter": 4.7,
        "EPS": 2231.6,
        "Non-adjusted EPS": 2861,
        "PE": 1.6,
        "Book Price": 12.3
      }
    },
    {
      "quarter": "Q4 2011",
      "income status": {
        "Net sales": 97296,
        "Cost of goods sold": 34481,
        "Gross Profit": 62815,
        "Financial expenses": 29443,
        "Of which: Interest expense": 21559,
        "Cost of sales": "N/A",
        "Enterprise cost management": 6180,
        "Total Operating Expenses": 35623,
        "Total revenue financing activities": 489,
        "Net profit from business activities": 27681,
        "Profit": 99,
        "Profit before tax": 27781,
        "Present corporate income tax expenses": 2009,
        "Deferred income taxes expenses": "N/A",
        "The interests of minority shareholders": "N/A",
        "Total Cost of profits": 2009,
        "Profit after tax corporate income": 25772,
        "Volume": 35879150,
        "Close of Quarter": 4.1,
        "EPS": 2130.2,
        "Non-adjusted EPS": 2731,
        "PE": 1.5,
        "Book Price": 12.0
      }
    },
    {
      "quarter": "Q3 2011",
      "income status": {
        "Net sales": 121853,
        "Cost of goods sold": 32288,
        "Gross Profit": 89565,
        "Financial expenses": 27355,
        "Of which: Interest expense": 27355,
        "Cost of sales": "N/A",
        "Enterprise cost management": 5059,
        "Total Operating Expenses": 32414,
        "Total revenue financing activities": 31,
        "Net profit from business activities": 57181,
        "Profit": "N/A",
        "Profit before tax": 57181,
        "Present corporate income tax expenses": 5718,
        "Deferred income taxes expenses": "N/A",
        "The interests of minority shareholders": "N/A",
        "Total Cost of profits": 5718,
        "Profit after tax corporate income": 51463,
        "Volume": 35879150,
        "Close of Quarter": 4.0,
        "EPS": 2004.6,
        "Non-adjusted EPS": 2570,
        "PE": 1.6,
        "Book Price": 11.6
      }
    },
    {
      "quarter": "Q2 2011",
      "income status": {
        "Net sales": 41587,
        "Cost of goods sold": 15578,
        "Gross Profit": 26008,
        "Financial expenses": 9144,
        "Of which: Interest expense": 9144,
        "Cost of sales": "N/A",
        "Enterprise cost management": 2890,
        "Total Operating Expenses": 12034,
        "Total revenue financing activities": 5,
        "Net profit from business activities": 13979,
        "Profit": "N/A",
        "Profit before tax": 13979,
        "Present corporate income tax expenses": 1398,
        "Deferred income taxes expenses": "N/A",
        "The interests of minority shareholders": "N/A",
        "Total Cost of profits": 1398,
        "Profit after tax corporate income": 12582,
        "Volume": 35879150,
        "Close of Quarter": 3.5,
        "EPS": 1360.3,
        "Non-adjusted EPS": 1744,
        "PE": 2.0,
        "Book Price": 10.5
      }
    },
    {
      "quarter": "Q1 2011",
      "income status": {
        "Net sales": 26336,
        "Cost of goods sold": 9413,
        "Gross Profit": 16923,
        "Financial expenses": 4379,
        "Of which: Interest expense": 4379,
        "Cost of sales": "N/A",
        "Enterprise cost management": 3575,
        "Total Operating Expenses": 7954,
        "Total revenue financing activities": 8,
        "Net profit from business activities": 8977,
        "Profit": 104,
        "Profit before tax": 9081,
        "Present corporate income tax expenses": 908,
        "Deferred income taxes expenses": "N/A",
        "The interests of minority shareholders": "N/A",
        "Total Cost of profits": 908,
        "Profit after tax corporate income": 8173,
        "Volume": 35879150,
        "Close of Quarter": 4.4,
        "EPS": 1376.7,
        "Non-adjusted EPS": 1765,
        "PE": 2.5,
        "Book Price": 11.5
      }
    }
  ]
}